<mjloggm ver="2.3"><GO type="137" lobby="0"/><UN n0="%E3%81%A8%E3%82%93%E3%81%B3%74%77%74%68" n1="%E2%93%9D%4C%75%63%6B%79%4A" n2="%E7%B8%AB%E6%AD%8C" n3="%69%67%67%79" dan="12,12,12,11" rate="1967.35,1822.63,1874.51,1514.32" sx="M,M,M,M"/><TAIKYOKU oya="0"/><INIT seed="0,0,0,2,3,72" ten="250,250,250,250" oya="0" hai0="1,100,93,4,132,68,3,29,90,116,117,9,103" hai1="94,48,14,13,92,11,101,77,7,57,52,82,42" hai2="67,83,54,70,0,28,15,87,33,98,124,16,104" hai3="62,8,31,50,51,6,5,41,73,44,110,47,106"/><T96/><D68/><U120/><E120/><V109/><F104/><W60/><G110/><T112/><D112/><U133/><E133/><V99/><F124/><W135/><G135/><T134/><D134/><U25/><E25/><V56/><F0/><W55/><G106/><T84/><D132/><U2/><E42/><V123/><F123/><W10/><G73/><T108/><D29/><U69/><E69/><V40/><F40/><W78/><G78/><T75/><D75/><U19/><E101/><V58/><F109/><W122/><G122/><T23/><D108/><U127/><E127/><V129/><F129/><W81/><G81/><T95/><D1/><U118/><E118/><V32/><F32/><W49/><G31/><T128/><D23/><U37/><E37/><V126/><F70/><W63/><G41/><T18/><D18/><U130/><E130/><V12/><F12/><W21/><G21/><T24/><D24/><U121/><E121/><V119/><F119/><W105/><G105/><T59/><D128/><U66/><E66/><V107/><F107/><W30/><G55/><T80/><D59/><U27/><E27/><V88/><F28/><W79/><G79/><T35/><D35/><U86/><E2/><V34/><F34/><W113/><G30/><T111/><D111/><U76/><E77/><V53/><F33/><W36/><G36/><T131/><D131/><U61/><E61/><N who="2" m="38311" /><F54/><W71/><G71/><T64/><D64/><U38/><E38/><V89/><F126/><W97/><G113/><T115/><D115/><U26/><E26/><V43/><F43/><RYUUKYOKU ba="0,0" sc="250,15,250,15,250,-15,250,-15" hai0="3,4,9,80,84,90,93,95,96,100,103,116,117" hai1="7,11,13,14,19,48,52,57,76,82,86,92,94" /><INIT seed="0,1,0,4,1,125" ten="265,265,235,235" oya="0" hai0="88,16,3,0,102,98,20,28,66,50,10,81,34" hai1="25,60,55,90,115,56,87,39,91,118,58,135,106" hai2="121,105,45,7,51,122,62,21,110,75,54,27,8" hai3="104,1,79,70,82,123,84,57,43,52,13,132,114"/><T116/><D116/><U97/><E118/><V78/><F110/><W12/><G114/><T111/><D111/><U112/><E39/><V37/><F105/><W64/><G123/><T29/><D66/><U73/><E73/><V5/><F5/><W99/><G132/><T26/><D29/><U80/><E135/><V76/><F37/><W63/><G1/><T109/><D109/><U107/><E25/><V59/><F75/><W65/><G65/><T35/><D35/><U119/><E119/><V15/><F121/><W18/><G18/><T126/><D126/><U32/><E32/><V30/><REACH who="2" step="1"/><F122/><REACH who="2" ten="265,265,225,235" step="2"/><W61/><G43/><AGARI ba="1,1" hai="7,8,15,21,27,30,43,45,51,54,59,62,76,78" machi="43" ten="30,8000,1" yaku="1,1,2,1,7,1,8,1,53,1" doraHai="125" doraHaiUra="6" who="2" fromWho="3" sc="265,0,265,0,225,93,235,-83" /><INIT seed="1,0,0,1,0,105" ten="265,265,318,152" oya="1" hai0="81,132,86,92,106,99,59,8,118,18,25,49,113" hai1="21,88,100,117,23,75,31,40,11,91,30,87,48" hai2="134,80,7,13,122,38,119,55,111,37,33,72,56" hai3="115,26,54,6,36,17,124,108,85,42,46,20,28"/><U121/><E121/><V116/><F122/><W45/><G108/><T96/><D113/><U67/><E117/><V112/><F33/><W130/><G115/><T63/><D118/><U95/><E100/><V57/><F134/><W2/><G130/><T71/><D71/><U120/><E120/><V9/><F111/><W110/><G110/><T10/><D106/><U73/><E11/><V15/><F112/><W78/><G124/><T47/><D25/><U101/><E101/><V61/><F116/><W98/><G98/><T27/><D8/><U82/><E67/><V102/><F102/><W58/><G46/><T60/><D60/><U3/><E3/><V83/><F119/><W128/><G128/><T50/><D50/><U1/><E1/><V0/><F57/><W64/><G64/><T68/><D92/><U84/><E48/><V97/><F97/><W39/><G39/><T32/><D32/><U44/><E44/><V70/><F70/><W135/><G135/><T77/><D68/><U114/><E114/><V76/><F38/><W35/><G85/><T29/><D29/><U65/><E65/><V131/><F131/><W69/><G78/><T24/><D24/><U19/><E40/><V4/><F4/><W123/><G123/><T22/><D10/><U74/><REACH who="1" step="1"/><E23/><REACH who="1" ten="265,255,318,152" step="2"/><V126/><F37/><W129/><G129/><T53/><D132/><U94/><E94/><V107/><F107/><W62/><G69/><T79/><D77/><U133/><E133/><V125/><F83/><W127/><G2/><T109/><D109/><U66/><E66/><AGARI ba="0,1" hai="18,22,27,47,49,53,59,63,66,79,81,86,96,99" machi="66" ten="30,2000,0" yaku="7,1,8,1" doraHai="105" who="0" fromWho="1" sc="265,30,255,-20,318,0,152,0" /><INIT seed="2,0,0,4,3,96" ten="295,235,318,152" oya="2" hai0="80,50,37,92,65,16,107,9,129,12,88,102,77" hai1="43,54,86,32,123,68,17,49,105,128,33,3,85" hai2="5,8,74,40,21,126,10,44,42,79,101,127,57" hai3="24,76,104,51,11,75,94,58,117,2,115,122,18"/><V66/><F74/><W30/><G122/><T124/><D37/><U71/><E3/><V103/><F79/><W14/><G117/><T82/><D65/><U63/><E105/><V31/><F66/><W7/><G115/><T81/><D129/><U45/><E17/><V59/><F44/><W38/><G38/><T67/><D67/><U47/><E123/><V78/><F78/><W0/><G104/><T53/><D124/><N who="2" m="47658" /><F31/><W20/><G75/><T118/><D118/><U27/><E128/><V48/><F48/><W73/><G94/><T26/><D26/><U130/><E27/><V112/><F21/><W120/><G58/><N who="2" m="22025" /><F8/><W90/><G51/><T64/><D64/><U100/><E49/><V121/><F121/><W69/><G90/><T111/><D107/><U22/><E22/><V113/><F113/><W28/><G69/><T72/><D72/><U19/><E130/><V95/><F95/><W89/><G89/><T25/><D25/><U84/><E71/><V93/><F93/><W23/><G76/><T125/><D77/><U109/><E68/><V134/><F134/><W119/><G73/><T131/><D125/><U46/><E47/><V55/><F55/><W108/><G119/><T87/><D131/><U52/><E54/><V4/><F112/><W106/><G106/><T15/><D50/><U99/><E46/><V41/><F10/><W98/><G120/><T61/><D53/><U114/><E114/><V132/><F132/><W135/><G135/><T34/><D9/><U110/><E52/><V1/><F1/><W62/><G11/><N who="0" m="6175" /><D92/><U83/><E45/><RYUUKYOKU ba="0,0" sc="295,-10,235,-10,318,30,152,-10" hai2="4,5,40,41,42,101,103" /><INIT seed="2,1,0,0,1,89" ten="285,225,348,142" oya="2" hai0="74,77,92,102,49,32,107,44,99,94,113,81,37" hai1="10,60,103,66,30,18,16,55,97,58,101,117,5" hai2="78,121,28,47,88,104,6,11,119,26,8,57,50" hai3="4,127,69,86,128,65,118,79,27,108,43,31,19"/><V61/><F119/><W29/><G118/><T131/><D32/><U114/><E117/><V40/><F121/><W56/><G43/><T59/><D113/><U35/><E114/><V123/><F104/><W17/><G69/><T38/><D131/><U75/><E75/><V124/><F124/><W25/><G79/><T13/><D59/><U96/><E30/><N who="3" m="11274" /><G65/><T68/><D68/><U84/><E35/><V134/><F123/><W70/><G56/><T126/><D126/><U133/><E133/><V112/><F112/><W71/><G86/><T98/><D13/><U39/><E39/><V1/><F11/><W12/><G127/><T48/><D107/><U95/><E84/><V67/><F78/><W72/><G72/><T42/><REACH who="0" step="1"/><D48/><REACH who="0" ten="275,225,348,142" step="2"/><U80/><E66/><V46/><F46/><W3/><G71/><T62/><D62/><U85/><E10/><V111/><F134/><W21/><G70/><T0/><D0/><U90/><REACH who="1" step="1"/><E5/><REACH who="1" ten="275,215,348,142" step="2"/><V20/><F6/><W129/><G108/><T130/><D130/><U73/><E73/><V45/><F111/><W93/><G128/><T82/><D82/><U122/><E122/><V64/><F8/><N who="3" m="4103" /><G129/><T91/><AGARI ba="1,2" hai="37,38,42,44,49,74,77,81,91,92,94,98,99,102" machi="91" ten="20,8000,1" yaku="1,1,0,1,7,1,52,2,53,0" doraHai="89" doraHaiUra="110" who="0" fromWho="0" sc="275,103,215,-21,348,-41,142,-21" /><INIT seed="3,0,0,3,3,9" ten="378,194,307,121" oya="3" hai0="64,133,25,1,62,85,58,76,116,118,33,88,66" hai1="59,112,108,96,28,53,71,113,90,16,77,65,2" hai2="102,84,10,36,72,47,86,30,95,6,78,5,50" hai3="98,42,123,120,75,67,11,132,20,91,31,19,32"/><W117/><G75/><T35/><D1/><U8/><E71/><V29/><F36/><W69/><G69/><T81/><D133/><U17/><E65/><V60/><F72/><W103/><G117/><T15/><D66/><U115/><E28/><V100/><F78/><W122/><G67/><T127/><D127/><U52/><E77/><V57/><F5/><W74/><G74/><T107/><D107/><U119/><E108/><V105/><F105/><W13/><G42/><T94/><D33/><U18/><E119/><V79/><F79/><W126/><G91/><T97/><D35/><U124/><E124/><V135/><F135/><W55/><G132/><T41/><D41/><U92/><REACH who="1" step="1"/><E59/><REACH who="1" ten="378,184,307,121" step="2"/><V22/><F30/><W99/><G126/><T129/><D118/><U26/><E26/><V131/><F29/><W0/><G122/><T109/><D25/><U12/><E12/><V27/><F27/><W21/><G123/><T111/><D116/><U83/><E83/><V128/><F57/><W54/><G120/><T7/><D109/><U40/><E40/><V51/><F47/><W104/><G0/><T125/><D125/><U43/><E43/><V130/><F130/><W34/><G31/><T4/><D129/><U70/><E70/><V93/><F128/><W39/><G32/><T82/><D82/><U14/><E14/><V80/><F80/><W121/><G34/><T37/><D111/><U45/><E45/><V48/><F131/><W89/><G121/><T61/><D15/><U134/><E134/><V110/><F110/><W106/><G39/><T68/><D37/><RYUUKYOKU ba="0,1" sc="378,15,184,15,307,-15,121,-15" hai0="4,7,58,61,62,64,68,76,81,85,88,94,97" hai1="2,8,16,17,18,52,53,90,92,96,112,113,115" /><INIT seed="4,1,1,4,0,114" ten="393,199,292,106" oya="0" hai0="95,61,23,119,121,47,26,91,37,135,124,104,125" hai1="112,54,29,117,109,44,2,107,93,76,6,8,39" hai2="43,69,132,128,40,19,12,25,9,14,56,82,3" hai3="32,27,101,89,115,62,75,123,52,33,45,68,15"/><T105/><D121/><U85/><E107/><V13/><F69/><W57/><G115/><T74/><D74/><U77/><E112/><V133/><F128/><W84/><G123/><T59/><D135/><N who="2" m="51786" /><F82/><W21/><G75/><T87/><D37/><U90/><E109/><V49/><F3/><W0/><G101/><T126/><D47/><U42/><E29/><V73/><F73/><W63/><G0/><T30/><D119/><U130/><E130/><V50/><F9/><W70/><G15/><T120/><REACH who="0" step="1"/><D120/><REACH who="0" ten="383,199,292,106" step="2"/><U106/><E117/><V80/><F56/><W100/><G45/><T48/><D48/><N who="2" m="18538" /><F43/><W28/><G70/><T11/><D11/><U22/><E8/><V51/><F40/><W36/><G36/><T18/><D18/><U134/><E39/><V129/><F129/><W46/><G46/><T58/><D58/><U65/><E44/><V108/><F108/><W81/><G100/><T35/><D35/><U31/><E134/><V41/><F19/><W92/><G68/><T97/><D97/><U113/><E113/><V99/><F99/><W66/><G33/><T131/><D131/><U86/><E42/><V17/><F41/><W83/><G32/><T79/><D79/><U103/><E77/><V102/><F17/><W34/><G34/><T110/><D110/><U64/><E76/><V53/><F53/><AGARI ba="1,2" hai="23,26,30,53,59,61,87,91,95,104,105,124,125,126" machi="53" ten="40,3900,0" yaku="1,1,18,1,53,0" doraHai="114" doraHaiUra="111" who="0" fromWho="2" sc="383,62,199,0,292,-42,106,0" /><INIT seed="4,2,0,4,4,51" ten="445,199,250,106" oya="0" hai0="57,38,75,120,50,30,8,66,20,80,116,118,6" hai1="25,105,82,32,74,36,61,84,101,94,114,26,63" hai2="67,99,112,48,24,40,28,43,31,41,111,89,23" hai3="135,65,55,54,53,35,58,92,127,106,81,102,12"/><T91/><D38/><U69/><E36/><V100/><F111/><W121/><G106/><T19/><D120/><U129/><E129/><V15/><F112/><W115/><G35/><T123/><D30/><U29/><E26/><V13/><F67/><W83/><G121/><T4/><D4/><U130/><E130/><V14/><F31/><W88/><G115/><T16/><D19/><U0/><E0/><V44/><REACH who="2" step="1"/><F89/><REACH who="2" ten="445,199,240,106" step="2"/><W108/><G108/><T42/><D66/><U70/><E114/><V124/><F124/><W10/><G127/><T39/><D123/><U46/><E29/><V97/><F97/><N who="3" m="57479" /><G135/><T87/><D116/><U2/><E70/><V109/><F109/><W62/><G102/><T103/><D103/><U22/><E101/><V3/><F3/><W134/><G134/><T37/><D118/><U90/><E2/><V104/><AGARI ba="2,1" hai="13,14,15,23,24,28,40,41,43,44,48,99,100,104" machi="104" ten="30,2000,0" yaku="1,1,0,1,53,0" doraHai="51" doraHaiUra="56" who="2" fromWho="2" sc="445,-12,199,-7,240,36,106,-7" /><INIT seed="5,0,0,3,3,79" ten="433,192,276,99" oya="1" hai0="94,44,12,115,95,0,67,55,38,58,15,53,27" hai1="97,108,46,91,73,49,42,26,105,127,131,33,20" hai2="134,6,14,104,100,28,29,10,87,8,90,68,52" hai3="19,18,78,45,111,31,135,17,76,50,34,116,16"/><U84/><E73/><V120/><F68/><W70/><G70/><T112/><D0/><U77/><E127/><V81/><F120/><W7/><G111/><T61/><D27/><U66/><E108/><V22/><F22/><W65/><G135/><T133/><D133/><U75/><E131/><V83/><F100/><W69/><G116/><T110/><D110/><U89/><E75/><V107/><F134/><W96/><G96/><T74/><D74/><U86/><E33/><V106/><F52/><W9/><G65/><T114/><D55/><U32/><E32/><V59/><F59/><W60/><G69/><T122/><D122/><U93/><E105/><V37/><F37/><W48/><G60/><T99/><D95/><U92/><E77/><V113/><F113/><W98/><G98/><T40/><D53/><U82/><E66/><V85/><REACH who="2" step="1"/><F10/><REACH who="2" ten="433,192,266,99" step="2"/><W1/><G34/><T3/><D3/><U109/><E109/><V132/><F132/><W51/><G45/><T71/><D58/><U64/><E64/><V24/><F24/><W124/><G31/><T4/><D71/><U128/><E128/><V47/><F47/><W125/><N who="3" m="4096" /><DORA hai="62" /><W129/><REACH who="3" step="1"/><G129/><REACH who="3" ten="433,192,266,89" step="2"/><T117/><D67/><U103/><E26/><V41/><F41/><W54/><G54/><T126/><D40/><U130/><E130/><V80/><F80/><W36/><G36/><T25/><D44/><U21/><AGARI ba="0,2" hai="20,21,42,46,49,82,84,86,89,91,92,93,97,103" machi="21" ten="30,6000,0" yaku="0,1,8,1,52,1" doraHai="79,62" who="1" fromWho="1" sc="433,-20,192,80,266,-20,89,-20" /><INIT seed="5,1,0,1,5,28" ten="413,272,246,69" oya="1" hai0="91,4,107,90,24,63,102,49,27,80,132,135,110" hai1="57,108,42,98,64,131,7,1,14,97,45,83,48" hai2="40,58,114,129,81,100,79,133,101,13,2,71,82" hai3="120,23,116,0,68,73,125,46,130,105,92,17,56"/><U103/><E1/><V94/><F71/><W25/><G120/><T5/><D110/><U44/><E108/><V126/><F2/><W134/><G125/><T53/><D63/><U128/><E83/><N who="2" m="31755" /><F40/><W65/><G134/><T33/><D102/><N who="2" m="39530" /><F13/><W75/><G130/><N who="1" m="49706" /><E103/><V69/><F69/><W77/><G116/><T50/><D80/><U30/><E30/><V37/><F37/><W127/><G105/><T62/><D62/><N who="1" m="37967" /><E45/><V109/><F58/><W11/><G127/><T6/><D107/><U9/><AGARI ba="1,0" hai="7,9,14,42,44,48,97,98" m="37967,49706" machi="9" ten="30,1500,0" yaku="19,1" doraHai="28" who="1" fromWho="1" sc="413,-6,272,18,246,-6,69,-6" /><INIT seed="5,2,0,1,4,68" ten="407,290,240,63" oya="1" hai0="35,87,61,97,48,15,31,49,65,78,96,102,5" hai1="130,3,18,85,44,124,75,64,10,113,70,104,9" hai2="60,86,6,53,20,84,26,57,112,24,33,110,37" hai3="8,89,32,134,28,56,51,79,11,99,106,69,132"/><U52/><E75/><V66/><F110/><W54/><G69/><T30/><D78/><U133/><E104/><V63/><F6/><W58/><G79/><T45/><D87/><U83/><E124/><V93/><F33/><W109/><G109/><T71/><D97/><U42/><E113/><V72/><F72/><W90/><G106/><T67/><D30/><U122/><E122/><V107/><F107/><W14/><G32/><T73/><D73/><U4/><E130/><V126/><F126/><W19/><G28/><T43/><D15/><U77/><E133/><V105/><F105/><W16/><G99/><T38/><D5/><U80/><E83/><V101/><F84/><W50/><G14/><T82/><D82/><U0/><E64/><V2/><F2/><W22/><REACH who="3" step="1"/><G22/><REACH who="3" ten="407,290,240,53" step="2"/><T23/><D35/><U118/><E77/><V47/><F20/><W111/><G111/><T1/><D1/><U55/><E3/><V98/><F86/><W114/><G114/><T88/><D31/><U62/><E85/><V81/><F81/><W108/><G108/><T36/><D23/><U125/><E80/><V123/><F112/><W135/><G135/><T129/><D96/><U34/><E34/><V41/><REACH who="2" step="1"/><F123/><REACH who="2" ten="407,290,230,53" step="2"/><W117/><G117/><T127/><D127/><U12/><E118/><V39/><F39/><W25/><G25/><T131/><D36/><N who="1" m="21575" /><E125/><V128/><F128/><W21/><G21/><T100/><D131/><U13/><E0/><V27/><F27/><W74/><G74/><T29/><D129/><U116/><E116/><V7/><F7/><W94/><G94/><RYUUKYOKU ba="2,2" sc="407,-30,290,10,230,10,53,10" hai1="4,9,10,12,13,18,52,55,62,70" hai2="24,26,37,41,47,53,57,60,63,66,93,98,101" hai3="8,11,16,19,50,51,54,56,58,89,90,132,134" /><INIT seed="5,3,2,1,2,37" ten="377,300,240,63" oya="1" hai0="32,121,40,12,112,8,21,27,110,53,115,9,94" hai1="41,1,60,7,79,2,71,117,83,16,67,62,109" hai2="17,119,69,4,42,26,88,39,92,74,84,52,106" hai3="61,65,38,45,122,86,105,91,43,76,97,120,95"/><U3/><E117/><V103/><F119/><W29/><G105/><T98/><D110/><U104/><E109/><V36/><F69/><W22/><G76/><T15/><D32/><U118/><E118/><V24/><F4/><W44/><G45/><T14/><D53/><U128/><E128/><V131/><F74/><W96/><G86/><T100/><D121/><U132/><E132/><V68/><F68/><W28/><G97/><T13/><D40/><U125/><E125/><V47/><F36/><W102/><G29/><T90/><D90/><U108/><E62/><V123/><F17/><W59/><REACH who="3" step="1"/><G91/><REACH who="3" ten="377,300,240,53" step="2"/><T129/><D98/><U31/><E31/><V87/><F123/><W63/><G63/><T101/><D101/><U46/><E104/><V77/><F103/><W107/><G107/><T124/><D100/><U111/><E7/><V30/><F106/><W23/><G23/><T70/><D94/><U75/><E16/><V134/><F30/><W80/><G80/><T133/><D21/><U99/><E99/><V20/><F20/><W93/><G93/><T72/><D72/><U33/><E33/><V35/><F77/><W10/><G10/><T89/><D89/><U6/><E6/><V0/><F84/><W54/><G54/><T127/><D9/><U114/><E114/><V50/><F35/><W18/><G18/><T5/><D8/><U64/><E67/><V25/><F87/><W130/><G130/><T78/><D129/><U135/><E135/><V56/><F131/><W85/><G85/><T55/><D133/><U126/><E126/><V81/><F134/><RYUUKYOKU ba="3,3" sc="377,-15,300,15,240,-15,53,15" hai1="1,2,3,41,46,60,64,71,75,79,83,108,111" hai3="22,28,38,43,44,59,61,65,95,96,102,120,122" /><INIT seed="5,4,3,1,2,26" ten="362,315,225,68" oya="1" hai0="112,46,78,2,109,80,8,17,129,121,82,4,101" hai1="3,66,115,14,99,18,15,62,72,60,67,84,27" hai2="127,126,24,124,48,12,36,96,107,130,61,51,114" hai3="54,64,68,111,108,0,87,103,33,9,104,90,106"/><U116/><E72/><V71/><F130/><W38/><G54/><T135/><D109/><U132/><E3/><V7/><F36/><W91/><G90/><T53/><D129/><U41/><E116/><V123/><F123/><W30/><G91/><T31/><D135/><U43/><E115/><V52/><F114/><W59/><G87/><T20/><D112/><U22/><E99/><V98/><F71/><W113/><G59/><T21/><D101/><U63/><E132/><V100/><F96/><W47/><G113/><T88/><D121/><U92/><E92/><V97/><F97/><W35/><G103/><T45/><D21/><U1/><E1/><V75/><F75/><W57/><G57/><T119/><D119/><U16/><E84/><V39/><F39/><W118/><G118/><T70/><D70/><U94/><E94/><V65/><F51/><W42/><G111/><T110/><D110/><U25/><E63/><V95/><F107/><W79/><G79/><T10/><D10/><U50/><E22/><V44/><F65/><W128/><G128/><T76/><D82/><U93/><E93/><V131/><F61/><N who="3" m="39951" /><G108/><T81/><D81/><U85/><E85/><V29/><F131/><W55/><G55/><T86/><D17/><U28/><E50/><V102/><F7/><N who="3" m="1255" /><G35/><T32/><D32/><U13/><E15/><V34/><F100/><W69/><G69/><T73/><D76/><U37/><E37/><V23/><F23/><W49/><G49/><T89/><D86/><U117/><E117/><V83/><F83/><W6/><G6/><T11/><D4/><RYUUKYOKU ba="4,3" sc="362,-30,315,10,225,10,68,10" hai1="13,14,16,18,25,27,28,41,43,60,62,66,67" hai2="12,24,29,34,44,48,52,95,98,102,124,126,127" hai3="30,33,38,42,47,104,106" /><INIT seed="5,5,3,4,5,10" ten="332,325,235,78" oya="1" hai0="89,33,87,8,114,104,133,73,71,11,97,13,74" hai1="0,50,28,92,23,103,24,40,16,7,86,96,94" hai2="52,119,55,6,42,59,3,134,26,116,46,4,1" hai3="64,37,75,58,68,108,84,25,21,47,44,2,135"/><U77/><E0/><V63/><F134/><W83/><G2/><T126/><D33/><U45/><E7/><V105/><F105/><W128/><G108/><T93/><D71/><U30/><REACH who="1" step="1"/><E94/><REACH who="1" ten="332,315,235,78" step="2"/><V99/><F116/><W121/><G135/><T18/><D133/><U62/><E62/><V80/><F119/><W17/><G128/><T124/><D124/><U123/><E123/><V100/><F80/><AGARI ba="5,4" hai="16,23,24,28,30,40,45,50,77,80,86,92,96,103" machi="80" ten="40,7700,0" yaku="1,1,8,1,54,1,53,0" doraHai="10" doraHaiUra="35" who="1" fromWho="2" sc="332,0,315,132,235,-92,78,0" /><INIT seed="5,6,0,0,3,25" ten="332,447,143,78" oya="1" hai0="45,47,85,112,27,17,99,4,96,11,50,118,109" hai1="128,75,14,35,88,48,125,16,121,18,20,78,60" hai2="51,29,7,21,68,38,43,63,82,23,49,72,65" hai3="115,107,59,40,91,57,10,3,1,19,135,36,26"/><U116/><E35/><V114/><F114/><W53/><G107/><T81/><D109/><U100/><E121/><V92/><F7/><W95/><G135/><T74/><D74/><U22/><E116/><V110/><F110/><W58/><G115/><T67/><D112/><U32/><E32/><V54/><F72/><W61/><G36/><T42/><D67/><U94/><E125/><V39/><F82/><W98/><G40/><T130/><D130/><U93/><E60/><V56/><F92/><W64/><G64/><T120/><D120/><U105/><E105/><V8/><F8/><W89/><G91/><T46/><D118/><U13/><E128/><V83/><F83/><W113/><G113/><T126/><D126/><U101/><E75/><V133/><F29/><W108/><G108/><T131/><D131/><U44/><E78/><V122/><F23/><W55/><G58/><T15/><D46/><U33/><E33/><V80/><F80/><W119/><G119/><T84/><D84/><N who="1" m="52487" /><E93/><V106/><F21/><W117/><G117/><T34/><D47/><U104/><E104/><V134/><F106/><W6/><G6/><T123/><D123/><U24/><E24/><V52/><F122/><W41/><G10/><T76/><D34/><U71/><E71/><V12/><F12/><W90/><G41/><AGARI ba="6,0" hai="13,14,16,18,20,22,41,44,48,100,101" m="52487" machi="41" ten="30,5800,0" yaku="8,1,54,2" doraHai="25" who="1" fromWho="3" sc="332,0,447,76,143,0,78,-76" /><INIT seed="5,7,0,1,1,81" ten="332,523,143,2" oya="1" hai0="14,50,123,82,7,128,35,9,37,49,135,110,67" hai1="44,130,124,23,115,97,132,116,108,77,85,0,69" hai2="102,79,22,106,125,28,29,121,98,120,10,8,61" hai3="126,66,107,5,2,4,63,90,129,24,58,46,103"/><U56/><E69/><V51/><F125/><W88/><G129/><T32/><D50/><U20/><E0/><V45/><F61/><W89/><G107/><T17/><D49/><U19/><E132/><V59/><F59/><W87/><G126/><T43/><D67/><U48/><E115/><V11/><F22/><W93/><G2/><T74/><D43/><U113/><E116/><V65/><F65/><W16/><G46/><T13/><D82/><N who="1" m="47311" /><E108/><V104/><F51/><W80/><G103/><T34/><D74/><U76/><E113/><V91/><F45/><W114/><G114/><T62/><D62/><U1/><E1/><V70/><F70/><W40/><G40/><T57/><D57/><U95/><E130/><V42/><F42/><W134/><G134/><T26/><D37/><U36/><E36/><V111/><F79/><N who="3" m="46495" /><G93/><T86/><D128/><U122/><E124/><V127/><F127/><W53/><G66/><T133/><D135/><U99/><E95/><V118/><F111/><W68/><G68/><T25/><D110/><U41/><E76/><V54/><F118/><W72/><G72/><T105/><D105/><U38/><E38/><V101/><F106/><W64/><G64/><T3/><D133/><U47/><E47/><V6/><F104/><W119/><G119/><T94/><D123/><U71/><E122/><V117/><F117/><W21/><AGARI ba="7,0" hai="4,5,16,21,24,53,58,63,88,89,90" m="46495" machi="21" ten="30,7900,0" yaku="8,1,52,1,54,2" doraHai="81" who="3" fromWho="3" sc="332,-27,523,-46,143,-27,2,100" /><INIT seed="6,0,0,0,5,98" ten="305,477,116,102" oya="2" hai0="4,64,74,38,12,10,95,102,66,29,9,61,26" hai1="89,63,70,126,16,97,30,114,14,83,133,65,55" hai2="115,103,44,2,39,107,35,85,47,48,91,93,6" hai3="62,33,90,25,41,81,73,134,18,58,7,113,84"/><V37/><F115/><W23/><G134/><T96/><D74/><U0/><E0/><V22/><F35/><W87/><G113/><T82/><D38/><U75/><E114/><V117/><F117/><W27/><G73/><T43/><D43/><U45/><E30/><V20/><F6/><W108/><G108/><T135/><D135/><U131/><E131/><V78/><F2/><W121/><G121/><T79/><D9/><U110/><E126/><V86/><F78/><W11/><G41/><T51/><D51/><U68/><E70/><V77/><F77/><W105/><G105/><T72/><REACH who="0" step="1"/><D61/><REACH who="0" ten="295,477,116,102" step="2"/><U132/><E63/><V128/><F128/><W28/><G62/><T31/><D31/><U32/><E133/><V118/><F39/><W123/><G123/><T49/><D49/><U116/><E75/><V24/><F37/><W46/><G11/><T109/><D109/><U127/><E110/><V52/><F48/><W21/><G33/><AGARI ba="0,1" hai="4,10,12,26,29,33,64,66,72,79,82,95,96,102" machi="33" ten="30,3900,0" yaku="1,1,7,1,52,1,53,0" doraHai="98" doraHaiUra="15" who="0" fromWho="3" sc="295,49,477,0,116,0,102,-39" /><INIT seed="7,0,0,1,2,125" ten="344,477,116,63" oya="3" hai0="93,15,108,118,68,9,53,13,1,67,33,120,117" hai1="21,88,79,81,87,110,47,50,29,64,97,10,4" hai2="92,23,94,128,127,5,101,20,3,40,124,116,105" hai3="129,106,99,113,7,19,75,130,78,83,44,89,34"/><W28/><G7/><T41/><D53/><U17/><E110/><V132/><F116/><W100/><G19/><T71/><D93/><N who="1" m="56487" /><E64/><V115/><F105/><W123/><G44/><T61/><D61/><U114/><E114/><V12/><F40/><W16/><G16/><T121/><D41/><N who="1" m="24943" /><E29/><V6/><F115/><W37/><G113/><T102/><D102/><U95/><E95/><V63/><F132/><W109/><G37/><T2/><D9/><U72/><E72/><V36/><F36/><W32/><G109/><T74/><D67/><U52/><E52/><V62/><F3/><W90/><G28/><T51/><D51/><U131/><E131/><N who="3" m="50186" /><G123/><T73/><D108/><U24/><E10/><V18/><F18/><W30/><G30/><T84/><D84/><U82/><E82/><V134/><F128/><W35/><AGARI ba="0,0" hai="32,34,35,75,78,83,89,90,99,100,106" m="50186" machi="35" ten="40,12000,1" yaku="19,1,52,3" doraHai="125" who="3" fromWho="3" sc="344,-40,477,-40,116,-40,63,120" /><INIT seed="7,1,0,5,1,127" ten="304,437,76,183" oya="3" hai0="63,66,71,1,99,30,80,87,65,48,125,0,12" hai1="100,78,88,131,82,111,8,13,2,115,72,105,59" hai2="91,33,119,102,135,17,44,77,126,62,47,73,113" hai3="4,97,116,31,38,133,79,21,50,134,114,64,58"/><W129/><G38/><T96/><D125/><U130/><E111/><V98/><F119/><W110/><G79/><T118/><D118/><U3/><E59/><V132/><F126/><W18/><G97/><T123/><D123/><U35/><E35/><V6/><F33/><W85/><G116/><T45/><D66/><U68/><E68/><V11/><F17/><W22/><G85/><T42/><D1/><U56/><E56/><V26/><F26/><N who="3" m="16855" /><G114/><T36/><D0/><N who="1" m="43" /><E88/><V61/><F11/><W20/><G64/><T94/><D30/><U19/><E100/><V76/><F6/><W52/><G110/><T70/><D70/><U57/><E105/><V75/><F102/><W49/><G50/><T108/><D94/><U28/><E28/><V81/><F81/><W39/><G39/><T16/><D36/><U89/><E89/><V122/><F91/><W84/><G84/><T67/><D67/><U43/><E115/><V9/><F113/><W69/><G69/><T46/><D46/><U37/><E57/><V55/><F98/><W34/><G34/><T5/><D108/><U120/><E120/><V24/><F24/><N who="3" m="14359" /><G4/><T40/><D5/><U60/><E60/><V41/><F122/><W10/><G10/><T90/><D40/><U14/><E43/><V93/><F93/><W25/><G129/><N who="1" m="49162" /><E37/><V74/><F41/><W23/><G25/><T128/><D128/><U86/><E86/><V104/><F104/><W124/><G124/><T112/><D112/><U103/><E103/><V27/><F27/><W29/><G29/><T83/><D80/><U7/><E7/><RYUUKYOKU ba="1,0" sc="304,10,437,10,76,-30,183,10" hai0="12,16,42,45,48,63,65,71,83,87,90,96,99" hai1="8,13,14,19,72,78,82" hai3="21,23,49,52,58,133,134" /><INIT seed="7,2,0,4,0,113" ten="314,447,46,193" oya="3" hai0="118,135,71,123,57,110,133,107,10,14,61,81,89" hai1="0,28,93,53,90,105,85,18,48,73,42,116,70" hai2="69,131,117,5,30,126,56,7,60,16,49,72,2" hai3="130,12,115,4,45,58,13,103,78,65,37,109,15"/><W106/><G115/><T19/><D123/><U41/><E70/><V3/><F72/><W79/><G130/><T76/><D110/><U64/><E0/><V96/><F96/><W91/><G4/><T33/><D33/><U29/><E64/><V82/><F82/><W1/><G1/><T121/><D121/><U50/><E116/><V55/><F30/><N who="1" m="11881" /><E105/><V128/><F69/><W39/><G109/><T20/><D71/><U24/><E73/><V132/><F60/><W134/><G134/><T74/><D107/><U46/><E50/><V127/><F16/><W125/><G125/><N who="2" m="47625" /><F3/><W86/><G106/><T92/><D133/><U23/><AGARI ba="2,0" hai="18,23,24,41,42,46,48,53,85,90,93" m="11881" machi="23" ten="30,1100,0" yaku="8,1" doraHai="113" who="1" fromWho="1" sc="314,-5,447,17,46,-5,193,-7" owari="309,10.9,464,56.4,41,-45.9,186,-21.4" /></mjloggm>