<mjloggm ver="2.3"><GO type="41" lobby="0"/><UN n0="%E3%83%9E%E3%83%8F%E3%83%AD" n1="%E3%82%8C%E3%83%BC%E3%81%A1%E3%82%83%E3%82%93" n2="%61%67%65%33%30%34%38" n3="%E2%93%9D%4C%75%63%6B%79%4A" dan="13,13,14,17" rate="1843.36,1953.70,1900.66,2161.54" sx="M,F,M,M"/><TAIKYOKU oya="0"/><INIT seed="0,0,0,4,0,83" ten="250,250,250,250" oya="0" hai0="30,41,55,121,3,92,22,70,112,67,20,43,122" hai1="64,65,62,95,100,40,68,2,35,19,113,93,37" hai2="85,63,135,42,79,124,89,77,129,130,128,76,25" hai3="56,47,53,127,26,116,87,45,29,102,126,1,60"/><T111/><D3/><U105/><E2/><V72/><F42/><W133/><G116/><T50/><D112/><U131/><E131/><V91/><F72/><W34/><G1/><T123/><D70/><U31/><E113/><V7/><F7/><W103/><G133/><T46/><D67/><U81/><E65/><V80/><F135/><W61/><G61/><T66/><D66/><U106/><E81/><V15/><F15/><W74/><G74/><T118/><D118/><U110/><E110/><V71/><F25/><W21/><G34/><T117/><D117/><U14/><E106/><V88/><F124/><N who="3" m="47659" /><G87/><T4/><D4/><U48/><E48/><V120/><F120/><W75/><G75/><T109/><D92/><U17/><E40/><N who="0" m="15433" /><D30/><U32/><E32/><V18/><F18/><W115/><G115/><T57/><D46/><AGARI ba="0,0" hai="21,26,29,45,46,47,53,56,60,102,103" m="47659" machi="46" ten="30,1000,0" yaku="18,1" doraHai="83" who="3" fromWho="0" sc="250,-10,250,0,250,0,250,10" /><INIT seed="1,0,0,2,0,53" ten="240,250,250,260" oya="1" hai0="26,57,96,55,134,67,73,54,127,133,108,119,56" hai1="114,135,24,121,97,37,28,50,1,100,46,92,10" hai2="89,125,17,88,103,69,111,91,87,74,43,132,5" hai3="112,45,14,2,78,66,23,8,6,124,62,128,71"/><U22/><E114/><V80/><F69/><W0/><G112/><T60/><D73/><U120/><E135/><N who="0" m="51721" /><D119/><U70/><E70/><V104/><F132/><W64/><G66/><T76/><D76/><U126/><E126/><V3/><F43/><W59/><G124/><T95/><D127/><U51/><E37/><V93/><F125/><W33/><G33/><T7/><D67/><U52/><REACH who="1" step="1"/><E50/><REACH who="1" ten="240,240,250,260" step="2"/><V39/><F39/><W85/><G71/><T29/><D108/><U72/><E72/><V113/><F113/><W58/><G64/><T98/><D60/><U30/><E30/><V68/><F68/><W47/><G62/><T34/><D7/><AGARI ba="0,1" hai="1,7,10,22,24,28,46,51,52,92,97,100,120,121" machi="7" ten="40,3900,0" yaku="1,1,54,1,53,0" doraHai="53" doraHaiUra="123" who="1" fromWho="0" sc="240,-39,240,49,250,0,260,0" /><INIT seed="1,1,0,3,3,55" ten="201,289,250,260" oya="1" hai0="123,104,79,61,124,95,7,21,122,109,15,80,42" hai1="121,3,106,28,110,67,66,101,89,129,96,60,74" hai2="49,33,84,9,92,86,40,57,11,82,126,43,72" hai3="69,27,76,1,58,23,91,30,36,31,65,87,133"/><U12/><E3/><V119/><F119/><W56/><G36/><T120/><D104/><U125/><E121/><V98/><F33/><W97/><G1/><T6/><D124/><U2/><E2/><V108/><F108/><W73/><G73/><T75/><D109/><U10/><E125/><V117/><F117/><W90/><G69/><T18/><D42/><U44/><E129/><V14/><F72/><W17/><G65/><T38/><D38/><U100/><E100/><V77/><F86/><W35/><G133/><T102/><D61/><U115/><E115/><V62/><F49/><W103/><G76/><T85/><REACH who="0" step="1"/><D85/><REACH who="0" ten="191,289,250,260" step="2"/><U68/><E110/><V46/><F126/><W131/><G131/><T51/><D51/><U47/><E74/><V111/><F111/><W107/><G31/><T113/><D113/><U70/><E28/><V20/><F43/><W32/><G35/><T13/><D13/><U53/><E68/><V134/><F134/><W130/><G130/><T118/><D118/><U94/><E67/><V19/><F40/><W39/><G39/><T71/><D71/><U26/><E26/><V52/><REACH who="2" step="1"/><F46/><REACH who="2" ten="191,289,240,260" step="2"/><W50/><G50/><T34/><D34/><U29/><E47/><V93/><F93/><W63/><G32/><T37/><D37/><U54/><E44/><V8/><F8/><W59/><G87/><T99/><AGARI ba="1,2" hai="6,7,15,18,21,75,79,80,95,99,102,120,122,123" machi="99" ten="40,5200,0" yaku="1,1,0,1,13,1,53,0" doraHai="55" doraHaiUra="112" who="0" fromWho="0" sc="191,75,289,-27,240,-14,260,-14" /><INIT seed="2,0,0,1,3,113" ten="266,262,226,246" oya="2" hai0="35,31,125,71,39,32,43,15,135,74,45,66,76" hai1="88,8,53,25,7,10,73,47,90,93,128,132,59" hai2="84,42,30,104,14,118,122,2,123,78,13,28,55" hai3="50,82,109,58,101,21,96,91,115,57,108,86,79"/><V49/><F118/><W62/><G50/><T17/><D135/><U106/><E106/><V69/><F2/><W119/><G58/><T92/><D31/><U85/><E73/><V80/><F104/><N who="3" m="63527" /><G21/><T36/><D39/><U131/><E132/><V24/><F69/><W134/><G57/><T77/><D92/><U68/><E68/><V111/><F111/><N who="3" m="42571" /><G62/><T40/><D40/><U33/><E47/><V121/><F42/><W6/><G6/><T127/><D66/><U18/><E33/><N who="0" m="12873" /><D74/><U70/><E70/><V61/><F61/><W5/><G5/><T16/><D71/><U3/><E25/><V110/><F110/><W46/><G46/><T124/><D15/><U63/><E18/><AGARI ba="0,0" hai="16,17,18,36,43,45,76,77,124,125,127" m="12873" machi="18" ten="40,2600,0" yaku="18,1,54,1" doraHai="113" who="0" fromWho="1" sc="266,26,262,-26,226,0,246,0" /><INIT seed="3,0,0,1,3,17" ten="292,236,226,246" oya="3" hai0="48,52,133,83,34,128,117,92,61,31,99,41,38" hai1="100,71,96,2,70,7,20,27,37,28,57,82,18" hai2="81,39,76,44,107,135,65,11,126,94,51,118,35" hai3="68,115,47,111,102,73,131,95,88,86,5,122,55"/><W22/><G122/><T75/><D117/><U85/><E37/><V112/><F118/><W121/><G121/><T56/><D133/><U72/><E72/><V98/><F112/><W6/><G68/><T45/><D128/><U74/><E74/><V63/><F39/><W108/><G73/><T67/><D75/><U114/><E114/><V62/><F35/><W127/><G115/><T43/><D83/><U78/><E57/><V69/><F62/><W109/><G127/><T30/><D43/><U132/><E132/><V113/><F113/><W24/><G102/><T87/><D87/><U3/><E3/><V21/><F107/><W19/><G131/><T49/><D48/><AGARI ba="0,0" hai="5,6,19,22,24,47,48,55,86,88,95,108,109,111" machi="48" ten="40,12000,1" yaku="14,1,10,1,52,1,54,1" doraHai="17" who="3" fromWho="0" sc="292,-120,236,0,226,0,246,120" /><INIT seed="3,1,0,4,0,32" ten="172,236,226,366" oya="3" hai0="123,64,118,42,132,23,44,90,116,9,134,8,85" hai1="28,20,58,121,129,111,73,41,109,78,59,48,113" hai2="67,66,99,49,77,19,114,47,135,61,107,112,101" hai3="55,86,37,2,72,84,4,6,92,24,5,76,80"/><W115/><G115/><T130/><D123/><U133/><E121/><V35/><F35/><W17/><G37/><T94/><D64/><U98/><E113/><V124/><F66/><W120/><G120/><T52/><D23/><U126/><E133/><V70/><F135/><N who="0" m="51754" /><D42/><U31/><E126/><V56/><F124/><W15/><G24/><T81/><D81/><U50/><E129/><V34/><F34/><W74/><G74/><T83/><D83/><U38/><E38/><V29/><F29/><W91/><G72/><T18/><D18/><U69/><E69/><V97/><F77/><W89/><G76/><T100/><D100/><U46/><E98/><V105/><F70/><W71/><G71/><T122/><D130/><U127/><E127/><V95/><F19/><W54/><REACH who="3" step="1"/><G2/><REACH who="3" ten="172,236,226,356" step="2"/><T33/><D122/><U27/><E73/><V14/><F14/><W65/><G65/><T45/><D33/><U119/><E78/><V88/><REACH who="2" step="1"/><F105/><REACH who="2" ten="172,236,216,356" step="2"/><W22/><AGARI ba="1,2" hai="4,5,6,15,17,22,54,55,80,84,86,89,91,92" machi="22" ten="30,11700,0" yaku="1,1,0,1,8,1,53,1" doraHai="32" doraHaiUra="13" who="3" fromWho="3" sc="172,-40,236,-40,216,-40,356,140" /><INIT seed="3,2,0,0,3,92" ten="132,196,176,496" oya="3" hai0="50,14,30,113,96,118,103,56,4,97,59,108,54" hai1="102,26,134,31,81,87,57,98,66,116,94,79,32" hai2="101,34,3,17,55,35,105,13,60,111,63,133,123" hai3="37,130,42,73,20,2,28,83,85,100,78,12,110"/><W9/><G130/><T82/><D118/><U91/><E134/><V49/><F3/><W122/><G122/><T27/><D82/><U93/><E116/><V71/><F133/><W24/><G110/><T15/><D108/><U36/><E36/><V99/><F111/><W89/><G2/><T75/><D75/><U10/><E93/><V126/><F126/><W76/><G73/><T40/><D40/><U114/><E114/><V25/><F123/><W120/><G120/><T125/><D125/><U16/><E66/><V84/><F84/><W33/><G33/><T86/><D86/><U62/><E62/><V43/><F43/><W46/><REACH who="3" step="1"/><G100/><REACH who="3" ten="132,196,176,486" step="2"/><T58/><D103/><U52/><E102/><V80/><F35/><W69/><G69/><T117/><D117/><U109/><E109/><V6/><F71/><W29/><G29/><T1/><D1/><U11/><E32/><V95/><F105/><W72/><G72/><T41/><D113/><U115/><E31/><V22/><F34/><W51/><G51/><T107/><D107/><U65/><E115/><V38/><F38/><W45/><G45/><T119/><D119/><U121/><E121/><V104/><F104/><W5/><AGARI ba="2,1" hai="5,9,12,20,24,28,37,42,46,76,78,83,85,89" machi="5" ten="20,3900,0" yaku="1,1,0,1,7,1,53,0" doraHai="92" doraHaiUra="112" who="3" fromWho="3" sc="132,-15,196,-15,176,-15,486,55" /><INIT seed="3,3,0,2,4,111" ten="117,181,161,541" oya="3" hai0="116,88,132,120,117,26,28,126,43,83,4,23,17" hai1="134,133,82,109,39,42,21,8,37,86,135,62,114" hai2="108,129,75,32,47,130,113,12,45,6,58,54,19" hai3="67,107,100,49,40,29,74,65,51,104,24,79,127"/><W69/><G127/><T48/><D120/><U70/><E109/><V72/><F108/><W64/><G69/><T10/><D126/><U119/><E119/><V93/><F32/><W27/><G100/><T125/><D125/><U85/><E8/><V76/><F6/><W115/><G79/><T92/><D83/><U53/><E21/><V98/><F76/><W57/><G40/><T3/><D132/><U84/><E82/><V56/><F56/><W63/><G74/><T35/><D48/><U90/><E90/><V71/><F71/><W41/><G41/><T44/><D44/><N who="1" m="23631" /><E39/><V87/><F87/><W22/><G107/><T97/><REACH who="0" step="1"/><D43/><REACH who="0" ten="107,181,161,541" step="2"/><U68/><E68/><V25/><F47/><W13/><G51/><T55/><D55/><U46/><E70/><V36/><F45/><W9/><G49/><T123/><D123/><U95/><E62/><V110/><F36/><W99/><G63/><T14/><AGARI ba="3,1" hai="3,4,10,14,17,23,26,28,35,88,92,97,116,117" machi="14" ten="20,12000,2" yaku="1,1,0,1,7,1,24,2,54,1,53,0" doraHai="111" doraHaiUra="50" who="0" fromWho="0" sc="107,139,181,-33,161,-33,541,-63" /><INIT seed="4,0,0,5,4,13" ten="246,148,128,478" oya="0" hai0="70,94,42,115,57,64,81,38,61,97,2,106,45" hai1="87,89,46,28,39,91,90,78,12,1,16,82,10" hai2="107,43,134,9,11,60,123,80,25,128,76,109,135" hai3="124,93,58,47,20,75,108,14,67,118,18,23,17"/><T116/><D116/><U19/><E28/><V110/><F107/><W30/><G118/><T79/><D106/><U48/><E39/><V27/><F43/><W98/><G108/><T22/><D2/><U3/><E3/><V119/><F119/><W117/><G124/><T125/><D125/><U26/><E26/><V33/><F60/><N who="3" m="38295" /><G75/><T88/><D115/><U74/><E74/><V62/><F62/><W7/><G47/><T77/><D77/><U34/><E34/><V29/><F80/><W102/><G117/><T105/><D105/><U99/><E99/><V15/><F76/><W41/><G41/><T72/><REACH who="0" step="1"/><D22/><REACH who="0" ten="236,148,128,478" step="2"/><N who="3" m="8233" /><G30/><T104/><D104/><U126/><E126/><V0/><F27/><W65/><G65/><T53/><D53/><N who="1" m="29847" /><E1/><V92/><F123/><W112/><G112/><T86/><D86/><U85/><E85/><V132/><F92/><W68/><G68/><AGARI ba="0,1" hai="38,42,45,57,61,64,68,70,72,79,81,88,94,97" machi="68" ten="40,7700,0" yaku="1,1,54,1,53,1" doraHai="13" doraHaiUra="37" who="0" fromWho="3" sc="236,87,148,0,128,0,478,-77" /><INIT seed="4,1,0,4,0,15" ten="323,148,128,401" oya="0" hai0="16,75,115,13,124,0,113,98,92,41,106,103,26" hai1="129,54,99,116,37,43,60,58,32,88,70,131,119" hai2="8,66,133,117,27,79,91,12,55,25,57,40,122" hai3="111,31,36,74,53,45,82,49,77,46,3,29,6"/><T38/><D75/><U22/><E32/><V34/><F122/><W18/><G111/><T125/><D0/><U33/><E33/><V11/><F117/><W126/><G126/><N who="0" m="48747" /><D26/><U120/><E120/><V84/><F66/><W94/><G94/><T65/><D65/><U81/><E22/><V44/><F79/><W85/><G85/><T62/><D62/><U90/><E90/><V71/><F71/><W69/><G69/><T114/><D41/><U63/><E70/><V87/><F87/><W59/><G46/><T17/><D13/><U68/><E68/><V96/><F96/><W121/><G121/><T134/><D134/><U76/><E99/><V48/><F133/><W2/><G3/><T86/><D38/><U112/><E112/><V24/><F34/><W130/><G36/><T80/><D106/><U127/><E127/><V100/><F100/><W72/><G2/><T21/><D21/><U110/><E37/><V50/><REACH who="2" step="1"/><F12/><REACH who="2" ten="323,148,118,401" step="2"/><W14/><G14/><T56/><D56/><U123/><E123/><V73/><F73/><W93/><G74/><T64/><D64/><U19/><E76/><AGARI ba="1,1" hai="16,17,76,80,86,92,98,103,113,114,115" m="48747" machi="76" ten="40,12000,1" yaku="15,1,18,1,52,2,54,1" doraHai="15" who="0" fromWho="1" sc="323,133,148,-123,118,0,401,0" /><INIT seed="4,2,0,1,2,72" ten="456,25,118,401" oya="0" hai0="124,14,101,67,122,121,7,6,16,133,94,2,102" hai1="1,56,27,30,48,111,65,74,80,128,71,114,76" hai2="47,53,97,29,119,90,61,33,25,66,42,57,32" hai3="15,110,99,79,13,34,3,11,20,117,45,60,108"/><T18/><D2/><U87/><E111/><V77/><F119/><W113/><G117/><T129/><D67/><U126/><E1/><V86/><F33/><W43/><G34/><T46/><D46/><U31/><E126/><V84/><F97/><W36/><G113/><T51/><D51/><U69/><E128/><V89/><F66/><W135/><G135/><T96/><D124/><U26/><E114/><V127/><F127/><W106/><G60/><T115/><D133/><U64/><E64/><V49/><F86/><W23/><G15/><T134/><D134/><U120/><E74/><V118/><F118/><W109/><G3/><T131/><D115/><U95/><E95/><V50/><F61/><W8/><G11/><T59/><D59/><U116/><E120/><V98/><F98/><W21/><G99/><T63/><D63/><U28/><E116/><V62/><F62/><W39/><G106/><T130/><D102/><U93/><E65/><V12/><F12/><W73/><G39/><T55/><D55/><N who="1" m="31847" /><E71/><V22/><F32/><W37/><G37/><T68/><D68/><U105/><E105/><V83/><AGARI ba="2,0" hai="22,25,29,42,47,49,50,53,57,77,83,84,89,90" machi="83" ten="30,4000,0" yaku="0,1,8,1,52,1" doraHai="72" who="2" fromWho="2" sc="456,-22,25,-12,118,46,401,-12" /><INIT seed="5,0,0,0,1,22" ten="434,13,164,389" oya="1" hai0="97,57,81,83,7,126,17,66,71,117,36,85,122" hai1="46,9,27,0,11,55,50,51,112,58,59,26,1" hai2="45,93,6,86,88,10,120,127,2,84,15,38,49" hai3="30,23,31,8,35,76,72,105,125,100,98,95,132"/><U129/><E129/><V39/><F120/><W79/><G35/><T32/><D117/><U43/><E112/><V82/><F127/><W44/><G125/><T53/><D36/><U134/><E134/><V21/><F2/><W94/><G8/><N who="1" m="3146" /><E1/><V28/><F28/><W128/><G31/><T131/><D32/><U47/><E0/><V16/><F6/><W87/><G44/><T29/><D29/><U61/><E59/><V13/><F13/><W56/><G56/><T54/><D7/><U65/><AGARI ba="0,0" hai="26,27,43,46,47,50,51,55,58,61,65" m="3146" machi="65" ten="30,6000,0" yaku="8,1,52,2" doraHai="22" who="1" fromWho="1" sc="434,-20,13,60,164,-20,389,-20" /><INIT seed="5,1,0,1,4,95" ten="414,73,144,369" oya="1" hai0="93,42,55,48,29,70,111,66,19,35,94,17,91" hai1="114,97,6,22,122,120,62,16,65,130,15,75,38" hai2="69,83,49,61,52,59,4,113,108,39,112,100,88" hai3="89,43,32,20,106,102,87,10,18,92,116,128,103"/><U81/><E38/><V7/><F108/><W9/><G32/><T24/><D111/><U84/><E75/><V76/><F39/><W126/><G126/><T8/><D94/><U117/><E114/><V21/><F100/><W98/><G128/><T36/><D8/><U58/><E130/><V37/><F37/><W64/><G116/><T50/><D48/><U56/><E6/><V107/><F107/><W26/><G64/><T74/><D42/><U11/><E11/><V118/><F118/><W109/><G109/><T25/><D25/><U53/><E117/><V0/><F0/><W46/><REACH who="3" step="1"/><G103/><REACH who="3" ten="414,73,144,359" step="2"/><T77/><D36/><AGARI ba="1,1" hai="9,10,18,20,26,36,43,46,87,89,92,98,102,106" machi="36" ten="30,7700,0" yaku="1,1,2,1,7,1,52,1,53,0" doraHai="95" doraHaiUra="73" who="3" fromWho="0" sc="414,-80,73,0,144,0,359,90" /><INIT seed="6,0,0,1,2,115" ten="334,73,144,449" oya="2" hai0="26,21,71,41,118,119,53,72,62,57,45,107,85" hai1="61,84,94,78,52,91,95,79,103,36,86,6,25" hai2="18,70,2,124,43,9,42,68,128,83,123,109,59" hai3="12,134,104,132,24,66,56,39,96,1,30,101,11"/><V97/><F123/><W15/><G39/><T5/><D72/><U125/><E125/><V114/><F114/><W92/><G104/><T10/><D107/><U77/><E36/><V63/><F124/><W35/><G66/><T13/><D85/><U90/><E6/><V32/><F32/><W34/><G56/><T89/><D89/><U37/><E37/><V54/><F128/><W31/><G101/><T102/><D102/><U129/><E25/><V112/><F112/><W74/><G92/><T65/><D21/><U73/><E129/><V40/><F109/><W80/><G96/><T122/><D26/><U99/><E61/><V81/><F97/><W82/><G74/><T126/><D122/><U87/><E52/><V48/><F2/><W100/><G100/><T121/><D121/><U17/><E17/><V20/><F9/><W88/><G88/><N who="1" m="33834" /><E73/><V7/><F7/><N who="3" m="1519" /><G82/><T120/><D126/><U8/><E8/><V111/><F111/><W116/><G80/><N who="2" m="30793" /><F68/><W50/><G35/><T106/><D106/><AGARI ba="0,0" hai="77,78,79,84,86,87,94,95,99,103,106" m="33834" machi="106" ten="30,12000,2" yaku="35,5,54,1" doraHai="115" who="1" fromWho="0" sc="334,-120,73,120,144,0,449,0" /><INIT seed="7,0,0,4,2,115" ten="214,193,144,449" oya="3" hai0="30,120,98,64,32,4,57,111,73,84,58,102,92" hai1="56,67,11,61,112,122,123,87,126,7,53,131,27" hai2="63,25,66,110,119,34,130,8,20,50,12,0,133" hai3="40,52,74,90,77,6,24,14,89,93,16,107,65"/><W22/><G77/><T121/><D73/><U29/><E112/><V1/><F50/><W109/><G107/><T95/><D111/><U103/><E103/><V117/><F63/><W86/><G74/><T68/><D68/><U96/><E96/><V76/><F34/><W97/><G65/><T75/><D75/><U113/><E113/><V79/><F66/><W99/><G40/><T118/><D4/><U100/><E100/><V129/><F76/><W28/><G6/><T38/><D38/><U72/><E126/><V42/><F79/><W19/><G19/><T15/><D15/><U125/><E125/><V104/><F42/><W39/><G39/><T88/><D118/><N who="2" m="45066" /><F104/><W2/><G90/><T101/><D101/><U23/><E131/><N who="2" m="50187" /><F133/><W49/><G89/><T134/><D134/><U70/><E72/><V62/><F62/><W80/><G49/><T36/><D36/><U37/><E37/><V17/><F110/><W48/><G48/><T21/><D64/><U78/><E70/><V71/><F71/><W105/><G105/><T35/><D35/><U43/><E43/><V106/><F106/><W26/><G52/><T47/><D32/><U18/><E67/><V9/><F9/><W44/><G109/><T135/><D135/><U85/><E78/><V5/><AGARI ba="0,0" hai="0,1,5,8,12,17,20,25" m="50187,45066" machi="5" ten="30,12000,2" yaku="19,1,34,2,52,3" doraHai="115" who="2" fromWho="2" sc="214,-30,193,-30,144,120,449,-60" owari="184,-21.6,163,-33.7,264,6.4,389,48.9" /></mjloggm>