<mjloggm ver="2.3"><GO type="9" lobby="0"/><UN n0="%4E%6F%4E%61%6D%65" n1="%E3%83%9E%E3%82%B7%E3%83%A5%E3%83%BC" n2="%E3%81%B4%E3%83%BC%E3%81%A1%E3%81%8F%E3%81%B1%E3%83%BC%E3%81%A1%E3%81%8F" n3="%E2%93%9D%4C%75%63%6B%79%4A" dan="0,11,10,0" rate="1500.00,1643.75,1587.64,1473.71" sx="M,M,M,M"/><TAIKYOKU oya="0"/><INIT seed="0,0,0,3,1,133" ten="250,250,250,250" oya="0" hai0="53,18,121,92,48,116,21,102,45,49,33,63,10" hai1="0,71,38,68,24,108,81,134,106,37,113,99,125" hai2="27,61,67,76,19,13,103,23,130,75,40,6,3" hai3="84,82,26,107,60,7,127,126,30,54,20,114,16"/><T50/><D33/><U111/><E24/><V109/><F130/><W28/><G107/><T86/><D121/><U112/><E81/><V29/><F40/><W39/><G39/><N who="1" m="14858" /><E0/><V46/><F103/><W98/><G114/><N who="1" m="44138" /><E99/><V135/><F135/><W15/><G60/><T115/><D116/><U91/><E91/><V35/><F46/><W129/><G54/><N who="0" m="29967" /><D115/><U101/><E101/><V77/><F109/><N who="1" m="42057" /><E106/><V110/><F75/><W122/><G129/><T94/><D10/><U74/><E74/><V87/><F87/><W1/><G98/><N who="0" m="59719" /><D94/><U17/><E17/><V69/><F110/><W65/><G122/><T55/><D63/><U96/><E96/><V9/><AGARI ba="0,0" hai="3,6,9,13,19,23,27,29,35,61,67,69,76,77" machi="9" ten="30,4000,0" yaku="0,1,24,2" doraHai="133" who="2" fromWho="2" sc="250,-20,250,-10,250,40,250,-10" /><INIT seed="1,0,0,3,2,56" ten="230,240,290,240" oya="1" hai0="80,115,27,100,20,46,16,67,114,117,45,104,58" hai1="87,30,17,76,36,107,49,98,1,111,25,75,69" hai2="65,127,57,40,68,33,133,14,51,84,119,44,10" hai3="113,135,19,93,77,125,63,3,31,64,128,118,52"/><U11/><E69/><V99/><F119/><W90/><G113/><T105/><D117/><U54/><E36/><V21/><F133/><W48/><G3/><T18/><D115/><U26/><E75/><V89/><F127/><W8/><G31/><T131/><D131/><U62/><E111/><V91/><F33/><W102/><G77/><T72/><D114/><U74/><E74/><V5/><F99/><W70/><G118/><T41/><D45/><U73/><E73/><V130/><F130/><W83/><G102/><T71/><D71/><U23/><E49/><V116/><F116/><W78/><G125/><T103/><D58/><U24/><E87/><V60/><F68/><W96/><G135/><T50/><D18/><U61/><E76/><V22/><REACH who="2" step="1"/><F91/><REACH who="2" ten="230,240,280,240" step="2"/><W32/><G32/><T95/><D105/><U124/><E124/><V110/><F110/><W28/><G128/><T120/><D104/><U109/><E109/><V55/><F55/><W59/><G78/><T15/><D67/><U106/><E54/><V92/><AGARI ba="0,1" hai="5,10,14,21,22,40,44,51,57,60,65,84,89,92" machi="92" ten="20,12000,2" yaku="1,1,0,1,7,1,8,1,52,1,53,1" doraHai="56" doraHaiUra="82" who="2" fromWho="2" sc="230,-30,240,-60,280,130,240,-30" /><INIT seed="2,0,0,3,0,41" ten="200,180,410,210" oya="2" hai0="3,64,28,9,54,43,60,92,105,63,36,121,12" hai1="33,59,77,80,16,29,102,31,67,93,32,123,62" hai2="34,83,106,129,71,90,133,72,109,116,98,135,14" hai3="65,99,127,68,118,40,103,26,58,94,114,126,91"/><V15/><F14/><W132/><G68/><T18/><D105/><U52/><E123/><V10/><F10/><W56/><G118/><T4/><D121/><U131/><E131/><V0/><F15/><W51/><G114/><T128/><D128/><U130/><E130/><V84/><F129/><W21/><G132/><N who="2" m="50761" /><F34/><W108/><G108/><T38/><D28/><U37/><E37/><V115/><F0/><W66/><G91/><T8/><D54/><U19/><E32/><V124/><F71/><W125/><G58/><T107/><D107/><U22/><E33/><V1/><F1/><W2/><G2/><T20/><D8/><U122/><E122/><V111/><F116/><W23/><G23/><T44/><D36/><U11/><E11/><V46/><F46/><N who="3" m="26055" /><G56/><T42/><D42/><U100/><E93/><N who="2" m="54471" /><F115/><W95/><G95/><T86/><D64/><U45/><E19/><AGARI ba="0,0" hai="19,21,26,65,66,94,99,103,125,126,127" m="26055" machi="19" ten="30,2000,0" yaku="18,1,52,1" doraHai="41" who="3" fromWho="1" sc="200,0,180,-20,410,0,210,20" /><INIT seed="3,0,0,1,0,94" ten="200,160,410,230" oya="3" hai0="11,9,130,62,16,86,53,1,133,35,40,83,125" hai1="115,63,79,0,37,49,4,3,38,99,74,109,134" hai2="14,69,90,59,95,112,104,100,25,120,102,5,6" hai3="7,76,121,135,56,19,2,47,113,75,118,52,114"/><W30/><G121/><T84/><D35/><U98/><E115/><V92/><F69/><W77/><G118/><T10/><D40/><U85/><E85/><V60/><F112/><W21/><G135/><T43/><D133/><U54/><E134/><V31/><F120/><W61/><G30/><T48/><D130/><U105/><E63/><V64/><F14/><W57/><G75/><T132/><D132/><U28/><E109/><V110/><F104/><W58/><G2/><T107/><D107/><U101/><E28/><V65/><F65/><W26/><G7/><T97/><D97/><U67/><E67/><V96/><F110/><W66/><G114/><T44/><D125/><U50/><E105/><V122/><F122/><W108/><G108/><T41/><D62/><U71/><E54/><V93/><F100/><W119/><G119/><T32/><D32/><U123/><E123/><V68/><F68/><W39/><G39/><T72/><D72/><U81/><E71/><V12/><F12/><W17/><G19/><T88/><D86/><U24/><E24/><V106/><F106/><W46/><G113/><T36/><D1/><U15/><E37/><V78/><F78/><N who="3" m="30315" /><G58/><T127/><D127/><U89/><E38/><V91/><F93/><W124/><G124/><T23/><D36/><U117/><E117/><V22/><F102/><W129/><G129/><T51/><D51/><AGARI ba="0,0" hai="17,21,26,46,47,51,52,56,57,61,66" m="30315" machi="51" ten="30,2900,0" yaku="8,1,54,1" doraHai="94" who="3" fromWho="0" sc="200,-29,160,0,410,0,230,29" /><INIT seed="3,1,0,3,1,108" ten="171,160,410,259" oya="3" hai0="130,109,78,3,80,8,67,69,58,43,24,82,113" hai1="101,124,83,40,127,5,4,55,112,92,122,100,90" hai2="111,48,2,61,94,51,106,18,9,72,0,70,33" hai3="29,26,99,32,79,88,52,13,118,60,49,11,36"/><W50/><G118/><T73/><D109/><U59/><E40/><V117/><F111/><W134/><G134/><T85/><D69/><U126/><E122/><V133/><F33/><W42/><G79/><T110/><D110/><U87/><E112/><V129/><F117/><W22/><G32/><T6/><D43/><U123/><E123/><V46/><F72/><W20/><G22/><T62/><D130/><U34/><E34/><V120/><F120/><W116/><G36/><T75/><D24/><U28/><E28/><V14/><F106/><W21/><G21/><T95/><D95/><U45/><E45/><V7/><F133/><W39/><G39/><T53/><D67/><U47/><E47/><V107/><F2/><W31/><G31/><T15/><D3/><U25/><E25/><V27/><F107/><W96/><G42/><T135/><D135/><U97/><REACH who="1" step="1"/><E101/><REACH who="1" ten="171,150,410,259" step="2"/><V105/><F129/><W102/><G102/><T44/><D44/><U131/><E131/><V86/><F27/><W35/><G35/><T98/><D98/><U115/><E115/><V71/><F105/><W93/><G99/><T84/><D113/><U103/><E103/><V54/><F46/><W19/><G116/><T91/><AGARI ba="1,1" hai="6,8,15,53,58,62,73,75,78,80,82,84,85,91" machi="91" ten="20,1500,0" yaku="0,1,7,1" doraHai="108" who="0" fromWho="0" sc="171,28,150,-5,410,-5,259,-8" /><INIT seed="4,0,0,5,3,134" ten="199,145,405,251" oya="0" hai0="131,107,8,45,78,87,37,74,88,82,95,33,35" hai1="27,101,18,19,16,46,30,98,89,1,43,66,64" hai2="44,111,110,123,26,75,92,63,39,127,48,32,96" hai3="17,20,106,93,81,85,13,100,49,25,23,65,12"/><T24/><D107/><U9/><E89/><V21/><F123/><W94/><G65/><T77/><D77/><U126/><E126/><V132/><F75/><W108/><G108/><T60/><D131/><U41/><E41/><V99/><F132/><W117/><G117/><T57/><D8/><U47/><E47/><V40/><F99/><W112/><G112/><T50/><D37/><U83/><E83/><V102/><F127/><W128/><G128/><T118/><D24/><U103/><E1/><V86/><F32/><W80/><G106/><T2/><D2/><U72/><E72/><V70/><F70/><W15/><G49/><T58/><D118/><U133/><E133/><V5/><F5/><W71/><G71/><T29/><D29/><U109/><E109/><V104/><F63/><W129/><G81/><T53/><REACH who="0" step="1"/><D57/><REACH who="0" ten="189,145,405,251" step="2"/><U52/><E9/><V69/><F104/><W120/><G129/><T79/><D79/><U0/><E0/><V91/><F39/><W14/><G120/><T22/><D22/><U122/><E122/><V61/><F111/><W54/><G23/><T51/><D51/><U105/><E27/><V56/><F69/><W119/><G25/><T130/><D130/><U67/><E30/><N who="2" m="17743" /><F110/><W59/><G119/><T121/><D121/><U42/><REACH who="1" step="1"/><E103/><REACH who="1" ten="189,135,405,251" step="2"/><V135/><F102/><W36/><G100/><T28/><D28/><U62/><E62/><V113/><F135/><W97/><G36/><T3/><D3/><U10/><E10/><V124/><F61/><W115/><G20/><T55/><AGARI ba="0,2" hai="33,35,45,50,53,55,58,60,74,78,82,87,88,95" machi="55" ten="20,12000,1" yaku="1,1,0,1,7,1,54,1,53,1" doraHai="134" doraHaiUra="90" who="0" fromWho="0" sc="189,140,135,-40,405,-40,251,-40" /><INIT seed="4,1,0,3,2,132" ten="329,95,365,211" oya="0" hai0="134,65,86,60,7,4,0,31,72,38,113,54,43" hai1="116,36,78,112,39,68,17,15,85,83,121,133,94" hai2="135,18,10,124,126,92,71,111,25,130,52,114,75" hai3="82,122,49,30,29,58,35,37,56,9,64,127,110"/><T20/><D72/><U33/><E94/><V101/><F75/><W19/><G37/><T90/><D134/><U91/><E78/><V118/><F71/><W8/><G35/><T106/><D106/><U69/><E83/><V109/><F135/><W57/><G110/><N who="2" m="41993" /><F118/><W105/><G122/><T67/><D0/><U88/><E85/><V41/><F41/><W119/><G64/><T66/><D113/><U6/><E6/><N who="0" m="2089" /><D43/><U13/><E17/><V45/><F114/><W59/><G105/><T77/><D77/><U26/><E112/><V55/><F45/><W42/><G119/><T47/><D38/><U98/><E133/><V5/><F25/><W100/><G42/><T115/><D115/><U51/><E116/><V50/><F50/><W96/><G49/><N who="0" m="28991" /><D60/><U27/><E51/><V12/><F130/><W21/><G30/><T61/><D61/><U120/><REACH who="1" step="1"/><E98/><REACH who="1" ten="329,85,365,211" step="2"/><N who="2" m="59591" /><F5/><W34/><G29/><T87/><D90/><U63/><E63/><V32/><F32/><AGARI ba="1,1" hai="13,15,26,27,32,33,36,39,68,69,88,91,120,121" machi="32" ten="25,6400,0" yaku="1,1,22,2,54,1,53,0" doraHai="132" doraHaiUra="80" who="1" fromWho="2" sc="329,0,85,77,365,-67,211,0" /><INIT seed="5,0,0,1,2,98" ten="329,162,298,211" oya="1" hai0="59,19,86,38,12,75,7,36,8,72,62,119,71" hai1="17,41,90,32,37,63,81,83,77,14,46,69,84" hai2="79,120,45,26,127,2,124,109,76,122,101,48,57" hai3="95,4,68,22,31,13,89,42,27,87,56,107,117"/><U9/><E32/><V23/><F2/><W114/><G68/><T70/><D119/><U113/><E113/><V64/><F109/><W55/><G114/><T39/><D86/><U80/><REACH who="1" step="1"/><E90/><REACH who="1" ten="329,152,298,211" step="2"/><V112/><F112/><W85/><G117/><T65/><REACH who="0" step="1"/><D7/><REACH who="0" ten="319,152,298,211" step="2"/><U100/><E100/><V10/><F122/><W134/><G89/><T93/><D93/><U73/><E73/><AGARI ba="0,2" hai="8,12,19,36,38,39,59,62,65,70,71,72,73,75" machi="73" ten="50,1600,0" yaku="1,1,53,0" doraHai="98" doraHaiUra="123" who="0" fromWho="1" sc="319,36,152,-16,298,0,211,0" /><INIT seed="6,0,0,3,0,76" ten="355,136,298,211" oya="2" hai0="63,111,11,26,97,41,132,115,86,129,110,45,123" hai1="118,30,36,4,32,13,53,21,108,24,20,5,52" hai2="75,71,38,109,47,17,81,34,23,58,69,59,64" hai3="70,105,35,10,0,91,9,117,74,135,134,50,7"/><V127/><F34/><W114/><G70/><T60/><D123/><U33/><E36/><V56/><F109/><W128/><G105/><T124/><D97/><U22/><E52/><V31/><F31/><W14/><G74/><T130/><D86/><U89/><E89/><V6/><F6/><N who="1" m="2665" /><E53/><V57/><F127/><W93/><G117/><T95/><D95/><U37/><E37/><V55/><F38/><W61/><G128/><N who="0" m="49259" /><D124/><U72/><E72/><V49/><N who="2" m="14336" /><DORA hai="84" /><V98/><F98/><W65/><G50/><N who="0" m="26927" /><D132/><U80/><E80/><V51/><F51/><W1/><G135/><T85/><D85/><U79/><E79/><V106/><F106/><W18/><G134/><T112/><D26/><U29/><E118/><V82/><F75/><W92/><G93/><T103/><D103/><U87/><E87/><V42/><F69/><W119/><G92/><T83/><D83/><N who="2" m="31754" /><F71/><W46/><G119/><T96/><D96/><U94/><E94/><V8/><F64/><W48/><G65/><T68/><D68/><U28/><E108/><N who="0" m="41513" /><D11/><U99/><E99/><V44/><F8/><W107/><G10/><T116/><D116/><U120/><E120/><V40/><F47/><W125/><G46/><T77/><D77/><U25/><E30/><V133/><F133/><W102/><G7/><T43/><D43/><U131/><E131/><V3/><F3/><W104/><G1/><T62/><AGARI ba="0,0" hai="60,62,63,112,115" m="41513,26927,49259" machi="62" ten="40,5200,0" yaku="19,1,34,2" doraHai="76,84" who="0" fromWho="0" sc="355,52,136,-13,298,-26,211,-13" /><INIT seed="7,0,0,1,5,121" ten="407,123,272,198" oya="3" hai0="16,102,13,70,32,25,1,53,8,2,34,64,11" hai1="47,31,24,72,90,96,110,118,92,37,133,62,132" hai2="60,84,43,87,108,65,48,18,128,10,83,54,129" hai3="106,28,112,115,77,61,6,95,79,57,5,86,14"/><W103/><G106/><T23/><D102/><U82/><E118/><V7/><F7/><W46/><G46/><T126/><D53/><U55/><E37/><V130/><F130/><W75/><G28/><N who="0" m="17471" /><D64/><U38/><E38/><V114/><F114/><BYE who="2" /><N who="3" m="43563" /><G75/><T104/><D104/><U63/><E47/><V120/><F120/><W91/><G103/><T17/><D70/><U135/><E110/><V40/><F40/><W81/><G14/><N who="0" m="7367" /><D126/><U69/><E55/><V35/><F35/><AGARI ba="0,0" hai="1,2,11,13,16,32,34,35" m="7367,17471" machi="35" ten="30,12000,2" yaku="35,5,54,1" doraHai="121" who="0" fromWho="2" sc="407,120,123,0,272,-120,198,0" owari="527,62.7,123,-37.7,152,-24.8,198,-0.2" /></mjloggm>