<mjloggm ver="2.3"><GO type="41" lobby="0"/><UN n0="%E3%83%89%E3%83%93%E3%83%B3%E3%82%A8%E3%83%B3%E3%83%96%E3%83%AC%E3%83%A0" n1="%E8%9B%8D%E7%83%8F%E8%B3%8A" n2="%54%41%43%72%6F%73%73" n3="%E2%93%9D%4C%75%63%6B%79%4A" dan="15,14,14,14" rate="2012.62,1908.48,1957.35,2097.43" sx="M,M,M,M"/><TAIKYOKU oya="0"/><INIT seed="0,0,0,2,2,96" ten="250,250,250,250" oya="0" hai0="78,76,87,64,57,94,83,86,4,75,55,103,26" hai1="9,27,92,13,80,101,16,40,36,44,47,35,43" hai2="71,49,79,67,58,28,100,66,128,39,112,89,97" hai3="11,52,23,88,106,48,123,77,107,63,115,124,61"/><T95/><D4/><U19/><E35/><V33/><F112/><W93/><G115/><T15/><D15/><U134/><E134/><V118/><F39/><W65/><G77/><N who="0" m="44479" /><D26/><U42/><E36/><V45/><F79/><N who="0" m="30250" /><D55/><U129/><E129/><V30/><F89/><W133/><G124/><T41/><D57/><U29/><E80/><V126/><F126/><W7/><G123/><T127/><D41/><U90/><E101/><V46/><F118/><W17/><G133/><T104/><D64/><U37/><E37/><V125/><F128/><W6/><G107/><T31/><D31/><U69/><E69/><V135/><F125/><W38/><G106/><T131/><D131/><U59/><E59/><V51/><F135/><W1/><G7/><T2/><D2/><U109/><E109/><V18/><F71/><W73/><G73/><T72/><D127/><U24/><E19/><V114/><F18/><W54/><G38/><T34/><D34/><U111/><E111/><V0/><F114/><W113/><G65/><N who="2" m="24585" /><F0/><W10/><G11/><T21/><D21/><N who="1" m="15599" /><E24/><V25/><F33/><W130/><G130/><T68/><D68/><U3/><E3/><V102/><F58/><N who="3" m="33095" /><G113/><T53/><D72/><U32/><E32/><V12/><F25/><N who="3" m="14575" /><G52/><T50/><D50/><U60/><E60/><V91/><F51/><W14/><G1/><T20/><D53/><U119/><E119/><V110/><F49/><W8/><G10/><T105/><D105/><U82/><E82/><V117/><F110/><W120/><G120/><T22/><D104/><U74/><E74/><V132/><F132/><RYUUKYOKU ba="0,0" sc="250,-15,250,15,250,-15,250,15" hai1="9,13,16,40,42,43,44,47,90,92" hai3="6,8,14,61,63,88,93" /><INIT seed="1,1,0,5,3,48" ten="235,265,235,265" oya="1" hai0="30,103,54,130,10,75,51,83,127,22,88,58,3" hai1="62,25,34,59,129,41,106,20,21,92,11,65,121" hai2="126,113,118,78,125,71,77,47,134,46,132,117,79" hai3="42,116,69,123,16,105,31,33,52,99,36,4,100"/><U76/><E121/><V111/><F71/><W107/><G123/><T50/><D130/><U39/><E106/><V115/><REACH who="2" step="1"/><F79/><REACH who="2" ten="235,265,225,265" step="2"/><W128/><G69/><T135/><D135/><U80/><E129/><V98/><F98/><W67/><G99/><T82/><D127/><U122/><E122/><V81/><F81/><W120/><G120/><T15/><D82/><U108/><E76/><V124/><F124/><W104/><G128/><T14/><D83/><U114/><E80/><V53/><F53/><W23/><G52/><T18/><D75/><U70/><E114/><V109/><AGARI ba="1,1" hai="46,47,77,78,109,111,113,115,117,118,125,126,132,134" machi="109" ten="25,6400,0" yaku="1,1,0,1,22,2,53,0" doraHai="48" doraHaiUra="93" who="2" fromWho="2" sc="235,-17,265,-33,225,77,265,-17" /><INIT seed="2,0,0,4,0,39" ten="218,232,302,248" oya="2" hai0="40,49,38,58,54,23,126,61,11,76,60,26,30" hai1="16,1,103,10,35,24,121,13,31,130,27,4,108" hai2="79,32,115,135,5,34,41,42,25,127,29,48,78" hai3="134,28,22,21,104,57,87,15,63,132,17,44,93"/><V86/><F115/><W43/><G104/><T114/><D114/><U119/><E119/><V71/><F71/><W90/><G28/><T82/><D126/><U88/><E103/><V133/><F34/><W125/><G125/><T91/><D91/><U80/><E88/><V52/><F127/><W33/><G33/><T3/><D3/><U107/><E107/><V116/><F5/><W95/><G22/><T47/><REACH who="0" step="1"/><D11/><REACH who="0" ten="208,232,302,248" step="2"/><N who="1" m="2447" /><E80/><N who="2" m="47383" /><F79/><W46/><G134/><N who="2" m="51209" /><F116/><W129/><G132/><T53/><D53/><U55/><E55/><V72/><F72/><AGARI ba="0,1" hai="23,26,30,38,40,47,49,54,58,60,61,72,76,82" machi="72" ten="30,3900,0" yaku="1,1,7,1,52,1,53,0" doraHai="39" doraHaiUra="0" who="0" fromWho="2" sc="208,49,232,0,302,-39,248,0" /><INIT seed="3,0,0,2,0,21" ten="257,232,263,248" oya="3" hai0="87,90,23,115,96,34,117,35,111,98,89,4,64" hai1="79,80,33,82,44,109,68,63,49,76,118,7,29" hai2="108,122,3,52,22,11,20,126,51,9,31,8,86" hai3="58,1,130,53,14,100,88,17,15,62,107,28,92"/><W97/><G1/><T38/><D111/><U135/><E109/><V41/><F108/><W133/><G133/><T106/><D117/><U105/><E135/><V81/><F126/><W84/><G130/><T91/><D38/><U2/><E105/><V19/><F3/><W74/><G74/><T102/><D4/><U104/><E104/><V121/><F41/><W36/><G36/><T56/><D98/><U40/><E118/><V67/><F67/><W46/><G28/><T12/><D115/><U57/><E68/><V95/><F95/><W72/><G72/><T60/><D87/><U99/><E2/><V61/><F61/><W39/><REACH who="3" step="1"/><G17/><REACH who="3" ten="257,232,263,238" step="2"/><T6/><D6/><U83/><E7/><V129/><F31/><W47/><G47/><T94/><D106/><U24/><REACH who="1" step="1"/><E99/><REACH who="1" ten="257,222,263,238" step="2"/><V65/><F129/><W125/><G125/><T50/><D96/><U131/><E131/><V54/><F122/><W103/><G103/><T70/><D102/><U75/><E75/><V71/><F121/><W85/><G85/><T27/><D35/><U128/><E128/><V134/><F86/><W55/><G55/><AGARI ba="0,2" hai="24,29,33,40,44,49,55,57,63,76,79,80,82,83" machi="55" ten="40,5200,0" yaku="1,1,52,1,53,1" doraHai="21" doraHaiUra="42" who="1" fromWho="3" sc="257,0,222,72,263,0,238,-52" /><INIT seed="4,0,0,0,5,115" ten="257,294,263,186" oya="0" hai0="112,109,53,64,48,39,75,132,31,101,7,34,68" hai1="24,86,113,125,106,30,26,98,134,122,70,61,41" hai2="45,46,124,72,108,85,71,0,57,63,43,133,104" hai3="66,135,33,90,62,32,116,11,49,18,6,9,73"/><T119/><D112/><U65/><E113/><V38/><F72/><W52/><G73/><T35/><D75/><U94/><E122/><V97/><F0/><W79/><G79/><T96/><D132/><U107/><E125/><V20/><F124/><W19/><G135/><T69/><D39/><U47/><E134/><V67/><F133/><W78/><G78/><T93/><D109/><U77/><E86/><V126/><F126/><W118/><G90/><T114/><D114/><U102/><E77/><V82/><F108/><W129/><G62/><T22/><D7/><U120/><E24/><V121/><F46/><W110/><G66/><T29/><D119/><N who="3" m="45609" /><G49/><T51/><D22/><U87/><E87/><V37/><F37/><W100/><G100/><T76/><D76/><U123/><E107/><V88/><F71/><W89/><G89/><T44/><D51/><U95/><E123/><V50/><F50/><W80/><G80/><T14/><D14/><U5/><E120/><V23/><REACH who="2" step="1"/><F121/><REACH who="2" ten="257,294,253,186" step="2"/><W8/><G110/><T99/><D68/><U83/><E83/><V58/><F58/><W131/><G6/><T103/><D69/><U10/><E10/><V91/><F91/><W4/><G4/><T128/><D48/><N who="1" m="26735" /><E5/><V15/><F15/><W92/><G11/><T84/><D44/><U111/><E111/><V59/><F59/><W36/><G9/><T28/><D101/><AGARI ba="0,1" hai="20,23,38,43,45,57,63,67,82,85,88,97,101,104" machi="101" ten="40,5200,0" yaku="1,1,54,1,53,1" doraHai="115" doraHaiUra="54" who="2" fromWho="0" sc="257,-52,294,0,253,62,186,0" /><INIT seed="5,0,0,3,4,17" ten="205,294,315,186" oya="1" hai0="108,35,102,36,66,29,68,46,101,132,91,135,6" hai1="114,15,41,124,50,26,52,69,67,90,133,70,44" hai2="34,75,58,99,22,95,10,109,96,97,127,53,118" hai3="106,86,20,61,49,55,7,12,63,57,18,79,48"/><U105/><E105/><V71/><F109/><W85/><G106/><T83/><D108/><U25/><E114/><V2/><F118/><W62/><G7/><T9/><D68/><U47/><E90/><V117/><F117/><W73/><G73/><T42/><D66/><U116/><E15/><V81/><F71/><N who="1" m="27145" /><E116/><V125/><F34/><W104/><G104/><T40/><D40/><U74/><E25/><V28/><F2/><W126/><G126/><N who="2" m="48137" /><F10/><W11/><G79/><T65/><D65/><U51/><E26/><N who="2" m="16471" /><F75/><W45/><REACH who="3" step="1"/><G11/><REACH who="3" ten="205,294,315,176" step="2"/><T128/><D9/><U16/><E74/><V59/><F81/><W24/><G24/><N who="0" m="18855" /><D6/><U31/><E124/><V27/><F27/><W32/><G32/><T1/><D1/><U131/><E31/><V23/><F95/><W72/><G72/><T110/><D110/><U98/><E16/><V21/><F59/><W111/><G111/><T38/><D83/><U80/><E80/><V33/><F33/><W3/><G3/><T122/><D122/><U77/><E77/><V100/><F100/><W39/><G39/><T94/><D36/><N who="1" m="21543" /><E98/><V107/><F107/><W92/><G92/><T123/><D123/><U129/><E133/><N who="0" m="51273" /><D102/><U60/><E51/><AGARI ba="0,1" hai="21,23,51,53,58,96,97,99" m="16471,48137" machi="51" ten="30,7700,0" yaku="18,1,52,3" doraHai="17" who="2" fromWho="1" sc="205,0,294,-77,315,87,176,0" /><INIT seed="6,0,0,5,1,135" ten="205,217,402,176" oya="2" hai0="8,79,58,4,22,91,130,26,112,18,23,84,107" hai1="102,5,11,62,87,20,63,71,100,12,109,94,128" hai2="76,78,67,121,56,123,111,108,19,40,127,120,98" hai3="125,93,61,70,51,59,15,86,114,113,54,65,89"/><V64/><F40/><W10/><REACH who="3" step="1"/><G125/><REACH who="3" ten="205,217,402,166" step="2"/><T73/><D130/><U25/><E109/><V37/><F127/><W117/><G117/><T132/><D132/><U115/><E128/><V45/><F111/><W7/><AGARI ba="0,1" hai="7,10,15,51,54,59,61,65,70,86,89,93,113,114" machi="7" ten="30,7900,0" yaku="21,2,0,1,53,1" doraHai="135" doraHaiUra="83" who="3" fromWho="3" sc="205,-20,217,-20,402,-39,166,89" /><INIT seed="7,0,0,5,3,16" ten="185,197,363,255" oya="3" hai0="79,15,0,134,71,133,18,120,101,106,36,8,112" hai1="28,44,75,111,25,60,42,82,55,48,17,78,102" hai2="135,92,73,41,56,94,49,1,99,37,5,95,57" hai3="97,100,6,124,29,34,125,35,65,68,7,98,116"/><W9/><G116/><T131/><D120/><U67/><E111/><V69/><F69/><W12/><G29/><T51/><D131/><U80/><E102/><V59/><F37/><W4/><G65/><T83/><D36/><U127/><E127/><N who="3" m="48714" /><G68/><T123/><D123/><U50/><E82/><V119/><F119/><W72/><G72/><T33/><D71/><U54/><E17/><V27/><F73/><W66/><G66/><T47/><D33/><N who="3" m="12297" /><G98/><N who="0" m="61751" /><D0/><U81/><E81/><V70/><F99/><W58/><G58/><T118/><D118/><U24/><E28/><V93/><F59/><W32/><N who="3" m="12305" /><W53/><DORA hai="104" /><G53/><N who="0" m="29951" /><D112/><U22/><E22/><V108/><F57/><W96/><G97/><T84/><D84/><U117/><E117/><V126/><F56/><W64/><G64/><T129/><D129/><U2/><E2/><V77/><F1/><W14/><G9/><T30/><D30/><U89/><E89/><V113/><F126/><W62/><G62/><T3/><D3/><U74/><E74/><V19/><F70/><W38/><G38/><T61/><D61/><U115/><E115/><V31/><F31/><W39/><G39/><T109/><D109/><U40/><E60/><V21/><F108/><W10/><G10/><T43/><D43/><N who="1" m="24607" /><E67/><V132/><F41/><N who="1" m="15977" /><E55/><V23/><F77/><W87/><G87/><T11/><D11/><U26/><E26/><V52/><F27/><W103/><G103/><T88/><D79/><U122/><E122/><V45/><F52/><W121/><G121/><T63/><D63/><U86/><E75/><V107/><F107/><AGARI ba="0,0" hai="4,6,7,12,14,96,100,107" m="12305,48714" machi="107" ten="50,4800,0" yaku="6,1,18,1" doraHai="16,104" who="3" fromWho="2" sc="185,0,197,0,363,-48,255,48" /><INIT seed="7,1,0,0,4,84" ten="185,197,315,303" oya="3" hai0="132,39,110,117,109,89,130,71,22,80,87,18,51" hai1="5,63,30,7,93,134,79,73,116,111,135,35,98" hai2="104,60,107,34,61,97,47,21,27,114,19,101,118" hai3="29,112,74,3,10,58,119,53,69,11,12,83,67"/><W105/><G119/><T6/><D117/><U90/><E111/><V124/><F118/><W99/><G69/><T56/><D39/><U68/><E116/><V41/><F34/><W95/><G105/><T54/><D130/><U25/><E73/><V92/><F114/><W82/><G3/><T28/><D132/><N who="1" m="50731" /><E79/><V62/><REACH who="2" step="1"/><F124/><REACH who="2" ten="185,197,305,303" step="2"/><W72/><G112/><T66/><D6/><U49/><E49/><AGARI ba="1,1" hai="19,21,27,41,47,49,60,61,62,92,97,101,104,107" machi="49" ten="40,5200,0" yaku="1,1,2,1,53,1" doraHai="84" doraHaiUra="91" who="2" fromWho="1" sc="185,0,197,-55,305,65,303,0" owari="185,-21.5,142,-35.8,370,47.0,303,10.3" /></mjloggm>