<mjloggm ver="2.3"><GO type="41" lobby="0"/><UN n0="%E2%93%9D%4C%75%63%6B%79%4A" n1="%E3%81%A6%E3%82%93%E3%81%BB%E3%83%BC%E5%85%A5%E9%96%80%E8%80%85" n2="%28%E3%83%BB%E2%88%80%E3%83%BB%29" n3="%E8%96%AF%E7%89%87%E7%8C%AB" dan="16,13,14,14" rate="2165.83,1812.55,1876.61,1981.28" sx="M,M,M,M"/><TAIKYOKU oya="0"/><INIT seed="0,0,0,4,1,22" ten="250,250,250,250" oya="0" hai0="70,130,112,0,68,97,104,81,29,51,48,84,11" hai1="10,100,102,108,91,5,83,35,12,87,125,78,75" hai2="103,120,34,55,90,3,122,24,54,71,61,59,45" hai3="46,95,82,131,119,23,43,93,116,77,80,129,67"/><T66/><D112/><U2/><E108/><V86/><F3/><W111/><G67/><T135/><D130/><N who="3" m="49673" /><G111/><T39/><D39/><U98/><E125/><V92/><F103/><W32/><G32/><T134/><D29/><U110/><E110/><V126/><F71/><N who="0" m="27178" /><D97/><U19/><E35/><V105/><F105/><W118/><G23/><T38/><D38/><U127/><E127/><V41/><F55/><W30/><G30/><T76/><D104/><U89/><E102/><V114/><F114/><W60/><G60/><T16/><D66/><U26/><E75/><V31/><REACH who="2" step="1"/><F126/><REACH who="2" ten="250,250,240,250" step="2"/><W20/><G116/><T96/><D0/><U62/><E2/><V52/><F52/><W53/><G53/><T99/><D135/><U13/><E100/><V33/><F33/><W17/><G118/><T85/><D134/><U72/><E91/><V44/><F44/><W7/><G119/><T4/><D76/><U109/><E89/><V6/><F6/><W25/><G7/><T42/><D4/><U21/><E5/><V124/><F124/><W1/><G1/><T8/><D42/><U40/><E40/><V49/><AGARI ba="0,1" hai="24,31,34,41,45,49,54,59,61,86,90,92,120,122" machi="49" ten="20,8000,1" yaku="1,1,0,1,7,1,52,1,53,1" doraHai="22" doraHaiUra="57" who="2" fromWho="2" sc="250,-40,250,-20,240,90,250,-20" /><INIT seed="1,0,0,4,3,128" ten="210,230,330,230" oya="1" hai0="36,1,113,87,53,0,130,65,54,22,76,93,104" hai1="69,115,18,49,60,129,4,56,13,27,114,92,86" hai2="119,79,21,133,67,99,134,9,55,8,135,50,74" hai3="45,72,110,106,16,66,23,28,97,42,82,108,63"/><U122/><E122/><V52/><F119/><W20/><G20/><T101/><D36/><U88/><E129/><V105/><F67/><W6/><G28/><T7/><D113/><U39/><E39/><V116/><F116/><W111/><G6/><T90/><D130/><U89/><E4/><V121/><F121/><W24/><G106/><T95/><D104/><U11/><E27/><V46/><F21/><W80/><G97/><T100/><D76/><U127/><E127/><V34/><F34/><W77/><G80/><T126/><D65/><U131/><E131/><V71/><F71/><W120/><G120/><T33/><D33/><U31/><E31/><V75/><F55/><W102/><G102/><T59/><D126/><U32/><E32/><V2/><F2/><W94/><G94/><T26/><D54/><U68/><E49/><V19/><F79/><W51/><REACH who="3" step="1"/><G108/><REACH who="3" ten="210,230,330,220" step="2"/><T12/><D95/><U43/><E115/><V83/><F83/><W103/><G103/><T70/><D101/><U107/><E114/><V84/><F105/><W123/><G123/><T57/><D100/><U96/><E107/><V125/><F99/><W41/><G41/><T14/><D7/><U112/><E43/><V3/><F125/><W15/><G15/><T35/><D14/><U81/><REACH who="1" step="1"/><E112/><REACH who="1" ten="210,220,330,220" step="2"/><V48/><F3/><W10/><G10/><T30/><D1/><U73/><E73/><V5/><F74/><W29/><G29/><T38/><D30/><U47/><E47/><V58/><F75/><W44/><G44/><T37/><D35/><U62/><E62/><V40/><F40/><RYUUKYOKU ba="0,2" sc="210,-15,220,15,330,-15,220,15" hai1="11,13,18,56,60,68,69,81,86,88,89,92,96" hai3="16,23,24,42,45,51,63,66,72,77,82,110,111" /><INIT seed="1,1,2,2,4,66" ten="195,235,315,235" oya="1" hai0="1,7,123,56,91,50,53,4,26,10,12,87,125" hai1="127,27,28,35,61,18,132,48,36,33,129,39,6" hai2="97,17,64,118,32,19,94,25,109,135,99,104,102" hai3="59,77,84,62,30,90,89,128,52,107,131,44,133"/><U60/><E6/><V103/><F109/><W70/><G107/><T57/><D125/><U93/><E127/><V71/><F135/><W124/><G124/><T0/><D123/><U116/><E132/><V21/><F118/><W40/><G133/><T58/><D26/><U134/><E116/><V100/><F100/><W81/><G30/><T69/><D69/><U49/><E134/><V110/><F110/><W46/><G46/><T114/><D114/><U121/><E121/><V55/><F55/><W117/><G117/><T79/><D79/><U122/><E122/><V80/><F80/><W130/><REACH who="3" step="1"/><G70/><REACH who="3" ten="195,235,315,225" step="2"/><T105/><D105/><U73/><E28/><N who="2" m="19471" /><F21/><W41/><G41/><T95/><REACH who="0" step="1"/><D7/><REACH who="0" ten="185,235,315,225" step="2"/><U47/><E18/><V29/><F29/><W96/><G96/><T101/><D101/><U54/><E33/><V20/><F20/><W43/><G43/><T67/><D67/><U112/><E35/><V72/><F17/><W15/><G15/><T37/><D37/><AGARI ba="1,4" hai="37,40,44,52,59,62,77,81,84,89,90,128,130,131" machi="37" ten="40,5200,0" yaku="1,1,19,1,54,1,53,0" doraHai="66" doraHaiUra="45" who="3" fromWho="0" sc="185,-55,235,0,315,0,225,95" /><INIT seed="2,0,0,5,0,103" ten="130,235,315,320" oya="2" hai0="42,98,36,135,9,37,77,4,11,13,80,95,67" hai1="93,71,33,91,46,31,19,74,112,53,38,84,127" hai2="104,75,2,6,57,5,109,134,55,14,44,72,118" hai3="56,133,26,116,20,114,12,119,110,1,60,35,29"/><V0/><F118/><W108/><G1/><T48/><D135/><U24/><E112/><V79/><F44/><W39/><G39/><T94/><D67/><U130/><E74/><V10/><F134/><W43/><G43/><T89/><D95/><U18/><E130/><V65/><F65/><W17/><G133/><T30/><D30/><U100/><E127/><V97/><F109/><N who="3" m="42091" /><G114/><T51/><D11/><U66/><E66/><AGARI ba="0,0" hai="12,17,20,26,29,35,56,60,66,116,119" m="42091" machi="66" ten="30,1000,0" yaku="14,1" doraHai="103" who="3" fromWho="1" sc="130,0,235,-10,315,0,320,10" /><INIT seed="3,0,0,0,3,62" ten="130,225,315,330" oya="3" hai0="40,89,16,132,133,30,116,119,102,49,131,134,38" hai1="73,42,44,100,108,105,20,75,110,54,91,41,10" hai2="107,23,12,52,14,76,43,118,32,135,87,25,96" hai3="22,103,82,47,81,15,27,93,128,9,117,29,79"/><W101/><G117/><T68/><D30/><U58/><E100/><V123/><F32/><W120/><G120/><T33/><D33/><U70/><E105/><V72/><F72/><W3/><G3/><T37/><D89/><U124/><E70/><V126/><F118/><N who="0" m="45098" /><D102/><U78/><E124/><V46/><F107/><W24/><G128/><T129/><D16/><U113/><E113/><V111/><F111/><N who="1" m="42537" /><E91/><V97/><F135/><W71/><G27/><T88/><D88/><U121/><E121/><V66/><F43/><N who="1" m="16393" /><E78/><V50/><F126/><W28/><G28/><T127/><D68/><U83/><E83/><N who="2" m="47591" /><F123/><W63/><G71/><T31/><D31/><U125/><E125/><V112/><F112/><W7/><G29/><T98/><D98/><N who="2" m="37994" /><F25/><W99/><G24/><T36/><D127/><U48/><E20/><V92/><F92/><W45/><G22/><T130/><D40/><N who="1" m="24583" /><E10/><V56/><F23/><W109/><G109/><T86/><D86/><U94/><E94/><V35/><F35/><W104/><G104/><T69/><D69/><U39/><E39/><V80/><F80/><W5/><G103/><T8/><D8/><U4/><E4/><V6/><F6/><W85/><G5/><T13/><D13/><U17/><E17/><V61/><AGARI ba="0,0" hai="12,14,46,50,52,56,61,66" m="37994,47591" machi="61" ten="30,4000,0" yaku="8,1,52,1,54,1" doraHai="62" who="2" fromWho="2" sc="130,-10,225,-10,315,40,330,-20" /><INIT seed="4,0,0,4,4,34" ten="120,215,355,310" oya="0" hai0="71,19,101,69,97,23,80,66,64,113,130,51,106" hai1="32,49,60,17,30,10,128,111,68,98,90,89,91" hai2="38,133,37,77,41,53,15,6,12,123,92,103,112" hai3="122,57,4,8,0,42,96,83,1,22,74,39,121"/><T67/><D130/><U36/><E111/><V24/><F123/><N who="3" m="47115" /><G57/><T70/><D113/><U110/><E110/><V21/><F112/><W120/><G120/><T82/><REACH who="0" step="1"/><D51/><REACH who="0" ten="110,215,355,310" step="2"/><U16/><E128/><V54/><F38/><W135/><G135/><T18/><D18/><U73/><E49/><V52/><F37/><W7/><G39/><T118/><D118/><U50/><E50/><V102/><F133/><W131/><G131/><T119/><D119/><U20/><E36/><V108/><F108/><W11/><G42/><T124/><D124/><U26/><E17/><V14/><F41/><W105/><G4/><T78/><D78/><U116/><E116/><V94/><F77/><N who="3" m="44471" /><G7/><T45/><D45/><U81/><E16/><N who="2" m="12327" /><F6/><W65/><G65/><T129/><D129/><U85/><E30/><V2/><F2/><N who="3" m="1131" /><G22/><T44/><D44/><U43/><E20/><V104/><F104/><W55/><G55/><T40/><D40/><U48/><E43/><V117/><F117/><W93/><G105/><T86/><D86/><U13/><E48/><V84/><F84/><W63/><G63/><T31/><D31/><U99/><E60/><V62/><F62/><W5/><G5/><T126/><D126/><U114/><E85/><V3/><F3/><W95/><G95/><AGARI ba="0,1" hai="12,14,15,52,53,54,92,94,95,102,103" m="12327" machi="95" ten="30,3900,0" yaku="8,1,54,2" doraHai="34" who="2" fromWho="3" sc="110,0,215,0,355,49,310,-39" /><INIT seed="5,0,0,4,5,47" ten="110,215,404,271" oya="1" hai0="33,68,73,51,120,39,63,40,104,17,30,16,57" hai1="22,31,1,113,90,119,71,69,74,50,15,128,118" hai2="5,9,12,76,109,53,107,54,102,43,38,130,70" hai3="60,78,135,123,121,80,52,105,45,88,58,83,6"/><U124/><E113/><V91/><F109/><W110/><G110/><T133/><D73/><U48/><E74/><V77/><F70/><W0/><G105/><T61/><D104/><U7/><E1/><V36/><F91/><W20/><G135/><T98/><D33/><U35/><E35/><V2/><F2/><W81/><G78/><T79/><D30/><U25/><E128/><V41/><F130/><W18/><G45/><N who="0" m="23711" /><D63/><U84/><E124/><V126/><F126/><W87/><G6/><T19/><D98/><U97/><E71/><V75/><F102/><W11/><G11/><T100/><D100/><U85/><E69/><V112/><F107/><W115/><G0/><T101/><D101/><U122/><E122/><V32/><F32/><W34/><G115/><T28/><D28/><U125/><E125/><V94/><F75/><W27/><REACH who="3" step="1"/><G34/><REACH who="3" ten="110,215,404,261" step="2"/><T23/><D79/><U14/><E119/><V8/><F5/><W55/><G55/><N who="0" m="31999" /><D133/><U131/><E131/><V66/><F112/><W95/><AGARI ba="0,1" hai="18,20,27,52,58,60,80,81,83,87,88,95,121,123" machi="95" ten="30,7900,0" yaku="1,1,0,1,54,2,53,0" doraHai="47" doraHaiUra="37" who="3" fromWho="3" sc="110,-20,215,-39,404,-20,261,89" /><INIT seed="6,0,0,1,5,119" ten="90,176,384,350" oya="2" hai0="10,121,43,69,19,99,133,98,72,7,18,3,52" hai1="34,80,118,63,127,54,94,113,103,91,85,83,2" hai2="102,46,21,31,64,97,123,112,20,61,15,8,68" hai3="59,89,12,114,106,122,70,76,37,82,24,126,16"/><V74/><F74/><W32/><G70/><T48/><D69/><U71/><E2/><V53/><F112/><W47/><G106/><T9/><D72/><U73/><E34/><V17/><F31/><W44/><G37/><T104/><D43/><U35/><E35/><V67/><F67/><W26/><G126/><T116/><D116/><U40/><E40/><V105/><REACH who="2" step="1"/><F123/><REACH who="2" ten="90,176,374,350" step="2"/><W90/><G122/><T87/><D121/><U128/><E73/><V75/><F75/><W50/><G114/><T38/><D133/><U0/><E113/><V130/><F130/><W111/><G111/><T11/><D38/><U58/><E128/><V13/><F13/><W56/><G12/><T93/><D3/><U135/><E135/><V6/><F6/><W65/><G65/><T55/><D7/><U62/><E118/><V79/><F79/><W129/><G129/><T92/><D104/><U1/><E1/><V115/><F115/><W29/><G29/><T88/><D55/><U100/><E0/><V28/><F28/><W39/><G76/><T124/><D124/><U30/><E30/><V41/><F41/><W22/><G39/><T27/><D27/><U125/><E125/><V109/><F109/><W95/><G26/><T33/><D33/><U5/><E5/><V117/><F117/><W131/><G32/><T81/><D19/><U107/><E107/><V4/><F4/><W66/><G131/><T23/><D18/><U36/><E36/><V101/><F101/><N who="1" m="38985" /><E127/><V96/><F96/><N who="0" m="36906" /><D23/><U134/><E134/><V78/><F78/><W49/><G22/><T45/><AGARI ba="0,1" hai="9,10,11,45,48,52,81,87,88,92,93" m="36906" machi="45" ten="30,7900,0" yaku="5,1,8,1,54,2" doraHai="119" who="0" fromWho="0" sc="90,89,176,-20,374,-39,350,-20" /><INIT seed="7,0,0,4,5,118" ten="179,156,335,330" oya="3" hai0="93,92,132,131,73,108,66,40,84,124,67,44,50" hai1="91,85,52,29,46,19,41,10,23,1,5,0,59" hai2="32,87,100,11,25,17,60,53,15,34,129,61,21" hai3="33,3,119,38,58,35,27,72,71,28,98,99,26"/><W76/><G119/><T13/><D108/><U64/><E29/><V9/><F129/><W96/><G71/><T20/><D73/><U116/><E64/><N who="0" m="24617" /><D124/><U36/><E116/><V122/><F100/><W78/><G38/><T54/><D132/><U16/><E0/><V135/><F122/><W63/><G3/><T37/><D37/><U4/><E4/><V115/><F115/><W30/><G72/><T43/><D131/><U47/><E47/><V24/><F34/><W83/><G83/><T102/><D102/><U42/><E42/><N who="0" m="15913" /><D84/><U45/><E45/><V22/><F32/><W62/><G62/><N who="2" m="24169" /><F53/><AGARI ba="0,0" hai="26,27,28,30,33,35,53,58,63,76,78,96,98,99" machi="53" ten="40,2000,0" yaku="9,1" doraHai="118" who="3" fromWho="2" sc="179,0,156,0,335,-20,330,20" owari="179,-22.1,156,-34.4,315,11.5,350,45.0" /></mjloggm>