<mjloggm ver="2.3"><GO type="41" lobby="0"/><UN n0="%68%61%74%6F%70%6F" n1="%E3%81%97%E3%81%93%E5%A4%AA%E9%83%8E" n2="%E2%93%9D%4C%75%63%6B%79%4A" n3="%E6%9D%8F%E3%81%A1%E3%82%83%E3%82%93" dan="14,13,18,13" rate="1973.24,1963.03,2160.04,1884.39" sx="M,M,M,M"/><TAIKYOKU oya="0"/><INIT seed="0,0,0,0,4,72" ten="250,250,250,250" oya="0" hai0="126,111,122,23,40,52,86,87,48,20,125,112,106" hai1="17,55,12,135,5,89,25,96,61,10,107,73,3" hai2="69,32,39,74,103,62,70,114,8,47,97,16,53" hai3="30,34,81,75,31,21,36,43,68,7,101,79,100"/><T67/><D122/><U104/><E135/><V19/><F114/><W82/><G21/><N who="0" m="8267" /><D112/><U90/><E73/><V6/><F32/><W134/><G30/><T4/><D106/><U118/><E118/><V84/><F74/><W57/><G57/><T59/><D111/><U88/><E25/><V28/><F28/><W56/><G56/><T83/><D4/><U50/><E61/><V92/><F84/><N who="0" m="32298" /><D67/><U117/><E117/><V113/><F113/><W119/><G82/><T13/><D13/><U102/><E107/><V121/><F121/><W128/><G68/><T2/><D2/><U51/><REACH who="1" step="1"/><E55/><REACH who="1" ten="250,240,250,250" step="2"/><V26/><F53/><W127/><G75/><T105/><D105/><U71/><E71/><V9/><F70/><W18/><G119/><T95/><D40/><U35/><E35/><V76/><F69/><W1/><G34/><T65/><D65/><U64/><E64/><V123/><F123/><W11/><G134/><T58/><D83/><U46/><E46/><V94/><F47/><W91/><G81/><T49/><D95/><U44/><E44/><V27/><F94/><W54/><G54/><N who="0" m="32071" /><D126/><U129/><E129/><V109/><F92/><W0/><G43/><T66/><D125/><U60/><E60/><V115/><F62/><W131/><G127/><T116/><D116/><U42/><E42/><V22/><F115/><W41/><G41/><T133/><D133/><U110/><E110/><V85/><F109/><W99/><G131/><T93/><D93/><U120/><E120/><V78/><F85/><W124/><G128/><T80/><D80/><U38/><E38/><RYUUKYOKU ba="0,1" sc="250,15,240,15,250,-15,250,-15" hai0="49,52,59,66" hai1="3,5,10,12,17,50,51,88,89,90,96,102,104" /><INIT seed="0,1,1,1,4,64" ten="265,255,235,235" oya="0" hai0="63,126,65,132,66,110,81,11,77,86,61,5,116" hai1="70,69,25,84,17,58,87,20,21,93,10,9,102" hai2="3,89,53,91,78,85,1,7,40,104,103,31,109" hai3="120,45,29,73,107,59,119,76,0,82,30,118,55"/><T79/><D116/><U98/><E10/><V19/><F40/><W74/><G45/><T44/><D132/><U12/><E58/><V117/><F31/><W121/><G82/><T32/><D32/><U129/><E129/><V123/><F123/><W111/><G59/><T28/><D28/><U52/><E52/><V130/><F109/><W97/><G55/><T94/><D126/><U90/><E84/><V48/><F7/><W113/><G0/><T80/><D110/><U33/><E33/><V125/><F103/><N who="3" m="62959" /><G30/><T18/><D94/><U68/><REACH who="1" step="1"/><E25/><REACH who="1" ten="265,245,235,235" step="2"/><V4/><F53/><W83/><G74/><T23/><D44/><U112/><E112/><V115/><F115/><W72/><G113/><T46/><D46/><U122/><E122/><N who="3" m="47210" /><G111/><T60/><D81/><AGARI ba="1,2" hai="9,12,17,20,21,68,69,70,81,87,90,93,98,102" machi="81" ten="40,8000,1" yaku="1,1,52,3,53,0" doraHai="64" doraHaiUra="36" who="1" fromWho="0" sc="265,-83,245,103,235,0,235,0" /><INIT seed="1,0,0,5,0,20" ten="182,348,235,235" oya="1" hai0="55,17,31,22,129,82,65,19,91,53,115,15,67" hai1="23,34,97,77,83,135,122,134,59,93,44,111,0" hai2="105,64,103,41,12,46,109,49,13,90,74,8,72" hai3="125,96,24,112,10,123,33,25,71,79,1,113,38"/><U80/><E122/><V86/><F109/><W76/><G71/><T58/><D115/><U120/><E120/><V119/><F119/><W11/><G38/><T121/><D129/><U56/><E34/><V3/><F3/><W102/><G123/><T63/><D121/><U16/><E0/><V29/><F13/><W66/><G66/><T127/><D127/><U26/><E111/><V36/><F64/><W101/><G96/><T92/><D82/><U21/><E21/><V60/><F60/><W57/><G57/><T54/><D31/><U94/><E44/><V51/><F103/><W114/><G33/><T95/><D67/><U43/><E43/><V133/><F133/><N who="1" m="50697" /><E83/><V130/><F29/><W61/><G1/><T7/><D7/><U69/><E69/><V47/><F130/><W104/><G61/><T117/><D117/><U62/><E62/><V84/><F36/><W42/><G42/><T108/><D108/><U124/><E124/><V116/><F116/><W73/><G125/><T30/><D30/><U99/><E99/><V110/><F110/><W18/><G104/><T6/><D6/><U45/><E45/><V4/><F105/><W85/><G73/><T27/><REACH who="0" step="1"/><D91/><REACH who="0" ten="172,348,235,235" step="2"/><U70/><E80/><V9/><F90/><W39/><G114/><T100/><D100/><U131/><E131/><V118/><F118/><W78/><G113/><T52/><N who="0" m="13312" /><DORA hai="106" /><T89/><D89/><U35/><E77/><V40/><F4/><W107/><G78/><T75/><D75/><U126/><E126/><V28/><F28/><W88/><G79/><T87/><D87/><RYUUKYOKU ba="0,1" sc="172,15,348,-15,235,15,235,-15" hai0="15,17,19,22,27,58,63,65,92,95" hai2="8,9,12,40,41,46,47,49,51,72,74,84,86" /><INIT seed="2,1,1,0,1,5" ten="187,333,250,220" oya="2" hai0="26,33,116,125,36,79,65,86,39,12,67,0,70" hai1="32,19,81,100,24,119,64,50,82,111,20,99,44" hai2="47,37,62,76,96,42,126,4,41,53,87,114,40" hai3="22,91,98,132,23,21,58,63,133,95,30,90,110"/><V130/><F114/><W107/><G107/><T54/><D0/><U55/><E111/><V34/><F34/><W57/><G110/><T51/><D116/><U128/><E128/><V46/><F96/><W120/><G58/><T9/><D125/><U104/><E64/><V35/><F35/><W106/><G106/><T6/><D70/><U83/><REACH who="1" step="1"/><E32/><REACH who="1" ten="187,323,250,220" step="2"/><V2/><F130/><W49/><G120/><T121/><D121/><U112/><E112/><V68/><F126/><W115/><G115/><T38/><D33/><U124/><E124/><V105/><F68/><W45/><G132/><T66/><D26/><U84/><E84/><V43/><F87/><W118/><G133/><T72/><D86/><U3/><E3/><V60/><F2/><W56/><G118/><AGARI ba="1,2" hai="19,20,24,44,50,55,81,82,83,99,100,104,118,119" machi="118" ten="40,1300,0" yaku="1,1,53,0" doraHai="5" doraHaiUra="117" who="1" fromWho="3" sc="187,0,323,36,250,0,220,-16" /><INIT seed="3,0,0,4,2,9" ten="187,359,250,204" oya="3" hai0="8,114,12,13,10,55,41,98,78,34,100,17,127" hai1="108,110,124,60,52,20,123,11,130,72,97,58,26" hai2="35,74,104,107,99,91,131,59,25,66,103,111,118" hai3="30,36,6,51,57,125,90,115,37,67,101,135,106"/><W119/><G115/><T109/><D109/><N who="1" m="42091" /><E123/><V117/><F111/><W62/><G119/><T24/><D114/><U92/><E72/><V134/><F59/><W39/><G106/><T105/><D127/><U116/><E124/><V68/><F91/><W112/><G101/><T81/><D41/><U21/><E116/><V31/><F107/><W29/><G125/><T38/><D38/><U71/><E71/><V63/><F131/><W73/><G73/><T16/><D55/><U54/><E130/><V88/><F134/><W42/><G112/><T102/><D102/><N who="1" m="60711" /><E11/><V0/><F0/><W96/><G6/><T129/><D129/><U33/><E54/><V1/><F1/><W32/><G135/><T45/><D45/><U120/><E120/><V61/><F63/><W2/><G2/><T49/><D49/><U56/><E56/><V86/><REACH who="2" step="1"/><F74/><REACH who="2" ten="187,359,240,204" step="2"/><W121/><G121/><T76/><D81/><AGARI ba="0,1" hai="25,31,35,61,66,68,81,86,88,99,103,104,117,118" machi="81" ten="30,12000,2" yaku="1,1,2,1,7,1,25,2,54,1,53,1" doraHai="9" doraHaiUra="64" who="2" fromWho="0" sc="187,-120,359,0,240,130,204,0" /><INIT seed="4,0,0,2,0,89" ten="67,359,370,204" oya="0" hai0="30,53,37,118,132,5,105,76,17,102,21,26,56" hai1="49,33,127,86,10,108,91,45,34,96,58,124,121" hai2="24,93,44,8,73,81,99,104,128,36,112,13,92" hai3="134,94,6,55,117,120,16,80,42,27,85,88,59"/><T114/><D37/><U119/><E119/><V31/><F128/><W57/><G134/><T14/><D118/><U52/><E121/><V130/><F130/><W133/><G133/><T22/><D132/><U51/><E108/><V115/><F81/><W32/><G32/><T122/><D122/><U54/><E96/><V3/><F3/><W18/><G117/><T12/><D114/><N who="2" m="43562" /><F73/><W75/><G75/><T113/><D113/><U0/><E0/><V78/><F78/><N who="3" m="46231" /><G120/><T19/><D76/><U129/><E10/><V70/><F70/><W95/><G42/><T131/><D105/><U41/><E129/><V25/><F25/><W77/><G77/><T23/><D102/><U38/><E33/><N who="2" m="20711" /><F44/><W125/><G6/><T82/><D82/><U65/><E34/><V35/><F36/><W62/><G125/><T101/><D101/><U69/><E69/><V98/><F35/><W87/><G27/><T29/><D131/><U48/><E65/><V7/><F99/><W135/><G135/><T64/><D64/><U63/><REACH who="1" step="1"/><E54/><REACH who="1" ten="67,349,370,204" step="2"/><V110/><F110/><W68/><G68/><T103/><D103/><AGARI ba="0,1" hai="7,8,13,92,93,98,103,104" m="20711,43562" machi="103" ten="30,3900,0" yaku="15,1,52,2" doraHai="89" who="2" fromWho="0" sc="67,-39,349,0,370,49,204,0" /><INIT seed="5,0,0,5,1,95" ten="28,349,419,204" oya="1" hai0="14,125,16,5,88,54,119,121,130,50,109,53,120" hai1="115,56,34,87,80,17,111,69,48,30,38,26,91" hai2="42,114,86,36,103,100,122,52,39,113,2,12,41" hai3="72,133,46,97,92,29,77,13,67,18,104,6,33"/><U11/><E115/><N who="2" m="44043" /><F2/><W24/><G104/><T79/><D119/><U63/><E38/><N who="2" m="14379" /><F12/><W76/><G72/><T43/><D109/><U22/><E111/><V78/><F122/><N who="0" m="47210" /><D79/><U83/><E11/><V131/><F131/><W127/><G133/><T20/><D130/><U129/><E129/><V7/><F7/><W96/><G127/><T32/><D32/><U90/><E69/><V0/><F0/><W105/><G67/><T62/><D5/><U23/><E34/><V51/><F86/><W10/><G46/><N who="0" m="25951" /><D62/><U3/><E3/><V15/><F15/><W128/><G128/><T84/><D125/><U40/><E40/><N who="2" m="15467" /><F78/><W37/><G37/><T75/><D75/><U1/><E1/><V61/><F61/><W116/><G116/><T45/><D45/><AGARI ba="0,0" hai="45,51,52,100,103" m="15467,14379,44043" machi="45" ten="30,3900,0" yaku="15,1,11,1,54,1" doraHai="95" who="2" fromWho="0" sc="28,-39,349,0,419,39,204,0" owari="-11,-51.1,349,14.9,458,55.8,204,-19.6" /></mjloggm>