<mjloggm ver="2.3"><GO type="41" lobby="0"/><UN n0="%E9%9B%AA%E3%81%AE%E6%A1%9C" n1="%79%6F%73%69%6F%6B%61" n2="%E2%93%9D%4C%75%63%6B%79%4A" n3="%77%61%69%64%6F%74" dan="13,14,18,14" rate="1835.41,1963.23,2156.24,1866.54" sx="F,M,M,M"/><TAIKYOKU oya="0"/><INIT seed="0,0,0,5,1,87" ten="250,250,250,250" oya="0" hai0="67,97,35,72,33,76,17,91,22,27,80,21,115" hai1="103,73,61,99,12,26,84,114,41,127,109,94,48" hai2="49,39,46,23,98,31,133,134,11,101,3,16,53" hai3="69,79,128,58,65,45,104,37,78,130,100,107,129"/><T64/><D115/><U56/><E73/><V126/><F39/><W86/><G69/><T116/><D116/><U0/><E0/><V18/><F126/><W125/><G125/><T66/><D22/><U77/><E127/><V1/><F31/><W118/><G118/><T124/><REACH who="0" step="1"/><D124/><REACH who="0" ten="240,250,250,250" step="2"/><U43/><E114/><V40/><F23/><W135/><G135/><T42/><D42/><U55/><E43/><V44/><F40/><W71/><G37/><T20/><D20/><U92/><E41/><V85/><F134/><W4/><G130/><T7/><D7/><U52/><E26/><V30/><F133/><W82/><G129/><T106/><D106/><U110/><E110/><V81/><F30/><W51/><G128/><T57/><D57/><U14/><E109/><V5/><F46/><W122/><G107/><T59/><D59/><N who="1" m="33159" /><E77/><V13/><F5/><W90/><G104/><T83/><D83/><U95/><E95/><AGARI ba="0,1" hai="17,21,27,33,35,64,66,67,72,76,80,91,95,97" machi="95" ten="40,12000,1" yaku="1,1,52,1,53,3" doraHai="87" doraHaiUra="62" who="0" fromWho="1" sc="240,130,250,-120,250,0,250,0" /><INIT seed="0,1,0,1,0,1" ten="370,130,250,250" oya="0" hai0="66,135,117,44,129,97,40,108,68,91,124,23,104" hai1="42,58,116,51,56,125,13,27,16,71,112,127,41" hai2="101,94,47,122,63,46,22,126,96,0,55,102,76" hai3="28,36,79,50,88,90,49,30,106,119,75,114,26"/><T128/><D117/><U14/><E71/><V105/><F122/><W61/><G36/><T111/><D23/><U81/><E116/><V85/><F0/><W113/><G106/><T77/><D77/><U48/><E112/><V59/><F126/><W107/><G107/><T34/><D124/><U69/><E69/><V86/><F102/><W73/><G119/><T99/><D91/><U132/><E81/><V11/><F105/><W103/><G79/><T74/><D74/><U5/><E27/><V89/><F11/><W9/><G9/><T32/><D135/><U25/><E25/><V35/><F35/><N who="0" m="13354" /><D99/><U130/><E16/><V19/><F76/><W134/><G26/><T65/><D104/><U60/><E60/><V110/><F110/><N who="0" m="42026" /><D97/><U118/><E118/><V2/><F2/><W67/><G61/><N who="0" m="39983" /><D66/><U93/><E132/><V133/><F133/><W8/><G134/><T20/><D20/><U45/><E93/><N who="2" m="58511" /><F86/><W109/><G109/><T70/><D70/><U39/><E127/><V29/><F29/><W62/><G62/><T87/><D87/><U43/><E125/><V33/><F33/><W80/><G80/><T131/><D44/><U121/><E45/><V15/><AGARI ba="1,0" hai="15,19,22,46,47,55,59,63,85,89,94" m="58511" machi="15" ten="30,1100,0" yaku="8,1" doraHai="1" who="2" fromWho="2" sc="370,-6,130,-4,250,14,250,-4" /><INIT seed="1,0,0,0,2,121" ten="364,126,264,246" oya="1" hai0="133,78,104,96,105,16,7,10,58,59,114,11,24" hai1="57,40,19,13,100,75,99,70,60,103,45,94,6" hai2="117,20,102,64,32,1,15,76,55,41,17,9,88" hai3="128,66,132,87,30,8,130,85,89,91,124,127,126"/><U65/><E75/><V2/><F102/><W31/><G66/><T123/><D114/><U122/><E122/><V98/><F117/><W27/><G8/><T56/><D133/><U81/><E81/><V63/><F32/><W25/><REACH who="3" step="1"/><G126/><REACH who="3" ten="364,126,264,236" step="2"/><T33/><D10/><U86/><E6/><V38/><F9/><W3/><G3/><T108/><D123/><U50/><E70/><V134/><F64/><W21/><G21/><T61/><D33/><U101/><REACH who="1" step="1"/><E86/><REACH who="1" ten="364,116,264,236" step="2"/><V52/><F2/><W84/><G84/><T107/><D96/><U29/><E29/><V74/><F74/><W72/><G72/><T83/><D83/><U44/><E44/><V36/><F1/><W51/><G51/><T28/><D28/><U97/><E97/><V110/><F98/><W26/><G26/><T111/><D24/><U18/><E18/><V68/><F17/><W37/><G37/><T73/><D16/><U79/><E79/><V53/><F76/><W90/><G90/><T77/><D78/><U35/><E35/><V14/><F88/><W119/><G119/><T23/><D77/><U54/><E54/><V0/><F55/><W93/><G93/><T12/><D73/><U47/><E47/><V22/><F53/><W125/><G125/><T80/><D80/><U62/><E62/><V131/><F63/><W135/><AGARI ba="0,2" hai="25,27,30,31,85,87,89,91,124,127,128,130,132,135" machi="135" ten="25,6400,0" yaku="1,1,0,1,22,2,53,0" doraHai="121" doraHaiUra="109" who="3" fromWho="3" sc="364,-16,116,-32,264,-16,236,84" /><INIT seed="2,0,0,4,2,59" ten="348,84,248,320" oya="2" hai0="19,114,63,2,73,62,12,49,76,47,43,17,13" hai1="6,29,11,98,33,46,31,51,93,88,91,89,10" hai2="16,101,109,115,0,9,123,71,104,135,22,84,15" hai3="125,96,18,41,128,35,28,1,65,20,25,111,118"/><V129/><F123/><W85/><G118/><T37/><D2/><U55/><E11/><V120/><F120/><W24/><G1/><T103/><D114/><U110/><E110/><V72/><F72/><W34/><G111/><T57/><D103/><U66/><E66/><V86/><F109/><W74/><G74/><T44/><D76/><U38/><E38/><V81/><F135/><W90/><G125/><T69/><D69/><U117/><E117/><V127/><F115/><W39/><G128/><T77/><D77/><U116/><E116/><V3/><F71/><W119/><G119/><T95/><D73/><U64/><E64/><V4/><F127/><W99/><G35/><T32/><D95/><U78/><E78/><V100/><F129/><W56/><G41/><T97/><D97/><U40/><E40/><V107/><F3/><W42/><G42/><T92/><D92/><U50/><E50/><V7/><F7/><W113/><G39/><T133/><D133/><U8/><E8/><V14/><F0/><W121/><G113/><T68/><D68/><U94/><E33/><V130/><F130/><W126/><G126/><T5/><D5/><U83/><E83/><V108/><F108/><W54/><G65/><T48/><D32/><U23/><E23/><V30/><F30/><N who="1" m="11273" /><E94/><V79/><REACH who="2" step="1"/><F86/><REACH who="2" ten="348,84,238,320" step="2"/><W131/><G131/><T67/><D37/><U82/><E82/><V21/><F21/><N who="3" m="15375" /><G121/><T105/><D43/><U36/><E36/><V70/><F70/><W26/><G34/><T27/><D27/><U80/><E80/><V58/><F58/><W112/><G26/><RYUUKYOKU ba="0,1" sc="348,-15,84,15,238,15,320,-15" hai1="6,10,46,51,55,88,89,91,93,98" hai2="4,9,14,15,16,22,79,81,84,100,101,104,107" /><INIT seed="2,1,1,2,4,3" ten="333,99,253,305" oya="2" hai0="71,132,69,7,63,51,33,116,8,39,83,130,31" hai1="53,72,114,44,40,117,48,5,17,32,25,127,107" hai2="93,62,123,109,90,133,98,85,27,89,125,79,86" hai3="78,92,36,41,129,11,97,104,22,29,2,1,6"/><V16/><F123/><W118/><G118/><T88/><D39/><U15/><E117/><V135/><F62/><W75/><G129/><T122/><D122/><U106/><E114/><V59/><F59/><W24/><G104/><T30/><D116/><U14/><E72/><V81/><F27/><W77/><G2/><T105/><D105/><U57/><E127/><V100/><F16/><W76/><G97/><T4/><D130/><U21/><E15/><V54/><F54/><W115/><G115/><T113/><D113/><U18/><E32/><V9/><F9/><W45/><REACH who="3" step="1"/><G92/><REACH who="3" ten="333,99,253,295" step="2"/><T102/><D132/><N who="2" m="50762" /><F125/><W74/><AGARI ba="1,2" hai="1,6,11,22,24,29,36,41,45,74,75,76,77,78" machi="74" ten="30,4000,0" yaku="1,1,0,1,52,1,53,0" doraHai="3" doraHaiUra="47" who="3" fromWho="3" sc="333,-11,99,-11,253,-21,295,63" /><INIT seed="3,0,0,4,4,124" ten="322,88,232,358" oya="3" hai0="79,115,111,56,123,100,61,96,127,52,114,33,85" hai1="93,68,51,72,87,57,58,103,128,108,86,73,118" hai2="122,106,101,7,29,105,102,27,38,135,59,46,91" hai3="110,9,113,125,47,83,62,15,120,42,97,88,10"/><W18/><G120/><T24/><D123/><U63/><E68/><V45/><F122/><W65/><G113/><N who="0" m="43019" /><D111/><U74/><E108/><V70/><F70/><W1/><G125/><T109/><D109/><U94/><E118/><V39/><F7/><W13/><G1/><T133/><D127/><U21/><E21/><V132/><F91/><W34/><G34/><T8/><D133/><N who="2" m="51274" /><F59/><W107/><G107/><N who="2" m="40969" /><F27/><W19/><G110/><T2/><D2/><U36/><E36/><N who="2" m="13867" /><F29/><W69/><G42/><T84/><D8/><U82/><E51/><V53/><F53/><W49/><G49/><T26/><D24/><U22/><E22/><V89/><F89/><W11/><G11/><T116/><D79/><U134/><E134/><V50/><F50/><W55/><G55/><T76/><D76/><U5/><E5/><V32/><F32/><W37/><G37/><T6/><D6/><U41/><E41/><V25/><F25/><W31/><G31/><N who="0" m="19703" /><D116/><U17/><E17/><V78/><F78/><W129/><G47/><AGARI ba="0,0" hai="45,46,47,101,102" m="13867,40969,51274" machi="47" ten="40,5200,0" yaku="28,2,20,1" doraHai="124" who="2" fromWho="3" sc="322,0,88,0,232,52,358,-52" /><INIT seed="4,0,0,0,5,52" ten="322,88,284,306" oya="0" hai0="1,18,58,17,91,118,85,33,86,103,13,99,125" hai1="51,89,37,112,29,111,50,23,117,130,73,41,94" hai2="66,9,8,36,72,127,74,93,115,53,135,81,67" hai3="32,14,16,78,54,121,48,60,43,25,64,134,96"/><T11/><D118/><U131/><E117/><V84/><F36/><W106/><G121/><T124/><D33/><U102/><E111/><V109/><F109/><W132/><G43/><T88/><D1/><U3/><E3/><V120/><F93/><W76/><G106/><T21/><D86/><U129/><E102/><V6/><F115/><W92/><G32/><T119/><D119/><U57/><E73/><V104/><F127/><N who="0" m="48714" /><D85/><U95/><E112/><V45/><F104/><W59/><G25/><N who="0" m="14511" /><D58/><U42/><E37/><V83/><F84/><W22/><G134/><T123/><D123/><U40/><E95/><AGARI ba="0,0" hai="11,13,18,88,91,95,99,103" m="14511,48714" machi="95" ten="30,2900,0" yaku="18,1,54,1" doraHai="52" who="0" fromWho="1" sc="322,29,88,-29,284,0,306,0" /><INIT seed="4,1,0,0,1,112" ten="351,59,284,306" oya="0" hai0="124,9,34,21,20,55,97,27,109,15,12,128,77" hai1="116,113,71,4,126,108,129,17,72,70,93,132,8" hai2="83,26,68,54,39,114,6,65,100,84,127,42,117" hai3="45,99,30,18,1,78,69,38,40,51,3,52,50"/><T121/><D121/><U5/><E93/><V106/><F114/><W13/><G69/><T57/><D77/><U28/><E28/><V66/><F127/><W43/><G30/><T110/><D124/><U35/><E17/><V33/><F54/><W14/><G78/><T92/><D128/><U11/><E11/><V131/><F42/><W36/><G99/><T94/><D34/><U16/><E16/><V79/><F39/><W111/><G111/><N who="0" m="42507" /><D97/><U101/><E8/><V64/><F6/><W56/><G43/><T47/><D47/><U130/><E101/><V29/><F131/><W95/><G95/><N who="0" m="36395" /><D27/><U62/><E5/><V63/><REACH who="2" step="1"/><F117/><REACH who="2" ten="351,59,274,306" step="2"/><W41/><G41/><T37/><D37/><U105/><E4/><V103/><F103/><W90/><G38/><T120/><D120/><U91/><E130/><V135/><F135/><W134/><G36/><T133/><D133/><U25/><E132/><V48/><F48/><W46/><G134/><T58/><D55/><U49/><E49/><V60/><F60/><W107/><G50/><T86/><D9/><U123/><E129/><V98/><AGARI ba="1,1" hai="26,29,33,63,64,65,66,68,79,83,84,98,100,106" machi="98" ten="30,7900,0" yaku="1,1,0,1,25,2,53,0" doraHai="112" doraHaiUra="85" who="2" fromWho="2" sc="351,-40,59,-21,274,92,306,-21" /><INIT seed="5,0,0,5,3,93" ten="311,38,366,285" oya="1" hai0="74,64,90,71,34,63,80,13,103,47,51,56,128" hai1="49,35,85,131,130,113,8,28,33,112,76,105,1" hai2="23,132,24,19,62,104,75,21,17,96,125,36,60" hai3="32,45,72,48,58,91,31,120,0,4,98,54,11"/><U82/><E105/><V86/><F75/><W65/><G120/><T29/><D128/><N who="1" m="49195" /><E49/><V38/><F125/><W127/><G72/><T41/><D103/><U83/><E83/><V50/><F132/><W2/><G2/><T100/><D100/><U116/><E116/><V111/><F111/><W94/><G127/><T30/><D34/><N who="1" m="12811" /><E28/><V126/><F50/><W57/><REACH who="3" step="1"/><G65/><REACH who="3" ten="311,38,366,275" step="2"/><T101/><D64/><U81/><E81/><V124/><F126/><W3/><G3/><T121/><D80/><U133/><E133/><V106/><F124/><W102/><G102/><T123/><D101/><U12/><E1/><V66/><F66/><W95/><G95/><T97/><D74/><U52/><E52/><V108/><F106/><W109/><G109/><T110/><D110/><U22/><E22/><V78/><F23/><W135/><G135/><T89/><D121/><U18/><AGARI ba="0,1" hai="8,12,18,76,82,85,112,113" m="12811,49195" machi="18" ten="40,2100,0" yaku="19,1" doraHai="93" who="1" fromWho="1" sc="311,-7,38,31,366,-7,275,-7" /><INIT seed="5,1,0,2,1,22" ten="304,69,359,268" oya="1" hai0="62,65,71,54,132,104,112,86,75,118,100,90,42" hai1="39,70,128,66,119,95,36,59,68,82,103,101,15" hai2="125,96,16,72,35,40,51,45,116,30,89,17,18" hai3="84,0,88,10,41,37,80,14,133,43,98,47,4"/><U48/><E119/><V33/><F116/><W85/><G133/><T130/><D118/><U27/><E128/><V29/><F72/><W12/><G98/><T8/><D132/><U76/><E39/><V102/><F125/><W58/><G43/><T5/><D75/><U3/><E3/><V31/><REACH who="2" step="1"/><F89/><REACH who="2" ten="304,69,349,268" step="2"/><W24/><G58/><T108/><D130/><U105/><E70/><V78/><F78/><W7/><G7/><T34/><D71/><U127/><E68/><V73/><F73/><W2/><G2/><T114/><D5/><U50/><E127/><V113/><F113/><W23/><REACH who="3" step="1"/><G84/><REACH who="3" ten="304,69,349,258" step="2"/><T52/><D86/><U135/><E135/><V64/><F64/><W122/><G122/><T74/><D65/><U117/><E117/><V107/><AGARI ba="1,2" hai="16,17,18,29,30,31,33,35,40,45,51,96,102,107" machi="107" ten="30,4000,0" yaku="1,1,0,1,54,1,53,0" doraHai="22" doraHaiUra="32" who="2" fromWho="2" sc="304,-11,69,-21,349,63,258,-11" /><INIT seed="6,0,0,3,2,67" ten="293,48,412,247" oya="2" hai0="131,75,91,23,76,115,33,58,44,74,62,126,85" hai1="71,112,79,55,101,106,9,110,118,116,42,10,86" hai2="77,132,19,29,43,22,1,13,113,127,38,100,24" hai3="123,128,59,25,35,60,32,0,94,105,95,96,107"/><V130/><F77/><W119/><G119/><T81/><D115/><U66/><E112/><V31/><F113/><W104/><G0/><T47/><D126/><U45/><E110/><V70/><F100/><W12/><G123/><T73/><D131/><U90/><E79/><V18/><F38/><W97/><G128/><T103/><D33/><U57/><E101/><V134/><F43/><W122/><G122/><T125/><D125/><U20/><E106/><V135/><F70/><W61/><G12/><T108/><D108/><U117/><E20/><N who="2" m="13343" /><F130/><W120/><G120/><T27/><D103/><U102/><E102/><V40/><F40/><W69/><G25/><T72/><N who="0" m="18432" /><DORA hai="54" /><T17/><REACH who="0" step="1"/><D76/><REACH who="0" ten="283,48,412,247" step="2"/><U83/><E66/><AGARI ba="0,1" hai="17,23,27,44,47,58,62,66,81,85,91" m="18432" machi="66" ten="70,8000,1" yaku="1,1,2,1,52,1,53,1" doraHai="67,54" doraHaiUra="14,121" who="0" fromWho="1" sc="283,90,48,-80,412,0,247,0" owari="373,17.3,-32,-53.2,412,51.2,247,-15.3" /></mjloggm>