<mjloggm ver="2.3"><GO type="41" lobby="0"/><UN n0="%E7%B4%80%E9%98%BF%E9%9C%B8" n1="%74%6F%68%72%75%37%37%37" n2="%6D%72%2E%42%49%47" n3="%E2%93%9D%4C%75%63%6B%79%4A" dan="14,13,13,17" rate="1917.73,1908.34,1868.56,2140.18" sx="M,M,M,M"/><TAIKYOKU oya="0"/><INIT seed="0,0,0,2,1,41" ten="250,250,250,250" oya="0" hai0="49,12,123,108,119,122,6,104,3,28,5,85,105" hai1="51,29,21,53,114,118,17,73,83,71,68,32,66" hai2="67,124,135,90,26,65,31,110,120,107,127,34,101" hai3="72,30,76,130,47,88,134,121,96,39,2,75,106"/><T63/><D119/><U112/><E118/><V50/><F120/><W91/><G2/><T132/><D3/><U70/><E29/><V80/><F135/><W54/><G134/><T48/><D132/><U113/><E32/><V0/><F0/><W27/><G121/><T13/><D28/><U116/><E116/><V131/><F110/><W42/><G54/><T59/><D85/><U57/><E83/><V133/><F133/><W99/><G130/><T20/><D20/><U46/><E73/><V100/><F131/><W7/><G7/><T15/><D63/><U33/><E33/><V45/><F107/><W125/><G125/><N who="2" m="48201" /><F90/><W35/><G99/><T117/><D117/><U86/><E86/><V129/><F80/><W128/><G128/><T115/><D13/><U81/><E81/><V69/><F69/><W126/><G126/><T40/><D59/><U14/><E57/><V92/><F129/><W36/><G39/><T56/><D56/><U78/><E78/><V52/><F92/><W8/><G76/><T9/><D40/><U11/><E11/><V77/><F77/><W87/><G8/><T82/><D9/><U38/><E38/><V24/><F24/><W37/><G37/><T95/><D82/><U25/><E25/><V93/><F93/><N who="3" m="54527" /><G106/><T16/><D95/><U1/><REACH who="1" step="1"/><E1/><REACH who="1" ten="250,240,250,250" step="2"/><V58/><F58/><W74/><G75/><T18/><REACH who="0" step="1"/><D108/><REACH who="0" ten="240,240,250,250" step="2"/><U98/><E98/><V94/><F94/><N who="3" m="56391" /><G74/><T43/><D43/><U19/><E19/><V102/><AGARI ba="0,2" hai="26,31,34,45,50,52,65,67,100,101,102" m="48201" machi="102" ten="30,4000,0" yaku="18,1,52,1,54,1" doraHai="41" who="2" fromWho="2" sc="240,-20,240,-10,250,60,250,-10" /><INIT seed="1,0,0,3,1,55" ten="220,230,310,240" oya="1" hai0="95,127,114,109,90,11,26,115,17,132,34,122,81" hai1="84,129,66,15,43,100,112,116,10,128,62,6,39" hai2="74,110,78,51,18,50,48,22,9,76,45,37,42" hai3="20,82,83,130,123,98,36,58,2,118,97,69,96"/><U133/><E116/><V93/><F110/><W106/><G69/><T14/><D109/><U105/><E112/><V121/><F121/><W104/><G2/><T1/><D122/><U107/><E133/><V124/><F124/><W134/><G36/><T33/><D127/><U23/><E23/><V64/><F9/><W120/><G20/><T111/><D111/><U31/><E31/><V73/><F93/><W131/><G58/><T25/><D81/><N who="3" m="30729" /><G118/><T77/><D77/><U72/><E84/><V63/><F76/><W30/><G30/><T68/><D68/><U99/><E107/><N who="3" m="41002" /><G134/><T24/><D1/><U125/><E72/><V8/><F78/><W85/><G85/><T135/><D90/><U80/><E80/><V41/><F8/><W59/><G59/><T27/><D95/><U94/><E105/><V49/><N who="2" m="12288" /><DORA hai="87" /><V86/><F86/><W4/><G4/><T75/><D75/><U70/><REACH who="1" step="1"/><E125/><REACH who="1" ten="220,220,310,240" step="2"/><V88/><F73/><W89/><G123/><T67/><D132/><U119/><E119/><V126/><F74/><W103/><G120/><T102/><D135/><U101/><E101/><V0/><F126/><W35/><G103/><T19/><D102/><U60/><E60/><V56/><F42/><W92/><G35/><N who="0" m="13323" /><D115/><U47/><AGARI ba="0,1" hai="6,10,15,39,43,47,62,66,70,94,99,100,128,129" machi="47" ten="30,3000,0" yaku="1,1,0,1,53,0" doraHai="55,87" doraHaiUra="21,46" who="1" fromWho="1" sc="220,-10,220,40,310,-10,240,-10" /><INIT seed="1,1,0,0,3,120" ten="210,260,300,230" oya="1" hai0="24,91,0,20,104,101,16,72,117,32,100,49,31" hai1="13,82,2,9,63,46,51,64,39,62,68,6,74" hai2="18,81,61,94,56,58,12,118,22,21,109,8,98" hai3="27,48,29,73,89,59,108,66,70,86,132,45,79"/><U78/><E63/><V35/><F118/><W71/><G73/><T65/><D117/><U125/><E13/><V54/><F35/><W114/><G79/><T103/><D0/><U33/><E51/><V92/><F109/><W131/><G131/><T3/><D3/><U115/><E115/><V15/><F81/><W47/><G132/><T69/><D72/><U113/><E113/><V110/><F110/><W90/><G90/><T112/><D112/><U102/><E102/><V40/><F40/><W43/><G47/><T37/><D37/><U106/><E125/><V105/><F105/><W23/><G108/><T55/><D91/><U44/><E44/><V80/><F80/><W10/><G10/><T130/><D130/><U95/><E95/><V96/><F61/><W134/><G134/><T121/><D121/><U126/><E126/><V107/><F107/><W41/><G43/><T7/><D7/><U11/><E11/><V42/><F42/><W57/><G66/><T93/><D104/><U1/><E106/><V84/><F8/><W116/><G116/><T87/><D87/><U60/><E60/><V67/><F84/><W14/><G14/><N who="0" m="9239" /><D65/><U124/><E124/><V97/><F67/><W38/><G114/><T36/><D36/><U30/><E1/><V88/><F97/><W53/><REACH who="3" step="1"/><G59/><REACH who="3" ten="210,260,300,220" step="2"/><N who="0" m="33263" /><D69/><U76/><E76/><V111/><F111/><W133/><G133/><T129/><D129/><U52/><E39/><V19/><F54/><W77/><G77/><T26/><D26/><N who="1" m="18647" /><E52/><V75/><F75/><W127/><G127/><T122/><D122/><U50/><E46/><RYUUKYOKU ba="1,1" sc="210,0,260,0,300,0,220,0" hai0="24,31,32,93,100,101,103" hai1="2,6,9,50,62,64,68,74,78,82" hai2="12,15,18,19,21,22,56,58,88,92,94,96,98" hai3="23,27,29,38,41,45,48,53,57,70,71,86,89" /><INIT seed="1,2,1,5,4,123" ten="210,260,300,220" oya="1" hai0="94,29,11,108,22,126,44,89,95,90,78,77,51" hai1="0,60,132,124,117,23,68,18,106,118,112,26,16" hai2="121,113,2,5,7,61,91,49,86,13,127,42,70" hai3="71,92,47,59,32,85,69,46,79,14,3,25,34"/><U28/><E106/><V64/><F121/><W104/><G3/><T75/><D126/><U21/><E68/><V30/><F127/><W74/><G104/><T1/><D75/><U107/><E124/><V19/><F113/><W39/><G14/><T9/><D1/><U101/><E112/><V131/><F30/><W40/><G59/><T125/><D125/><U111/><E132/><V12/><F131/><W66/><G85/><T41/><D108/><U73/><E73/><V10/><F13/><W65/><G92/><T33/><D33/><U62/><E0/><V109/><F109/><W57/><G25/><N who="0" m="16567" /><D77/><U135/><E135/><V45/><REACH who="2" step="1"/><F2/><REACH who="2" ten="210,260,290,220" step="2"/><W103/><G34/><T81/><D9/><U53/><E111/><V17/><F17/><W100/><G32/><T110/><D11/><U99/><E28/><V37/><F37/><W119/><G39/><T129/><D110/><U58/><E62/><V133/><F133/><W67/><G71/><T38/><D129/><U105/><E105/><V43/><F43/><W82/><G40/><T102/><D38/><U93/><E107/><V8/><F8/><W76/><G69/><T96/><D41/><U24/><AGARI ba="2,2" hai="16,18,21,23,24,26,53,58,60,93,99,101,117,118" machi="24" ten="20,7800,0" yaku="0,1,7,1,9,1,54,1" doraHai="123" who="1" fromWho="1" sc="210,-28,260,104,290,-28,220,-28" /><INIT seed="1,3,0,0,5,79" ten="182,364,262,192" oya="1" hai0="3,89,92,116,42,54,123,19,110,107,15,100,34" hai1="84,70,129,80,4,2,16,52,35,75,38,77,88" hai2="23,53,51,72,125,131,39,94,57,24,113,28,25" hai3="96,106,99,81,95,59,21,91,83,1,127,101,121"/><U112/><E70/><V103/><F125/><W78/><G1/><T109/><D116/><U9/><E129/><V30/><F131/><W74/><G21/><T97/><D3/><U20/><E38/><V134/><F134/><W0/><G0/><T71/><D123/><U87/><E35/><V63/><F39/><W122/><G59/><T114/><D114/><U61/><E112/><V5/><F5/><W66/><G66/><T13/><D34/><U37/><E37/><V108/><F113/><W98/><G127/><T132/><D132/><U115/><E115/><V105/><F72/><W10/><G10/><T12/><D71/><U133/><E133/><V60/><F105/><W11/><G11/><T56/><D42/><U29/><E29/><V73/><F73/><N who="3" m="43471" /><G99/><T118/><D118/><U41/><E41/><V120/><F120/><W124/><G124/><T130/><D130/><U14/><REACH who="1" step="1"/><E88/><REACH who="1" ten="182,354,262,192" step="2"/><V111/><F111/><W82/><G122/><T17/><D109/><U90/><E90/><V62/><F108/><W119/><G121/><T102/><D110/><U6/><E6/><V47/><F103/><N who="0" m="39466" /><D107/><U93/><E93/><V44/><REACH who="2" step="1"/><F94/><REACH who="2" ten="182,354,252,192" step="2"/><W68/><G119/><T32/><D32/><AGARI ba="3,2" hai="23,24,25,28,30,32,44,47,51,53,57,60,62,63" machi="32" ten="40,2600,0" yaku="1,1,2,1,53,0" doraHai="79" doraHaiUra="85" who="2" fromWho="0" sc="182,-35,354,0,252,55,192,0" /><INIT seed="2,0,0,1,2,126" ten="147,354,307,192" oya="2" hai0="27,103,107,111,70,133,122,86,34,26,135,119,114" hai1="1,35,12,63,17,4,46,134,100,92,21,84,32" hai2="58,31,24,14,6,78,10,64,37,98,61,30,18" hai3="91,13,5,99,124,42,95,112,16,52,57,132,115"/><V55/><F37/><W89/><G132/><T74/><RYUUKYOKU type="yao9" ba="0,0" sc="147,0,354,0,307,0,192,0" hai0="26,27,34,70,74,86,103,107,111,114,119,122,133,135" /><INIT seed="2,1,0,4,0,53" ten="147,354,307,192" oya="2" hai0="89,36,132,60,6,52,118,58,19,50,130,15,79" hai1="72,63,78,37,99,41,84,30,129,83,96,65,20" hai2="33,102,8,95,86,85,123,44,70,77,21,124,119" hai3="14,49,40,111,113,135,62,133,46,94,16,108,9"/><V128/><F123/><W122/><G122/><T22/><D130/><U110/><E129/><V17/><F128/><W91/><G113/><T127/><D127/><U10/><E110/><V116/><F124/><W107/><G107/><T69/><D132/><N who="3" m="50761" /><G62/><T23/><D36/><U31/><E37/><V12/><F33/><W114/><G114/><T43/><D118/><U7/><E41/><V105/><F70/><W134/><N who="3" m="50769" /><W26/><DORA hai="28" /><G26/><T57/><D6/><U35/><E72/><V18/><F116/><W48/><G49/><T75/><D69/><U100/><E35/><V76/><F119/><W0/><G0/><T24/><D89/><U55/><E55/><V3/><F3/><W5/><G5/><T87/><D75/><U120/><E20/><V67/><F44/><W51/><G51/><T88/><D79/><N who="2" m="30282" /><F105/><W47/><G47/><N who="0" m="27743" /><D43/><U32/><E32/><V93/><F67/><W90/><G94/><N who="2" m="35849" /><F102/><W98/><G98/><N who="1" m="37418" /><E100/><V103/><F103/><W101/><G101/><T34/><D34/><U39/><E39/><V73/><F73/><W25/><G25/><AGARI ba="1,0" hai="8,12,17,18,21,25,85,86" m="35849,30282" machi="25" ten="30,1500,0" yaku="8,1" doraHai="53,28" who="2" fromWho="3" sc="147,0,354,0,307,18,192,-18" /><INIT seed="2,2,0,4,1,112" ten="147,354,325,174" oya="2" hai0="65,90,120,54,72,133,110,49,129,111,26,20,19" hai1="128,61,86,64,102,6,88,1,124,91,39,113,122" hai2="3,115,93,118,4,31,9,106,94,75,29,25,37" hai3="68,32,78,48,15,73,35,114,43,127,116,22,2"/><V104/><F115/><W66/><G114/><T45/><D120/><U24/><E113/><V18/><F75/><W89/><G2/><T40/><D129/><U87/><E122/><V47/><F118/><W14/><G89/><T100/><D133/><U131/><E39/><V119/><F119/><W134/><G66/><T51/><D72/><U125/><E102/><V28/><F94/><W16/><G68/><T30/><D65/><U98/><E24/><V58/><F58/><W21/><G127/><N who="1" m="48714" /><E6/><V83/><F83/><W12/><G116/><T105/><D30/><U135/><E1/><V69/><F69/><W81/><G134/><T41/><D90/><N who="1" m="34347" /><E135/><V123/><F93/><W103/><G103/><T55/><D100/><U82/><E98/><V13/><F25/><W44/><REACH who="3" step="1"/><G22/><REACH who="3" ten="147,354,325,164" step="2"/><T52/><REACH who="0" step="1"/><D105/><REACH who="0" ten="137,354,325,164" step="2"/><U57/><E82/><V77/><F123/><W84/><G84/><AGARI ba="2,2" hai="57,61,64,84,86,87,128,131" m="34347,48714" machi="84" ten="30,2000,0" yaku="18,1,54,1" doraHai="112" who="1" fromWho="3" sc="137,0,354,46,325,0,164,-26" /><INIT seed="3,0,0,4,3,57" ten="137,400,325,138" oya="3" hai0="42,129,33,90,39,96,6,22,29,125,43,72,24" hai1="80,126,70,21,35,91,31,10,40,61,16,46,111" hai2="86,81,25,116,8,98,30,26,113,4,49,120,121" hai3="65,9,85,79,34,0,38,75,44,71,103,100,122"/><W93/><G122/><N who="2" m="47209" /><F116/><W52/><G34/><T2/><D125/><U83/><E126/><V7/><F113/><W78/><G75/><T17/><D129/><U124/><E124/><V105/><F49/><W117/><G71/><T110/><D72/><U23/><E111/><V131/><F131/><W82/><G65/><T18/><D110/><U94/><E35/><N who="2" m="20943" /><F26/><W13/><G0/><T11/><D39/><U118/><E31/><V119/><F119/><W20/><G20/><T67/><D67/><U130/><E23/><V15/><F98/><W107/><G107/><T109/><D109/><U89/><E10/><V69/><F69/><W41/><G79/><T56/><D56/><U3/><E91/><N who="2" m="51663" /><F105/><W104/><G104/><T68/><D68/><U47/><E118/><V66/><F66/><W106/><G106/><T128/><D128/><U108/><E108/><V62/><F62/><W14/><G117/><T28/><D28/><U51/><E3/><V50/><F50/><W53/><G14/><N who="0" m="9527" /><D18/><AGARI ba="0,0" hai="4,7,8,15,18" m="51663,20943,47209" machi="18" ten="30,1000,0" yaku="13,1" doraHai="57" who="2" fromWho="0" sc="137,-10,400,0,325,10,138,0" /><INIT seed="4,0,0,1,4,103" ten="127,400,335,138" oya="0" hai0="9,116,27,16,97,83,35,128,63,17,65,89,5" hai1="111,58,115,26,130,30,47,23,45,94,96,70,29" hai2="120,87,15,43,8,77,129,101,69,125,38,104,62" hai3="21,114,79,13,71,14,81,91,57,32,46,102,112"/><T12/><D116/><U52/><E115/><N who="3" m="44074" /><G71/><T134/><D128/><U0/><E130/><V92/><F129/><W1/><G32/><T7/><D134/><U74/><E70/><V110/><F120/><W72/><G1/><T117/><D117/><U105/><E74/><V122/><F122/><W48/><G91/><T109/><D109/><U39/><E0/><V55/><F110/><W80/><G81/><T64/><D64/><U76/><E76/><V95/><F69/><W84/><G102/><T68/><D35/><U113/><E113/><V41/><F38/><W82/><G57/><T49/><D49/><U121/><E111/><V10/><F10/><W61/><G61/><T4/><D27/><U85/><E39/><V56/><F125/><W126/><G21/><T24/><D24/><U90/><E30/><V36/><F36/><W59/><G59/><T19/><REACH who="0" step="1"/><D83/><REACH who="0" ten="117,400,335,138" step="2"/><U67/><E67/><V133/><F133/><W106/><G126/><T22/><D22/><U100/><E121/><V6/><F62/><AGARI ba="0,1" hai="23,26,29,45,47,52,58,62,85,90,94,96,100,105" machi="62" ten="30,3900,0" yaku="7,1,52,1,54,1" doraHai="103" who="1" fromWho="2" sc="117,0,400,49,335,-39,138,0" /><INIT seed="5,0,0,3,3,10" ten="117,449,296,138" oya="1" hai0="102,41,37,65,69,98,104,34,96,123,85,27,12" hai1="29,105,78,43,89,16,40,24,91,26,28,71,128" hai2="92,99,80,47,108,66,7,121,0,2,23,114,3" hai3="68,73,127,109,101,42,116,8,57,32,36,94,90"/><U125/><E71/><V84/><F108/><W86/><G109/><T5/><D123/><U70/><E70/><V35/><F35/><W22/><G32/><T51/><D37/><U46/><E105/><V87/><F121/><W44/><G68/><T111/><D111/><U76/><E125/><V83/><F66/><W60/><G73/><T103/><D85/><U132/><E132/><V112/><F47/><W52/><G127/><T61/><D51/><U58/><E58/><V11/><F23/><W53/><G116/><T79/><D79/><U50/><E128/><V48/><F48/><W54/><G101/><T110/><D41/><U118/><E118/><V120/><F120/><W17/><REACH who="3" step="1"/><G8/><REACH who="3" ten="117,449,296,128" step="2"/><N who="0" m="4111" /><D110/><U72/><E72/><V134/><F134/><W129/><G129/><T135/><D135/><U130/><E130/><V133/><F133/><W88/><G88/><T13/><D103/><U81/><E91/><V56/><F83/><W119/><G119/><T117/><D117/><U38/><E89/><V77/><F80/><W95/><G95/><T131/><D131/><U21/><E78/><V49/><F77/><W45/><G45/><T107/><D107/><U75/><E38/><V126/><F92/><W64/><G64/><T122/><D122/><U82/><E82/><V18/><F126/><W14/><AGARI ba="0,1" hai="14,17,22,36,42,44,52,53,54,57,60,86,90,94" machi="14" ten="20,8000,1" yaku="1,1,0,1,7,1,52,1,54,1,53,0" doraHai="10" doraHaiUra="62" who="3" fromWho="3" sc="117,-20,449,-40,296,-20,128,90" /><INIT seed="6,0,0,4,2,57" ten="97,409,276,218" oya="2" hai0="92,74,34,9,75,19,23,114,133,53,17,4,21" hai1="131,77,120,80,110,59,73,95,15,86,127,87,101" hai2="1,46,103,28,121,126,90,14,32,2,91,106,78" hai3="12,82,8,84,65,27,76,55,132,69,102,35,97"/><V50/><F121/><W44/><G132/><T60/><D133/><U42/><E110/><V16/><F126/><W26/><G35/><T5/><D34/><U66/><E127/><V122/><F122/><W107/><G69/><T93/><D114/><U128/><E120/><V115/><F115/><W38/><G65/><T11/><REACH who="0" step="1"/><D53/><REACH who="0" ten="87,409,276,218" step="2"/><U85/><E42/><V79/><F2/><W13/><G55/><T98/><D98/><U30/><E131/><V36/><F1/><W6/><G97/><T71/><D71/><U10/><E128/><V119/><F119/><W68/><G68/><T105/><D105/><U33/><E33/><V63/><F106/><W124/><G107/><T81/><D81/><U39/><E39/><V129/><F36/><W99/><G38/><T40/><D40/><U89/><E30/><V123/><F32/><W25/><G124/><T113/><D113/><U58/><E66/><V47/><F123/><W135/><G135/><T64/><D64/><U109/><E109/><V45/><F129/><W83/><G83/><T0/><D0/><U117/><E117/><V54/><F28/><W61/><G82/><T67/><D67/><U51/><E101/><V20/><F103/><W116/><G102/><T108/><D108/><U7/><REACH who="1" step="1"/><E51/><REACH who="1" ten="87,399,276,218" step="2"/><V56/><REACH who="2" step="1"/><F50/><REACH who="2" ten="87,399,266,218" step="2"/><W18/><G116/><T100/><D100/><U72/><E72/><V130/><F130/><W22/><G22/><T118/><D118/><U41/><E41/><V96/><F96/><AGARI ba="0,3" hai="7,10,15,58,59,73,77,80,85,86,87,89,95,96" machi="96" ten="40,2600,0" yaku="1,1,53,1" doraHai="57" doraHaiUra="104" who="1" fromWho="2" sc="87,0,399,56,266,-26,218,0" /><INIT seed="7,0,0,3,2,70" ten="87,455,240,218" oya="3" hai0="1,30,106,81,19,87,107,14,113,84,56,6,92" hai1="83,102,74,129,61,118,132,110,21,10,49,120,75" hai2="9,105,22,108,5,41,33,37,135,116,124,130,54" hai3="101,63,104,43,45,72,7,40,71,51,46,35,103"/><W134/><G35/><T48/><D30/><U58/><E10/><V24/><F116/><W18/><G72/><T111/><D111/><U12/><E12/><V38/><F108/><W126/><G126/><T99/><D113/><U39/><E21/><V55/><F124/><W133/><G7/><T32/><D32/><U59/><E102/><V25/><F33/><W90/><G90/><T69/><D69/><U119/><E83/><V2/><F135/><N who="3" m="51723" /><G18/><T73/><D73/><U114/><E49/><V15/><F105/><W127/><G127/><T0/><D106/><U121/><E61/><V78/><F130/><W91/><G91/><T53/><D107/><U64/><E64/><V62/><F78/><W50/><G104/><T17/><D0/><U27/><E132/><V60/><F2/><W23/><G23/><T131/><D131/><U66/><E114/><V80/><F80/><W16/><G16/><T36/><D36/><U109/><E39/><V93/><F93/><W28/><G28/><T95/><D1/><U117/><E66/><AGARI ba="0,0" hai="40,43,45,46,50,51,63,66,71,101,103" m="51723" machi="66" ten="30,1500,0" yaku="20,1" doraHai="70" who="3" fromWho="1" sc="87,0,455,-15,240,0,218,15" /><INIT seed="7,1,0,1,5,102" ten="87,440,240,233" oya="3" hai0="110,70,9,121,76,59,98,126,31,86,24,114,13" hai1="79,39,71,135,60,124,26,67,53,16,118,130,116" hai2="0,20,99,103,74,7,97,3,44,106,63,56,91" hai3="78,19,21,127,83,108,64,22,17,82,75,128,65"/><W66/><G108/><T104/><D59/><U77/><E39/><V125/><F125/><W89/><G127/><T94/><D70/><U35/><E124/><V57/><F74/><W55/><G128/><T133/><D126/><U37/><E37/><V123/><F123/><W15/><G55/><T112/><D13/><U32/><E130/><V96/><F3/><W107/><G107/><T6/><D9/><U101/><E53/><V87/><F44/><W47/><G47/><T14/><D14/><U41/><E41/><V54/><F57/><W30/><G30/><T58/><D58/><U1/><E1/><V61/><F61/><W88/><REACH who="3" step="1"/><G83/><REACH who="3" ten="87,440,240,223" step="2"/><N who="0" m="47463" /><D110/><U52/><E118/><V11/><F20/><W38/><G38/><T8/><D121/><U105/><E116/><V132/><F132/><W33/><G33/><N who="0" m="20711" /><D133/><U134/><E35/><V69/><F69/><W5/><G5/><T62/><D6/><U10/><E32/><V92/><AGARI ba="1,1" hai="0,7,11,54,56,63,87,91,92,96,97,99,103,106" machi="92" ten="20,2700,0" yaku="0,1,7,1,52,1" doraHai="102" who="2" fromWho="2" sc="87,-8,440,-8,240,40,223,-14" owari="79,-42.1,432,53.2,280,8.0,209,-19.1" /></mjloggm>