<mjloggm ver="2.3"><GO type="41" lobby="0"/><UN n0="%E3%83%9F%E3%82%B3%E3%83%A9%E3%82%A4%E3%82%AA%E3%83%BC" n1="%E2%93%9D%4C%75%63%6B%79%4A" n2="%E5%B7%9D%E3%81%AE%E3%81%82%E3%81%84%E3%81%A0" n3="%E3%83%8F%E3%83%BC%E3%83%84%38%31%39%35" dan="14,18,15,13" rate="1909.88,2202.67,1980.22,1854.64" sx="M,M,M,M"/><TAIKYOKU oya="0"/><INIT seed="0,0,0,1,0,14" ten="250,250,250,250" oya="0" hai0="102,128,89,22,112,27,41,11,17,98,101,38,1" hai1="73,25,135,57,15,49,75,129,61,125,67,56,108" hai2="127,20,99,80,30,53,130,32,9,8,40,95,105" hai3="28,0,35,91,93,23,120,123,36,113,45,70,65"/><T126/><D112/><U131/><E25/><V47/><F32/><W77/><G113/><T121/><D121/><U48/><E108/><V119/><F127/><W54/><G77/><T64/><D126/><U63/><E125/><V132/><F105/><W52/><G0/><T97/><D64/><U74/><E15/><V90/><F130/><N who="1" m="49673" /><E135/><V62/><F119/><W18/><G28/><T107/><D41/><U31/><E31/><V82/><F82/><W88/><G35/><T71/><D71/><U5/><E5/><V29/><F29/><W114/><G114/><T21/><D38/><U85/><E85/><V106/><F106/><W124/><G65/><AGARI ba="0,0" hai="48,49,56,57,61,63,65,67,73,74,75" m="49673" machi="65" ten="40,1300,0" yaku="19,1" doraHai="14" who="1" fromWho="3" sc="250,0,250,13,250,0,250,-13" /><INIT seed="1,0,0,1,2,25" ten="250,263,250,237" oya="1" hai0="67,133,114,11,121,85,97,62,22,16,78,87,104" hai1="43,119,29,106,103,81,96,130,128,69,65,13,102" hai2="70,131,92,8,108,7,6,77,55,124,79,95,80" hai3="98,34,48,109,32,44,111,57,14,61,53,10,84"/><U28/><E119/><V118/><F118/><W40/><G98/><T58/><D114/><U60/><E103/><V93/><F70/><W90/><G111/><T134/><D11/><U52/><E43/><V38/><F38/><W21/><G21/><T4/><D4/><U20/><E81/><V83/><F124/><W115/><G115/><T100/><D78/><U74/><E74/><V42/><F42/><W12/><G12/><T1/><D1/><U127/><E127/><V68/><F68/><W35/><G109/><T24/><REACH who="0" step="1"/><D121/><REACH who="0" ten="240,263,250,237" step="2"/><U19/><REACH who="1" step="1"/><E52/><REACH who="1" ten="240,253,250,237" step="2"/><V56/><F55/><W41/><G41/><T116/><D116/><U110/><E110/><V91/><F108/><W27/><G40/><T26/><D26/><U23/><E23/><V122/><F122/><W5/><G27/><T46/><D46/><U117/><E117/><V54/><F54/><W49/><G35/><T101/><D101/><U50/><E50/><V75/><F75/><W15/><G34/><T30/><D30/><AGARI ba="0,2" hai="13,19,20,28,29,30,60,65,69,96,102,106,128,130" machi="30" ten="40,12000,1" yaku="1,1,52,3,53,0" doraHai="25" doraHaiUra="88" who="1" fromWho="0" sc="240,-120,253,140,250,0,237,0" /><INIT seed="1,1,0,2,3,46" ten="120,393,250,237" oya="1" hai0="100,94,134,49,120,29,123,1,2,63,130,32,24" hai1="18,50,131,15,11,55,103,98,60,44,117,83,129" hai2="84,43,8,102,92,97,40,82,78,99,121,25,132" hai3="38,23,22,109,127,86,4,52,26,110,36,112,108"/><U115/><E117/><V65/><F121/><N who="0" m="46666" /><D130/><U14/><E115/><V33/><F132/><W91/><G112/><T59/><D134/><U42/><E15/><V12/><F65/><W7/><G127/><T88/><D100/><U77/><E60/><V66/><F66/><W133/><G133/><T56/><D49/><U35/><E35/><V118/><F118/><W69/><G69/><T41/><D41/><U111/><E111/><V71/><F71/><W72/><G72/><T135/><D135/><U101/><E42/><V128/><F128/><N who="1" m="49225" /><E98/><V64/><F64/><W80/><G36/><T57/><D63/><U122/><E122/><V79/><F79/><W27/><G38/><T28/><D28/><U106/><E106/><V76/><F76/><W3/><G3/><T37/><D37/><U67/><E67/><V58/><F99/><AGARI ba="1,0" hai="1,2,24,29,32,56,57,59,88,94,99" m="46666" machi="99" ten="30,2000,0" yaku="13,1,54,1" doraHai="46" who="0" fromWho="2" sc="120,23,393,0,250,-23,237,0" /><INIT seed="2,0,0,0,1,61" ten="143,393,227,237" oya="2" hai0="76,104,125,72,27,0,44,47,51,36,103,54,111" hai1="131,134,9,38,126,83,110,85,69,95,94,135,56" hai2="70,50,122,16,30,127,66,90,39,73,120,24,80" hai3="115,108,130,21,79,58,25,107,6,109,11,13,99"/><V26/><F39/><W71/><G71/><T53/><D111/><N who="3" m="42569" /><G79/><T43/><D125/><U59/><E110/><V97/><F127/><W88/><G107/><T7/><D27/><U101/><E69/><V113/><F113/><W106/><G106/><T96/><D51/><U64/><E9/><V28/><F28/><W118/><G118/><T105/><D47/><U67/><E38/><V3/><F3/><W62/><G130/><T75/><D75/><U42/><E42/><V89/><F73/><W22/><G25/><T68/><D105/><U117/><E126/><V132/><F70/><W98/><G98/><T91/><D91/><U31/><E31/><V81/><F30/><W34/><G34/><T29/><D29/><U55/><E101/><V49/><F97/><W128/><G128/><T33/><D33/><U121/><E121/><V41/><F41/><W5/><G5/><T57/><D57/><U92/><E59/><V116/><F116/><W65/><G115/><T93/><D93/><AGARI ba="0,0" hai="6,11,13,21,22,58,62,65,88,93,99" m="42569" machi="93" ten="30,3900,0" yaku="14,1,52,1,54,1" doraHai="61" who="3" fromWho="0" sc="143,-39,393,0,227,0,237,39" /><INIT seed="3,0,0,2,4,6" ten="104,393,227,276" oya="3" hai0="57,84,80,55,93,135,78,76,17,60,131,104,96" hai1="126,13,69,15,65,50,106,51,20,92,89,123,82" hai2="68,102,111,129,81,105,12,132,47,46,130,88,87" hai3="75,16,11,134,3,83,101,108,30,8,125,127,45"/><W44/><G3/><T107/><D135/><U56/><E106/><V43/><F132/><W31/><G101/><T26/><D131/><N who="2" m="50186" /><F68/><W63/><G134/><T21/><REACH who="0" step="1"/><D76/><REACH who="0" ten="94,393,227,276" step="2"/><U40/><E123/><V1/><F111/><W117/><G108/><T32/><D32/><U73/><E126/><N who="3" m="48138" /><G117/><T66/><D66/><U114/><E65/><V18/><F43/><W22/><G63/><T0/><D0/><U27/><E40/><V91/><F1/><W7/><G7/><T122/><D122/><U38/><E69/><V120/><F120/><W25/><G45/><T67/><D67/><U19/><E114/><V86/><F46/><W112/><G44/><T77/><D77/><U2/><E2/><V49/><F47/><W115/><G115/><T34/><D34/><U53/><E38/><V74/><F49/><W121/><G121/><T100/><AGARI ba="0,1" hai="17,21,26,55,57,60,78,80,84,93,96,100,104,107" machi="100" ten="20,2700,0" yaku="1,1,0,1,7,1,53,0" doraHai="6" doraHaiUra="110" who="0" fromWho="0" sc="94,37,393,-7,227,-7,276,-13" /><INIT seed="4,0,0,4,2,114" ten="131,386,220,263" oya="0" hai0="105,134,81,48,130,72,6,95,3,116,83,2,39" hai1="17,132,111,117,120,65,94,11,41,133,45,15,86" hai2="107,125,31,75,34,32,104,108,0,85,62,71,110" hai3="89,64,21,115,80,77,92,1,96,56,59,37,98"/><T67/><D39/><U24/><E120/><V119/><F85/><W9/><G37/><T35/><D35/><N who="2" m="13354" /><F31/><W87/><G115/><T55/><D67/><U23/><E111/><N who="2" m="42539" /><F125/><W66/><G1/><T47/><D130/><U103/><E65/><N who="2" m="41399" /><F0/><N who="0" m="42" /><D6/><U22/><E23/><V102/><F102/><W14/><G21/><T82/><D95/><U27/><E27/><V12/><F12/><W42/><G64/><T124/><D124/><U68/><E68/><V29/><F29/><W43/><G66/><T131/><D131/><U61/><E61/><V33/><F33/><W112/><G112/><T121/><D121/><U51/><E103/><V126/><F126/><W46/><G46/><T13/><D13/><U40/><E15/><V7/><F7/><N who="3" m="3391" /><G59/><T26/><D26/><U57/><E57/><V18/><F18/><W53/><G98/><T63/><D105/><U76/><E24/><V88/><F88/><W74/><G74/><T113/><D113/><U101/><E17/><V128/><F128/><W50/><AGARI ba="0,0" hai="42,43,50,53,56,77,80,87,89,92,96" m="3391" machi="50" ten="30,1100,0" yaku="8,1" doraHai="114" who="3" fromWho="3" sc="131,-5,386,-3,220,-3,263,11" /><INIT seed="5,0,0,1,0,49" ten="126,383,217,274" oya="1" hai0="96,61,6,20,18,92,128,7,29,62,105,28,15" hai1="23,85,67,87,47,59,130,94,38,3,63,71,93" hai2="84,69,97,114,9,27,64,108,90,0,123,22,53" hai3="100,76,36,101,70,81,26,95,73,16,125,89,5"/><U41/><E3/><V122/><F108/><W30/><G125/><T110/><D128/><U127/><E127/><V126/><F126/><W117/><G36/><T124/><D110/><U32/><E32/><V91/><F114/><W83/><G70/><T116/><D105/><U8/><E130/><V40/><F40/><W37/><G37/><T21/><D116/><U55/><E8/><V77/><F69/><W135/><G135/><T57/><D124/><U113/><E113/><V65/><F0/><W129/><G129/><T109/><D109/><U25/><E94/><V99/><F9/><W48/><G5/><T106/><D62/><U31/><REACH who="1" step="1"/><E93/><REACH who="1" ten="126,373,217,274" step="2"/><V102/><F122/><W131/><G131/><T112/><D112/><U111/><E111/><V51/><F123/><W10/><G117/><T66/><D106/><U68/><E68/><V12/><F102/><W17/><G10/><T1/><D1/><U35/><E35/><V88/><F97/><W4/><G100/><T2/><D2/><U103/><E103/><V52/><F99/><W39/><G101/><N who="0" m="60551" /><D20/><U75/><E75/><V133/><F133/><W134/><G134/><T46/><D6/><U120/><E120/><V78/><F84/><W60/><G4/><T24/><D7/><U82/><E82/><V107/><F107/><W118/><G81/><T56/><D29/><U11/><E11/><V45/><F22/><W50/><G118/><T80/><D80/><U19/><E19/><V13/><F78/><W43/><G83/><T34/><D34/><U104/><E104/><V115/><F115/><W44/><G76/><RYUUKYOKU ba="0,1" sc="126,-10,373,30,217,-10,274,-10" hai1="23,25,31,38,41,47,55,59,63,67,71,85,87" /><INIT seed="5,1,1,0,5,71" ten="116,403,207,264" oya="1" hai0="101,89,135,5,21,31,32,82,115,74,43,78,96" hai1="61,3,76,97,19,16,9,26,127,59,121,48,70" hai2="111,107,110,47,28,60,69,118,124,131,66,4,94" hai3="125,134,39,52,65,23,126,58,77,130,25,34,91"/><U50/><E121/><V87/><F118/><W13/><G65/><T36/><D135/><U51/><E70/><V1/><F107/><W114/><G77/><T10/><D89/><U81/><E127/><N who="3" m="48650" /><G13/><T62/><D21/><U2/><E97/><V40/><F131/><W72/><G72/><T45/><D115/><U8/><E3/><V41/><F41/><W67/><G67/><T20/><D20/><U116/><E116/><V11/><F28/><W88/><G34/><T132/><D62/><U49/><N who="1" m="12288" /><DORA hai="105" /><U57/><E2/><V106/><F106/><W17/><G134/><T24/><D132/><U14/><E26/><V128/><F128/><W100/><G100/><T15/><D101/><U93/><E93/><V6/><F6/><W85/><G114/><T104/><D96/><U29/><E29/><V53/><F124/><W22/><G22/><T95/><D95/><U108/><E108/><V54/><F110/><W80/><G91/><T120/><D104/><U112/><E112/><V123/><F111/><W90/><G90/><T64/><REACH who="0" step="1"/><D64/><REACH who="0" ten="106,403,207,264" step="2"/><U75/><E61/><V92/><F60/><N who="3" m="35911" /><G130/><T12/><D12/><AGARI ba="1,2" hai="8,9,12,14,16,19,57,59,75,76,81" m="12288" machi="12" ten="50,9600,0" yaku="9,1,52,1,54,1" doraHai="71,105" who="1" fromWho="0" sc="106,-99,403,119,207,0,264,0" /><INIT seed="5,2,0,4,4,130" ten="7,522,207,264" oya="1" hai0="60,67,18,104,102,3,89,110,17,30,96,51,121" hai1="2,109,42,41,81,78,37,69,119,54,32,124,80" hai2="70,46,20,117,34,53,19,47,92,59,39,133,50" hai3="57,108,61,122,14,22,127,28,76,73,94,49,65"/><U35/><E119/><V77/><F117/><W44/><G108/><T6/><D110/><U126/><E109/><V111/><F111/><W16/><G127/><N who="1" m="48682" /><E69/><V27/><F70/><W123/><G76/><T63/><D6/><U101/><E101/><V45/><F77/><W112/><G73/><T43/><D3/><U134/><E54/><V12/><F133/><W0/><G0/><T118/><D118/><U95/><E95/><V107/><F107/><W64/><G64/><T113/><D30/><U23/><E23/><V116/><F116/><W88/><G112/><T13/><D113/><U115/><E2/><V85/><F34/><N who="1" m="12841" /><E115/><V71/><F71/><W66/><G28/><T103/><D103/><U83/><E134/><V38/><REACH who="2" step="1"/><F27/><REACH who="2" ten="7,522,197,264" step="2"/><W36/><G123/><T31/><D31/><U128/><E128/><V5/><F5/><W90/><G122/><T10/><D121/><U56/><E78/><V40/><F40/><N who="1" m="15465" /><E56/><V120/><F120/><W93/><G66/><T129/><D67/><U9/><E9/><V106/><F106/><W98/><G65/><T33/><D129/><U131/><E131/><V86/><F86/><W97/><G57/><T100/><D33/><U48/><E37/><V52/><F52/><W24/><G36/><T58/><D100/><U55/><E55/><V79/><F79/><W68/><G68/><T87/><D18/><U21/><E21/><V62/><F62/><W72/><G61/><N who="0" m="23627" /><D43/><U74/><E74/><V4/><F4/><W135/><G24/><T26/><D26/><U1/><E1/><V29/><F29/><W99/><G135/><RYUUKYOKU ba="2,1" sc="7,-15,522,15,197,15,264,-15" hai1="48,80,81,83" hai2="12,19,20,38,39,45,46,47,50,53,59,85,92" owari="-8,-50.8,547,64.7,212,-18.8,249,4.9" /></mjloggm>