<mjloggm ver="2.3"><GO type="41" lobby="0"/><UN n0="%E2%93%9D%4C%75%63%6B%79%4A" n1="%E5%AB%81%E3%81%8C%E3%82%B4%E3%83%AA%E3%83%A9" n2="%E3%83%9B%E3%83%B3%E3%83%AF%E3%82%AB%E3%83%91%E3%83%83%E3%83%91" n3="%E5%A4%A9%E6%89%8D%E9%BA%BB%E5%B0%86%E6%9D%8F%E6%9D%8F%5F" dan="17,14,15,15" rate="2175.94,1909.84,1968.08,2156.82" sx="M,M,F,M"/><TAIKYOKU oya="0"/><INIT seed="0,0,0,3,3,46" ten="250,250,250,250" oya="0" hai0="90,4,32,96,101,22,28,88,92,75,65,85,60" hai1="82,91,37,48,127,34,26,108,18,39,51,72,64" hai2="83,13,94,81,120,23,9,2,70,95,116,114,119" hai3="115,74,103,25,84,123,53,76,33,43,124,99,134"/><T71/><D75/><U6/><E6/><V128/><F70/><W12/><G115/><T102/><D32/><U66/><E127/><V80/><F114/><W62/><G124/><T73/><D73/><U77/><E108/><V132/><F120/><W122/><G74/><T133/><D133/><U106/><E106/><V50/><F2/><W97/><G134/><T57/><D71/><U121/><E121/><V17/><F132/><W113/><G113/><T63/><D63/><U109/><E109/><V35/><F35/><W15/><G43/><T40/><D4/><U41/><E91/><V49/><F128/><W61/><G33/><T135/><D40/><U107/><E107/><V45/><F9/><W20/><G84/><T56/><D57/><U79/><E79/><V44/><F95/><W100/><G76/><T47/><D47/><N who="2" m="17994" /><F94/><W93/><G93/><N who="0" m="56375" /><D135/><U110/><E41/><V52/><F52/><W130/><G53/><T11/><D11/><U36/><E110/><V31/><F31/><W112/><G112/><T21/><D28/><U131/><E131/><V105/><F105/><W69/><G69/><T117/><D117/><AGARI ba="0,0" hai="13,17,23,49,50,80,81,83,116,117,119" m="17994" machi="117" ten="30,3900,0" yaku="12,1,52,2" doraHai="46" who="2" fromWho="0" sc="250,-39,250,0,250,39,250,0" /><INIT seed="1,0,0,2,5,16" ten="211,250,289,250" oya="1" hai0="129,114,72,53,93,90,78,14,124,0,44,47,123" hai1="101,13,77,121,55,36,52,46,59,56,49,100,10" hai2="102,68,92,87,71,40,74,80,86,118,15,113,32" hai3="69,126,128,45,2,73,61,4,29,115,133,75,103"/><U132/><E121/><V120/><F32/><W51/><G115/><T62/><D0/><U9/><E132/><V64/><F120/><W43/><G133/><T117/><D114/><U106/><E77/><V67/><F113/><W8/><G128/><T135/><D117/><U66/><E10/><V18/><F74/><W130/><G130/><T34/><D34/><U12/><E13/><V30/><F118/><W96/><G126/><T127/><D129/><U23/><E106/><V19/><F40/><W24/><G61/><T70/><D14/><U41/><E66/><V3/><F3/><W37/><G51/><T91/><D91/><U27/><E55/><V79/><F30/><W104/><REACH who="3" step="1"/><G69/><REACH who="3" ten="211,250,289,240" step="2"/><T31/><D70/><U54/><E56/><V7/><F71/><W99/><G99/><T17/><D135/><U131/><E131/><V33/><F33/><AGARI ba="0,1" hai="2,4,8,24,29,33,37,43,45,73,75,96,103,104" machi="33" ten="30,8000,1" yaku="1,1,7,1,33,3,53,0" doraHai="16" doraHaiUra="60" who="3" fromWho="2" sc="211,0,250,0,289,-80,240,90" /><INIT seed="2,0,0,0,0,11" ten="211,250,209,330" oya="2" hai0="21,100,7,108,61,103,43,52,10,68,116,3,66" hai1="44,128,127,5,6,92,24,13,23,38,25,101,115" hai2="125,120,102,46,73,106,32,126,55,98,88,105,130" hai3="51,33,22,123,1,83,67,37,96,20,97,30,63"/><V112/><F32/><W2/><G37/><T86/><D108/><U4/><E115/><V133/><F112/><W64/><G123/><T75/><D75/><U53/><E38/><V85/><F120/><W14/><G33/><T131/><D131/><U62/><E128/><V54/><F130/><W77/><G51/><T76/><D43/><U65/><E127/><N who="2" m="48651" /><F73/><W107/><G30/><T16/><D116/><U29/><E44/><V80/><F46/><W42/><G42/><T134/><D134/><U81/><E53/><V48/><F133/><W59/><G64/><T95/><D52/><N who="2" m="20010" /><F48/><W50/><G50/><T57/><D68/><U31/><E81/><V93/><AGARI ba="0,0" hai="80,85,88,93,98,102,105,106" m="20010,48651" machi="93" ten="30,6000,0" yaku="18,1,54,2" doraHai="11" who="2" fromWho="2" sc="211,-20,250,-20,209,60,330,-20" /><INIT seed="2,1,0,2,1,96" ten="191,230,269,310" oya="2" hai0="99,47,113,107,67,29,38,39,74,32,130,7,127" hai1="71,104,112,114,0,22,17,119,118,33,77,79,125" hai2="62,105,86,20,69,26,116,43,37,91,45,59,115" hai3="35,75,122,73,48,63,66,40,85,1,131,120,76"/><V134/><F116/><N who="1" m="44585" /><E71/><V56/><F115/><N who="1" m="44073" /><E104/><V108/><F105/><W61/><G35/><T128/><D7/><U64/><E64/><V135/><F108/><W70/><G1/><T94/><D74/><U50/><E50/><V89/><F69/><W65/><G131/><T25/><D113/><U55/><E55/><V19/><F56/><W90/><G76/><T103/><D127/><U21/><E77/><V15/><F26/><W80/><G73/><T44/><D94/><U117/><E79/><V46/><F45/><W49/><G75/><T16/><D16/><U98/><E98/><V57/><F59/><W52/><G40/><N who="0" m="22943" /><D67/><U42/><E42/><AGARI ba="1,0" hai="25,29,32,38,42,44,99,103,107,128,130" m="22943" machi="42" ten="30,2000,0" yaku="23,1,52,1" doraHai="96" who="0" fromWho="1" sc="191,23,230,-23,269,0,310,0" /><INIT seed="3,0,0,2,3,6" ten="214,207,269,310" oya="3" hai0="128,22,83,46,91,8,52,45,129,2,96,23,44" hai1="93,118,10,124,41,92,134,102,69,108,67,7,135" hai2="49,58,70,95,72,114,122,53,62,30,68,71,25" hai3="39,63,76,79,34,61,86,16,112,110,84,123,21"/><W119/><G112/><T126/><D126/><U80/><E108/><V31/><F122/><W55/><G119/><T27/><D96/><U66/><E118/><V107/><F72/><W60/><G123/><T3/><D91/><U131/><E124/><V98/><F107/><W116/><G116/><T73/><D83/><U101/><E41/><V24/><F114/><W78/><G34/><T89/><D89/><U18/><E18/><V43/><F43/><W120/><G39/><T5/><D73/><U77/><E67/><V74/><F74/><W59/><G110/><T1/><D52/><U12/><E131/><N who="0" m="50249" /><D27/><U51/><E51/><V90/><F49/><N who="3" m="31215" /><G120/><T94/><D94/><N who="1" m="36459" /><E69/><V35/><REACH who="2" step="1"/><F71/><REACH who="2" ten="214,207,259,310" step="2"/><W0/><G0/><AGARI ba="0,1" hai="0,1,2,3,5,8,22,23,44,45,46" m="50249" machi="0" ten="40,2600,0" yaku="19,1,52,1" doraHai="6" who="0" fromWho="3" sc="214,36,207,0,259,0,310,-26" /><INIT seed="4,0,0,5,3,46" ten="250,207,259,284" oya="0" hai0="26,133,118,108,10,68,105,112,16,135,96,49,64" hai1="67,130,41,48,111,126,62,85,75,7,87,61,132" hai2="35,115,0,11,25,104,95,56,134,12,119,93,14" hai3="81,22,59,113,15,1,57,55,106,54,50,97,34"/><T91/><D118/><U98/><E111/><V78/><F104/><W8/><G34/><T74/><D74/><U32/><E32/><V47/><F119/><W2/><G113/><T58/><D68/><U114/><E75/><V65/><F115/><W83/><G22/><N who="0" m="13639" /><D112/><U18/><E114/><V117/><F117/><W71/><G71/><T33/><D33/><U5/><E126/><V70/><F70/><W84/><G106/><T27/><D27/><U36/><E36/><V86/><F134/><N who="0" m="51210" /><D10/><U21/><E130/><V110/><F110/><W31/><G31/><T129/><D108/><U28/><E28/><V124/><F124/><W92/><G1/><T51/><D129/><U6/><E98/><V4/><F35/><W13/><G2/><T100/><D91/><U17/><E132/><V9/><F25/><W122/><G122/><T103/><D103/><U120/><E120/><V38/><F0/><W45/><G13/><T121/><D121/><U30/><E30/><V53/><F65/><W29/><G29/><T24/><D24/><U127/><E127/><V99/><F38/><W128/><G128/><T77/><D77/><U131/><E131/><V123/><F123/><W109/><G109/><T72/><D72/><U82/><E67/><V116/><F116/><W79/><G15/><T66/><D66/><U69/><E69/><V60/><F11/><W3/><G8/><T101/><D101/><U42/><E21/><V89/><F14/><W20/><G3/><T23/><D23/><U43/><E7/><V39/><F78/><W80/><G20/><T37/><D37/><RYUUKYOKU ba="0,0" sc="250,30,207,-10,259,-10,284,-10" hai0="49,51,58,64,96,100,105" /><INIT seed="4,1,0,3,5,97" ten="280,197,249,274" oya="0" hai0="99,134,60,75,31,102,55,47,114,93,105,37,63" hai1="92,1,74,35,57,21,7,126,23,62,22,11,82" hai2="121,125,18,34,43,109,133,83,84,78,135,106,12" hai3="110,90,15,96,120,36,51,39,40,53,3,2,8"/><T59/><D75/><U30/><E126/><V113/><F34/><W104/><G110/><T101/><D134/><N who="2" m="51210" /><F109/><W66/><G120/><T32/><D114/><U70/><E70/><V71/><F71/><W87/><G66/><T122/><D122/><U123/><E123/><V128/><F121/><W20/><G20/><T44/><D37/><U130/><E130/><V19/><F113/><W108/><G108/><T88/><D105/><U89/><E82/><V98/><F43/><W64/><G64/><T72/><D72/><U67/><E74/><V116/><F116/><W69/><G69/><T4/><D4/><U49/><E49/><V54/><F54/><W27/><G27/><T42/><D32/><U52/><E67/><V132/><N who="2" m="51218" /><V76/><DORA hai="119" /><F128/><W45/><G36/><T28/><D63/><U112/><E112/><V38/><F38/><W103/><G40/><T26/><D26/><U111/><E111/><V46/><F46/><N who="0" m="17450" /><D42/><U79/><E79/><N who="2" m="46207" /><F18/><W94/><REACH who="3" step="1"/><G39/><REACH who="3" ten="280,197,249,264" step="2"/><T77/><D77/><U14/><E35/><V29/><F29/><AGARI ba="1,1" hai="28,29,31,55,59,60,88,93,99,101,102" m="17450" machi="29" ten="30,11600,0" yaku="8,1,52,2,54,1" doraHai="97,119" who="0" fromWho="2" sc="280,129,197,0,249,-119,264,0" /><INIT seed="4,2,0,4,2,133" ten="409,197,130,264" oya="0" hai0="73,106,37,63,51,42,77,31,99,125,45,126,29" hai1="20,103,120,132,40,107,101,85,111,30,135,23,5" hai2="110,53,117,68,134,86,100,80,32,52,1,2,115" hai3="81,61,10,118,114,97,75,25,28,33,104,88,122"/><T49/><D73/><U64/><E120/><V91/><F117/><W55/><G118/><T94/><D106/><U116/><E116/><V124/><F32/><W36/><G36/><T92/><D77/><U47/><E111/><V18/><F110/><W26/><G122/><T44/><D63/><U89/><E64/><V83/><F68/><W7/><G114/><T13/><D13/><U130/><E5/><V27/><F134/><N who="1" m="51241" /><E130/><V87/><F115/><W14/><G25/><T66/><D66/><U43/><E107/><V17/><F27/><W90/><G75/><T113/><D113/><U121/><E121/><V76/><F91/><W131/><G81/><T6/><D6/><U84/><E30/><V70/><F70/><W19/><G131/><T108/><D108/><U24/><E24/><V105/><F105/><W60/><G7/><T96/><D42/><N who="1" m="15915" /><E47/><V128/><F128/><W78/><G78/><T112/><D112/><U41/><N who="1" m="15923" /><U58/><DORA hai="16" /><E58/><V62/><F62/><W0/><G60/><T9/><D9/><U12/><E12/><V127/><REACH who="2" step="1"/><F76/><REACH who="2" ten="409,197,120,264" step="2"/><W21/><G33/><T54/><D54/><U46/><E46/><V72/><F72/><W50/><G61/><T11/><D11/><U48/><E48/><V79/><F79/><W123/><G123/><T39/><AGARI ba="2,1" hai="29,31,37,39,44,45,49,51,92,94,96,99,125,126" machi="39" ten="25,12000,1" yaku="0,1,22,2,52,2" doraHai="133,16" who="0" fromWho="0" sc="409,136,197,-42,120,-42,264,-42" /><INIT seed="4,3,0,4,0,28" ten="545,155,78,222" oya="0" hai0="6,92,101,96,130,69,102,2,83,22,40,62,68" hai1="90,132,65,122,32,91,66,20,112,15,9,85,95" hai2="50,60,119,110,5,41,14,47,37,23,125,59,53" hai3="67,109,27,18,36,73,128,99,118,98,16,17,80"/><T123/><D123/><U46/><E122/><V1/><F119/><W42/><G118/><T115/><D40/><U43/><E132/><V94/><F110/><W72/><G109/><T64/><D130/><U13/><E32/><V12/><F125/><W7/><G128/><T81/><D69/><U11/><E20/><V129/><F1/><W78/><G72/><T61/><D62/><U71/><E71/><V107/><F107/><W104/><G67/><T87/><D115/><U49/><E112/><V76/><F76/><W113/><G113/><T127/><D102/><U4/><REACH who="1" step="1"/><E91/><REACH who="1" ten="545,145,78,222" step="2"/><V55/><F23/><W89/><G89/><T33/><D22/><U126/><E126/><V70/><F70/><W57/><G27/><T86/><D33/><U133/><E133/><V29/><F29/><W77/><G77/><T97/><D127/><U116/><E116/><V54/><F5/><AGARI ba="3,1" hai="4,5,9,11,13,15,43,46,49,65,66,85,90,95" machi="5" ten="30,7700,0" yaku="1,1,7,1,9,1,8,1,53,0" doraHai="28" doraHaiUra="25" who="1" fromWho="2" sc="545,0,145,96,78,-86,222,0" owari="545,64.5,241,4.1,-8,-50.8,222,-17.8" /></mjloggm>