<mjloggm ver="2.3"><GO type="9" lobby="0"/><UN n0="%53%46%47%69%61%6E%74%73" n1="%E5%B1%B1%E6%9C%AC%E3%81%93%E3%81%86%E3%82%84" n2="%6B%6F%73%68%69%6B%6F" n3="%E2%93%9D%4C%75%63%6B%79%4A" dan="0,12,9,7" rate="1476.12,1898.48,1331.09,1666.15" sx="M,M,M,M"/><TAIKYOKU oya="0"/><INIT seed="0,0,0,1,5,60" ten="250,250,250,250" oya="0" hai0="13,49,134,3,123,11,116,1,121,91,118,10,22" hai1="53,81,112,110,107,87,119,24,86,77,37,100,50" hai2="4,18,31,63,124,27,102,90,114,74,61,125,64" hai3="58,42,115,30,68,108,104,12,54,96,46,23,34"/><T15/><D134/><U9/><E37/><V47/><F114/><W52/><G68/><T33/><D91/><U39/><E39/><V7/><F74/><W20/><G34/><T111/><D111/><U26/><E110/><V95/><F102/><W92/><G104/><T128/><D49/><U45/><E119/><N who="0" m="45609" /><D33/><U70/><E70/><V69/><F47/><W135/><G115/><T88/><D88/><U99/><E112/><V2/><F2/><N who="0" m="522" /><D22/><U132/><E132/><V25/><F18/><W129/><G23/><T83/><D83/><U21/><E9/><N who="0" m="3081" /><D128/><U62/><E62/><V40/><F40/><W17/><G129/><T55/><D55/><U109/><E109/><V19/><F19/><W35/><G135/><T117/><N who="0" m="45617" /><T89/><DORA hai="75" /><D89/><U44/><E44/><V113/><F113/><W43/><G54/><T48/><D48/><U29/><REACH who="1" step="1"/><E26/><REACH who="1" ten="250,240,250,250" step="2"/><N who="2" m="9739" /><F31/><W131/><G30/><T133/><D133/><U85/><AGARI ba="0,1" hai="21,24,29,45,50,53,77,81,85,86,87,99,100,107" machi="85" ten="20,8000,1" yaku="1,1,0,1,7,1,52,1,53,1" doraHai="60,75" doraHaiUra="79,105" who="1" fromWho="1" sc="250,-40,240,90,250,-20,250,-20" /><INIT seed="1,0,0,1,3,71" ten="210,330,230,230" oya="1" hai0="84,69,6,97,96,80,21,118,11,117,8,82,95" hai1="128,26,56,25,76,18,108,40,29,90,28,127,0" hai2="23,87,88,13,52,126,32,65,100,4,75,121,20" hai3="67,109,93,112,135,119,60,103,110,113,35,54,70"/><U68/><E68/><V24/><F121/><W62/><G35/><T43/><D69/><U116/><E116/><V2/><F126/><W51/><G103/><T133/><D133/><U45/><E127/><V91/><F75/><W15/><G15/><T106/><D106/><U57/><E0/><V98/><F2/><W61/><G93/><T115/><D115/><N who="3" m="44105" /><G135/><T58/><D43/><U86/><E76/><V14/><F4/><W79/><G79/><T59/><D117/><U49/><E18/><V92/><F32/><W37/><G37/><T130/><D130/><U73/><E73/><V48/><F65/><W55/><G55/><T63/><D118/><U42/><E42/><V5/><F5/><W102/><G102/><T17/><D6/><U77/><E77/><V83/><F23/><W107/><G107/><T31/><D31/><N who="1" m="11851" /><E128/><V99/><F13/><W30/><G30/><T22/><D63/><N who="3" m="24105" /><G119/><T101/><D17/><U78/><E78/><V10/><F14/><W72/><G72/><T129/><D95/><U12/><E12/><V131/><F131/><W85/><G85/><T53/><D129/><U111/><E25/><V38/><F38/><W74/><G74/><T134/><D134/><U27/><E27/><V41/><F41/><W64/><G67/><T19/><D84/><U34/><E26/><V3/><F3/><W1/><G1/><T124/><D124/><U89/><E34/><V104/><F10/><W46/><AGARI ba="0,0" hai="46,51,54,61,64,70,109,110" m="24105,44105" machi="46" ten="30,2000,0" yaku="34,2" doraHai="71" who="3" fromWho="3" sc="210,-5,330,-10,230,-5,230,20" /><INIT seed="2,0,0,1,3,125" ten="205,320,225,250" oya="2" hai0="19,86,45,60,61,71,87,38,20,55,84,29,48" hai1="128,102,133,90,15,44,99,6,63,131,54,47,104" hai2="91,88,83,130,11,51,117,105,100,81,37,57,4" hai3="64,58,135,72,16,66,121,5,23,75,35,94,30"/><V97/><F117/><W82/><G121/><T127/><D127/><U132/><E90/><V93/><F130/><N who="1" m="49705" /><E63/><V53/><F37/><W112/><G5/><T123/><D123/><U25/><E25/><V39/><F39/><W73/><G82/><T76/><D29/><U74/><E74/><V2/><REACH who="2" step="1"/><F105/><REACH who="2" ten="205,320,215,250" step="2"/><W67/><G135/><N who="1" m="51786" /><E54/><V40/><F40/><W113/><G113/><T78/><D38/><U7/><E7/><V115/><F115/><W46/><G112/><T124/><D124/><U89/><E89/><AGARI ba="0,1" hai="2,4,11,51,53,57,81,83,88,89,91,93,97,100" machi="89" ten="40,3900,0" yaku="1,1,54,1,53,0" doraHai="125" doraHaiUra="126" who="2" fromWho="1" sc="205,0,320,-39,215,49,250,0" /><INIT seed="2,1,0,4,2,5" ten="205,281,264,250" oya="2" hai0="65,82,119,51,48,116,102,61,2,131,1,14,110" hai1="31,106,87,38,20,91,57,10,19,133,3,118,89" hai2="47,103,90,115,42,135,78,128,125,36,33,112,107" hai3="129,120,113,69,70,16,66,117,7,27,12,54,40"/><V67/><F135/><W30/><G120/><T28/><D110/><U50/><E38/><V43/><F128/><W56/><G117/><N who="0" m="45131" /><D131/><U76/><E106/><V126/><F33/><W13/><G40/><T122/><D122/><U121/><E121/><V22/><F78/><W39/><G66/><T29/><D102/><U80/><E118/><V77/><F77/><W130/><G39/><T123/><D123/><U32/><E133/><V83/><F67/><W97/><G97/><T62/><D82/><U92/><E89/><V88/><F22/><W71/><G113/><N who="2" m="43593" /><F107/><W8/><G30/><N who="0" m="11883" /><D14/><U99/><E32/><V98/><F43/><W44/><G27/><T93/><D93/><U18/><E31/><V132/><F132/><W127/><G127/><N who="2" m="48649" /><F83/><W100/><G100/><T58/><D58/><U37/><E37/><V95/><AGARI ba="1,0" hai="36,42,47,88,90,95,98,103" m="48649,43593" machi="95" ten="30,3000,0" yaku="18,1,54,1" doraHai="5" who="2" fromWho="2" sc="205,-11,281,-11,264,33,250,-11" /><INIT seed="2,2,0,2,2,72" ten="194,270,297,239" oya="2" hai0="132,110,44,56,127,38,11,48,13,86,33,12,21" hai1="17,67,2,131,75,14,20,57,112,96,5,81,7" hai2="10,105,9,25,55,88,122,26,87,0,120,63,30" hai3="23,18,93,71,34,6,53,29,66,104,100,98,27"/><V121/><F105/><W15/><G53/><T46/><D110/><U60/><E112/><V125/><F125/><W39/><G39/><T94/><D127/><U50/><E131/><V79/><F0/><W83/><G83/><T99/><D132/><U97/><E2/><V59/><F79/><W76/><G6/><T90/><D33/><U1/><E75/><V49/><F26/><W32/><G34/><T115/><D115/><U129/><E129/><V134/><F134/><W130/><G130/><T37/><D21/><U89/><E50/><V3/><F3/><W84/><G84/><T103/><D56/><U113/><E113/><V28/><F28/><W133/><G93/><T80/><D44/><U61/><E61/><V19/><F19/><W82/><G133/><T8/><D8/><U78/><E89/><V35/><REACH who="2" step="1"/><F49/><REACH who="2" ten="194,270,287,239" step="2"/><W119/><G18/><T92/><D13/><U70/><E1/><V64/><F64/><W16/><G66/><T111/><D111/><U24/><E7/><V52/><F52/><W126/><G126/><T95/><D38/><U43/><E5/><V128/><F128/><W40/><G27/><T42/><REACH who="0" step="1"/><D37/><REACH who="0" ten="184,270,287,239" step="2"/><U116/><E24/><V114/><F114/><W36/><G36/><T4/><AGARI ba="2,2" hai="4,11,12,42,46,48,80,86,90,92,94,95,99,103" machi="4" ten="20,8000,1" yaku="1,1,2,1,0,1,7,1,8,1,53,0" doraHai="72" doraHaiUra="109" who="0" fromWho="0" sc="184,106,270,-22,287,-42,239,-22" /><INIT seed="3,0,0,5,2,102" ten="290,248,245,217" oya="3" hai0="43,20,66,77,67,132,89,109,85,113,110,37,82" hai1="58,80,62,130,23,7,22,114,112,126,30,100,107" hai2="8,74,88,93,135,81,101,108,26,131,111,64,25" hai3="73,51,99,115,121,129,42,50,134,91,84,98,48"/><W94/><G121/><T68/><D132/><U33/><E126/><V12/><F135/><W13/><G134/><T60/><D113/><U18/><E130/><V27/><F131/><W29/><G129/><T87/><D67/><U86/><E7/><N who="2" m="3103" /><F64/><W61/><G73/><T4/><D4/><U83/><E83/><V45/><F45/><W49/><G115/><T55/><D55/><U36/><E36/><V92/><F74/><W95/><G29/><T96/><D96/><U123/><E33/><V90/><F81/><W47/><G13/><T46/><REACH who="0" step="1"/><D20/><REACH who="0" ten="280,248,245,217" step="2"/><U125/><E23/><V54/><F54/><W59/><REACH who="3" step="1"/><G95/><AGARI ba="0,1" hai="37,43,46,60,66,68,77,82,85,87,89,95,109,110" machi="95" ten="40,2600,0" yaku="1,1,2,1,53,0" doraHai="102" doraHaiUra="21" who="0" fromWho="3" sc="280,36,248,0,245,0,217,-26" /><INIT seed="4,0,0,2,4,116" ten="316,248,245,191" oya="0" hai0="84,106,103,12,22,49,19,20,108,129,92,125,18" hai1="112,130,123,53,56,68,42,11,89,121,96,111,63" hai2="119,117,13,52,101,2,93,85,16,4,74,46,0" hai3="15,67,110,57,62,32,9,73,36,88,54,132,127"/><T43/><D125/><U61/><E111/><V100/><F74/><W122/><G110/><T126/><D126/><U64/><E11/><N who="2" m="6207" /><F4/><W3/><G32/><T40/><D108/><U58/><E96/><N who="2" m="59407" /><F85/><W66/><G36/><T47/><D129/><U69/><E89/><V25/><F25/><W128/><G73/><T39/><D39/><U76/><E76/><V45/><F101/><W87/><G3/><N who="2" m="1065" /><F52/><W29/><G127/><T5/><D5/><U50/><E130/><V30/><F30/><W72/><G29/><T75/><D75/><U70/><E112/><V27/><F27/><W31/><G31/><T133/><D103/><U1/><E1/><V90/><F90/><W95/><G72/><T8/><D106/><U134/><E134/><V107/><F107/><W59/><G132/><T77/><D133/><U71/><E42/><V41/><F41/><W7/><G128/><T118/><D118/><AGARI ba="0,0" hai="45,46,117,118,119" m="1065,59407,6207" machi="118" ten="30,2000,0" yaku="12,1,54,1" doraHai="116" who="2" fromWho="0" sc="316,-20,248,0,245,20,191,0" /><INIT seed="5,0,0,2,2,120" ten="296,248,265,191" oya="1" hai0="41,135,55,37,94,2,77,57,105,58,59,122,7" hai1="117,27,35,71,85,32,121,24,132,10,102,1,88" hai2="93,98,15,46,28,42,95,118,20,51,134,114,65" hai3="66,4,34,30,49,107,87,108,92,0,97,116,90"/><U67/><E121/><V48/><F118/><W11/><G116/><T99/><D135/><U129/><E117/><V61/><F134/><W19/><G66/><T82/><D105/><U79/><E132/><V3/><F3/><W91/><G107/><T8/><D122/><U31/><E102/><V119/><F119/><W104/><G104/><T29/><D29/><U83/><E129/><V25/><F114/><W26/><G49/><T113/><D113/><U22/><E27/><V70/><F15/><W78/><G78/><T13/><D13/><U21/><E35/><V115/><F115/><W103/><G19/><T124/><D124/><U47/><E47/><V133/><F133/><W5/><G5/><T54/><D94/><U43/><E43/><V106/><REACH who="2" step="1"/><F51/><REACH who="2" ten="296,248,255,191" step="2"/><W100/><REACH who="3" step="1"/><G108/><REACH who="3" ten="296,248,255,181" step="2"/><T72/><REACH who="0" step="1"/><D99/><REACH who="0" ten="286,248,255,181" step="2"/><U6/><REACH who="1" step="1"/><E79/><REACH who="1" ten="286,238,255,181" step="2"/><RYUUKYOKU type="reach4" ba="0,4" sc="286,0,238,0,255,0,181,0" hai0="2,7,8,37,41,54,55,57,58,59,72,77,82" hai1="1,6,10,21,22,24,31,32,67,71,83,85,88" hai2="20,25,28,42,46,48,61,65,70,93,95,98,106" hai3="0,4,11,26,30,34,87,90,91,92,97,100,103" /><INIT seed="5,1,4,5,5,72" ten="286,238,255,181" oya="1" hai0="1,75,49,11,22,56,108,73,4,30,127,92,29" hai1="95,43,104,55,91,40,94,93,36,37,24,12,42" hai2="123,97,110,64,134,60,102,96,33,78,130,114,66" hai3="48,39,7,28,111,45,117,109,86,129,20,124,100"/><U62/><E104/><V99/><F110/><W8/><G39/><T15/><D108/><U82/><E24/><V50/><F123/><W120/><G120/><T17/><D127/><U79/><E91/><V6/><F134/><W89/><G129/><T0/><D0/><U68/><E12/><V31/><F130/><W16/><G117/><T5/><D5/><U76/><E76/><V125/><F125/><W121/><G28/><T58/><D73/><U119/><E119/><V101/><F114/><W88/><G100/><T18/><D18/><U14/><E14/><V26/><F6/><W77/><G121/><T105/><D105/><U116/><E116/><V3/><F3/><W59/><G59/><T32/><D75/><U69/><E55/><V51/><F78/><W85/><G124/><T107/><D107/><U118/><E118/><V2/><F2/><W90/><G111/><T47/><D92/><U87/><REACH who="1" step="1"/><E62/><REACH who="1" ten="286,228,255,181" step="2"/><V84/><F84/><W9/><G109/><T10/><D10/><N who="3" m="4201" /><G77/><T115/><D115/><U132/><E132/><V53/><F51/><W122/><G122/><T133/><D133/><U70/><AGARI ba="1,5" hai="36,37,40,42,43,68,69,70,79,82,87,93,94,95" machi="70" ten="40,18000,2" yaku="1,1,0,1,29,2,52,1,53,1" doraHai="72" doraHaiUra="74" who="1" fromWho="1" sc="286,-61,228,233,255,-61,181,-61" /><INIT seed="5,2,0,5,3,118" ten="225,461,194,120" oya="1" hai0="35,25,4,82,51,16,119,77,18,94,89,60,134" hai1="63,99,132,104,68,31,28,19,27,86,110,74,78" hai2="49,45,97,130,108,124,56,43,65,29,58,73,120" hai3="62,129,22,64,126,36,123,95,26,37,47,103,83"/><U107/><E132/><V88/><F120/><W113/><G123/><T42/><D119/><U76/><E74/><V17/><F108/><W2/><G2/><T90/><D134/><U84/><E19/><V59/><F130/><W33/><G33/><T55/><D4/><U11/><E11/><V133/><F124/><W46/><G83/><T30/><D60/><U13/><E13/><V72/><F133/><W96/><G113/><T100/><D100/><U1/><E1/><V24/><F17/><W3/><G3/><T85/><D89/><U67/><E31/><V40/><F73/><W125/><G37/><T15/><D15/><U12/><E12/><V81/><F72/><W41/><G47/><T32/><D32/><U10/><E10/><V106/><F106/><W87/><G87/><N who="1" m="33322" /><E107/><V101/><F81/><W6/><G6/><T61/><D61/><U122/><E122/><V92/><F65/><W9/><G9/><T38/><D42/><U117/><E117/><V127/><F127/><W105/><G105/><T50/><D50/><U0/><E0/><V116/><F116/><W111/><G111/><T91/><D38/><U115/><E115/><V79/><F79/><W128/><G126/><T135/><D135/><U44/><E44/><V52/><REACH who="2" step="1"/><F101/><REACH who="2" ten="225,461,184,120" step="2"/><W80/><G125/><T48/><D91/><U131/><E110/><V93/><F93/><W5/><G80/><T70/><D70/><U21/><E131/><V7/><F7/><W114/><G5/><T53/><D18/><U98/><E104/><V14/><F14/><W102/><G129/><T57/><D16/><RYUUKYOKU ba="2,1" sc="225,-15,461,15,184,15,120,-15" hai1="21,27,28,63,67,68,76,78,98,99" hai2="24,29,40,43,45,49,52,56,58,59,88,92,97" /><INIT seed="5,3,1,5,1,59" ten="210,476,199,105" oya="1" hai0="26,72,17,24,58,98,68,123,93,60,16,23,9" hai1="74,2,4,15,89,106,85,121,31,105,71,54,100" hai2="6,67,19,81,63,73,130,102,22,91,65,119,78" hai3="27,34,14,90,104,47,12,1,36,132,99,61,57"/><U128/><E121/><V18/><F119/><W96/><G1/><T115/><D115/><U77/><E2/><V108/><F108/><W52/><G132/><T64/><D123/><U13/><E31/><V44/><F130/><W28/><G99/><T51/><D72/><U94/><E71/><V87/><F6/><W113/><G113/><T33/><D33/><U82/><E105/><V107/><F44/><W55/><G90/><T41/><D41/><U39/><E39/><V88/><F107/><W46/><G47/><T62/><D51/><U56/><E4/><V45/><F45/><W92/><G104/><T32/><D32/><U43/><E43/><V29/><F29/><W101/><REACH who="3" step="1"/><G55/><REACH who="3" ten="210,476,199,95" step="2"/><T3/><D3/><U110/><E110/><V114/><F114/><W133/><G133/><T80/><D80/><U21/><E106/><V7/><F7/><W5/><G5/><T11/><D9/><U135/><E100/><V95/><F19/><W25/><G25/><T76/><D11/><U134/><E134/><V38/><F38/><W49/><G49/><T30/><D24/><U48/><E135/><V120/><F120/><W111/><G111/><T122/><D122/><U86/><E15/><V8/><F8/><W126/><G126/><T53/><REACH who="0" step="1"/><D76/><REACH who="0" ten="200,476,199,95" step="2"/><U84/><E77/><V125/><F125/><W97/><G97/><T124/><D124/><U40/><E40/><AGARI ba="3,3" hai="12,14,27,28,34,36,40,46,52,57,61,92,96,101" machi="40" ten="40,5200,0" yaku="1,1,52,1,54,1,53,0" doraHai="59" doraHaiUra="112" who="3" fromWho="1" sc="200,0,476,-61,199,0,95,91" /><INIT seed="6,0,0,0,4,67" ten="200,415,199,186" oya="2" hai0="9,14,76,53,100,43,89,23,49,51,135,111,90" hai1="78,50,110,48,97,85,59,46,91,123,131,61,96" hai2="63,29,128,7,65,83,11,39,134,118,57,62,88" hai3="124,0,2,82,24,30,75,6,125,5,114,56,44"/><V115/><F118/><W42/><G56/><T68/><D111/><U52/><E110/><V37/><F115/><W34/><G82/><T12/><D68/><U64/><E78/><V20/><F134/><W120/><G75/><T112/><D112/><U33/><E33/><V36/><F128/><W98/><G98/><T79/><D135/><U72/><E72/><V55/><F29/><W92/><G92/><T104/><D104/><U4/><E4/><N who="3" m="1642" /><G44/><T1/><D1/><N who="3" m="617" /><G42/><T94/><D100/><U107/><E123/><V28/><F28/><W119/><G114/><T109/><D109/><U27/><E27/><V21/><F83/><W121/><G119/><T45/><D23/><U19/><E19/><V47/><F88/><W127/><AGARI ba="0,0" hai="24,30,34,120,121,124,125,127" m="617,1642" machi="127" ten="40,5200,0" yaku="18,1,34,2" doraHai="67" who="3" fromWho="3" sc="200,-13,415,-13,199,-26,186,52" /><INIT seed="7,0,0,4,3,5" ten="187,402,173,238" oya="3" hai0="51,32,64,38,67,15,33,101,55,102,35,129,73" hai1="77,4,8,49,131,130,24,120,65,34,134,36,105" hai2="25,99,18,96,107,117,61,108,87,54,112,72,58" hai3="53,95,19,63,103,22,97,128,2,12,50,70,20"/><W57/><G2/><T59/><D129/><N who="1" m="49163" /><E36/><V68/><F108/><W74/><G128/><T90/><D38/><U127/><E105/><V113/><F117/><W76/><G74/><T81/><D73/><U115/><E120/><V135/><F72/><W43/><G76/><T119/><D119/><U9/><E65/><N who="2" m="41007" /><F135/><W71/><G43/><T89/><D15/><U21/><E49/><N who="2" m="31055" /><F107/><W123/><G123/><T23/><D23/><U26/><E9/><V122/><F122/><W75/><G75/><T92/><D81/><U0/><E77/><V46/><F87/><W93/><G95/><T133/><D133/><U10/><E10/><V7/><F7/><W1/><G1/><T66/><REACH who="0" step="1"/><D92/><REACH who="0" ten="177,402,173,238" step="2"/><U30/><E134/><V100/><F46/><W124/><G93/><T91/><AGARI ba="0,1" hai="32,33,35,51,55,59,64,66,67,89,90,91,101,102" machi="91" ten="40,8000,1" yaku="1,1,2,1,0,1,29,2,53,0" doraHai="5" doraHaiUra="111" who="0" fromWho="0" sc="177,90,402,-20,173,-20,238,-40" owari="267,6.7,382,48.2,153,-34.7,198,-20.2" /></mjloggm>