<mjloggm ver="2.3"><GO type="41" lobby="0"/><UN n0="%6E%65%72%6F%63%6F" n1="%E2%93%9D%4C%75%63%6B%79%4A" n2="%E3%81%B5%E3%82%8C%E3%81%82%E3%81%84%E3%81%AB%E3%81%93%E3%81%AB%E3%81%93" n3="%57%49%4E%E7%A5%9E" dan="15,16,14,15" rate="2058.24,2150.37,1939.02,2027.57" sx="M,M,M,M"/><TAIKYOKU oya="0"/><INIT seed="0,0,0,5,2,18" ten="250,250,250,250" oya="0" hai0="69,135,127,31,134,68,71,108,81,96,63,66,50" hai1="35,28,53,37,109,48,84,82,107,57,19,32,56" hai2="80,3,74,13,124,102,93,14,24,9,16,104,105" hai3="126,73,98,133,52,30,47,4,97,121,86,79,38"/><T2/><D2/><U132/><E37/><V115/><F115/><W64/><G133/><N who="0" m="50699" /><D31/><U100/><E132/><V61/><F124/><W26/><G126/><T120/><D127/><U91/><E109/><V8/><F3/><W103/><G121/><T40/><D96/><U36/><E36/><V72/><F24/><W128/><G128/><T99/><D99/><U55/><E28/><V95/><F61/><W29/><G73/><T60/><D81/><U125/><E125/><V83/><F102/><W90/><G79/><T70/><D120/><U58/><E107/><V119/><REACH who="2" step="1"/><F16/><REACH who="2" ten="250,250,240,250" step="2"/><W78/><G103/><T122/><D122/><U20/><E100/><V59/><F59/><W112/><G112/><T113/><D113/><U129/><E129/><V42/><F42/><W116/><G26/><T23/><D23/><U27/><REACH who="1" step="1"/><E58/><REACH who="1" ten="250,240,240,250" step="2"/><V6/><F6/><W92/><G4/><T7/><D7/><U51/><AGARI ba="0,2" hai="19,20,27,32,35,48,51,53,55,56,57,82,84,91" machi="51" ten="20,12000,2" yaku="1,1,2,1,0,1,7,1,9,1,52,1,53,0" doraHai="18" doraHaiUra="106" who="1" fromWho="1" sc="250,-60,240,140,240,-30,250,-30" /><INIT seed="1,0,0,1,0,12" ten="190,380,210,220" oya="1" hai0="120,72,106,6,87,43,10,37,74,67,25,47,81" hai1="96,131,116,113,78,24,50,92,16,119,122,70,11" hai2="109,102,22,63,80,94,108,59,111,123,21,51,117" hai3="68,32,99,121,133,64,75,107,77,98,115,91,0"/><U30/><E70/><V33/><F33/><W88/><G115/><T31/><D106/><U41/><E113/><V93/><F117/><W19/><G121/><T130/><D67/><U28/><E122/><V83/><F123/><W14/><G0/><T29/><D130/><U97/><E78/><V129/><F51/><W46/><G32/><T58/><D58/><U7/><E131/><V89/><F129/><W101/><G133/><T13/><D120/><U1/><E97/><V3/><F3/><W26/><G26/><T39/><D39/><U2/><E2/><V17/><F102/><W35/><G35/><T125/><D125/><U82/><E82/><V134/><F22/><W36/><G99/><T42/><D42/><U103/><E41/><V124/><F124/><W132/><G132/><T40/><D40/><U84/><E84/><N who="2" m="52391" /><F94/><W9/><G46/><T66/><D66/><U79/><E79/><V71/><F71/><W44/><G44/><T18/><D6/><U34/><E50/><V86/><F86/><W15/><G36/><T53/><D53/><U49/><E49/><V45/><F45/><W27/><G68/><T62/><D62/><U90/><E103/><V60/><F60/><W55/><G77/><T69/><D69/><U8/><REACH who="1" step="1"/><E30/><REACH who="1" ten="190,370,210,220" step="2"/><V85/><F134/><W54/><G101/><T23/><D31/><U38/><E38/><V5/><F80/><W73/><G98/><T110/><D110/><U57/><E57/><V114/><F114/><W128/><G128/><T52/><D52/><U105/><E105/><V135/><F108/><W4/><G55/><RYUUKYOKU ba="0,1" sc="190,15,370,15,210,-15,220,-15" hai0="10,13,18,23,25,29,37,43,47,72,74,81,87" hai1="1,7,8,11,16,24,28,34,90,92,96,116,119" /><INIT seed="1,1,1,5,5,36" ten="205,385,195,205" oya="1" hai0="120,53,56,111,27,64,85,106,117,8,28,112,12" hai1="5,3,61,69,17,37,65,45,87,80,115,126,90" hai2="71,131,103,98,128,97,39,67,82,94,42,57,105" hai3="19,123,14,110,72,47,83,93,132,86,104,129,25"/><U9/><E126/><V95/><F71/><W125/><G125/><T76/><D117/><U48/><E37/><V84/><F57/><W31/><G123/><T0/><D112/><U119/><E119/><V46/><F67/><W58/><G104/><T1/><D106/><U15/><E115/><V74/><F74/><W35/><G110/><T38/><D38/><U34/><E34/><V24/><F24/><W40/><G129/><N who="2" m="49737" /><F97/><W75/><G132/><T6/><D64/><U11/><E11/><V66/><F66/><W102/><G93/><T135/><D111/><U44/><E45/><V2/><F2/><W54/><G102/><T116/><D116/><U63/><E63/><V133/><F133/><W10/><G54/><T88/><D76/><AGARI ba="1,1" hai="39,42,46,76,82,84,94,95,98,103,105" m="49737" machi="76" ten="30,2000,0" yaku="19,1,52,1" doraHai="36" who="2" fromWho="0" sc="205,-23,385,0,195,33,205,0" /><INIT seed="2,0,0,3,4,134" ten="182,385,228,205" oya="2" hai0="23,28,53,79,31,19,37,88,86,129,44,132,24" hai1="3,78,41,105,43,133,128,54,42,114,73,106,49" hai2="52,67,91,102,84,109,72,6,120,63,30,50,108" hai3="82,18,40,116,92,46,12,36,66,15,117,125,47"/><V69/><F72/><W58/><G125/><T20/><D132/><U71/><E3/><V5/><F120/><W55/><G82/><T57/><D129/><U115/><E128/><V8/><F30/><W2/><G2/><T0/><D0/><U97/><E71/><V118/><F102/><W127/><G127/><T113/><D113/><U11/><E11/><V34/><F34/><W80/><G80/><T51/><D79/><U131/><E131/><V59/><F118/><W85/><G66/><T112/><D112/><U94/><E133/><V32/><F32/><W103/><G47/><T75/><D75/><U33/><E33/><V95/><REACH who="2" step="1"/><F8/><REACH who="2" ten="182,385,218,205" step="2"/><W39/><G103/><T7/><D7/><AGARI ba="0,1" hai="5,6,7,50,52,59,63,67,69,84,91,95,108,109" machi="7" ten="40,7700,0" yaku="1,1,2,1,54,1,53,0" doraHai="134" doraHaiUra="10" who="2" fromWho="0" sc="182,-77,385,0,218,87,205,0" /><INIT seed="2,1,0,4,3,16" ten="105,385,305,205" oya="2" hai0="119,116,103,72,109,40,29,56,53,95,1,24,62" hai1="123,90,110,6,17,130,118,75,35,99,30,45,58" hai2="47,21,37,28,33,76,134,66,128,55,68,97,31" hai3="48,54,41,70,98,113,100,52,77,79,107,25,87"/><V69/><F33/><W111/><G111/><T32/><D72/><U82/><E6/><V131/><F76/><W85/><G113/><T81/><D1/><U26/><E118/><V74/><F74/><W46/><G70/><T129/><D109/><U3/><E3/><V78/><F78/><W39/><G25/><T126/><D129/><N who="2" m="49738" /><F134/><W127/><G127/><T60/><D126/><U83/><E75/><V50/><F37/><W86/><REACH who="3" step="1"/><G54/><REACH who="3" ten="105,385,305,195" step="2"/><T91/><D40/><U13/><E26/><V108/><F108/><W84/><N who="3" m="21504" /><DORA hai="71" /><W0/><G0/><T124/><D124/><U19/><E130/><V44/><F68/><W114/><G114/><T117/><D81/><U4/><E83/><V102/><F69/><W9/><G9/><T93/><D103/><U96/><E82/><V92/><F66/><W61/><G61/><T11/><D11/><U63/><E63/><V67/><F67/><W101/><G101/><T18/><D62/><U38/><E110/><V43/><F55/><W10/><G10/><T121/><D121/><U122/><E123/><V104/><F102/><W132/><G132/><T7/><D7/><U135/><E4/><V94/><F43/><W42/><G42/><T133/><D133/><U12/><E135/><V89/><F31/><W15/><G15/><T5/><D5/><U20/><E30/><V8/><F28/><W23/><G23/><N who="0" m="13431" /><D91/><U105/><E90/><V14/><F89/><W120/><G120/><T34/><D29/><U65/><E122/><V57/><F8/><W73/><G73/><T51/><D60/><U80/><E80/><RYUUKYOKU ba="1,1" sc="105,15,385,-15,305,-15,195,15" hai0="32,34,51,53,56,93,95,116,117,119" hai3="39,41,46,48,52,77,79,98,100,107" /><INIT seed="3,2,1,1,4,25" ten="120,370,290,210" oya="3" hai0="3,107,2,44,45,6,55,129,105,114,78,46,8" hai1="18,88,1,108,29,90,50,132,133,49,40,110,5" hai2="24,118,33,23,81,120,38,84,112,104,7,109,130" hai3="75,26,103,48,85,13,11,97,99,64,66,101,42"/><W72/><G26/><T10/><D78/><U102/><E102/><N who="3" m="38922" /><G75/><T123/><D123/><U58/><E5/><V113/><F104/><W53/><G72/><T135/><D135/><N who="1" m="51787" /><E1/><V65/><F38/><W127/><G85/><T68/><D68/><U124/><E124/><V79/><F33/><W76/><G42/><T51/><D129/><U14/><E29/><V100/><F118/><W36/><G36/><T60/><D60/><U125/><E125/><V86/><F100/><W96/><G76/><T43/><D114/><U41/><E58/><V39/><F130/><W9/><G127/><T92/><D92/><U16/><E18/><V30/><F39/><W52/><G53/><T116/><D116/><U111/><E41/><V82/><F120/><W28/><G28/><T119/><D119/><U122/><E122/><V27/><F65/><N who="3" m="25195" /><G13/><T71/><D71/><U117/><E117/><V54/><F54/><W67/><N who="3" m="25203" /><W93/><DORA hai="62" /><G93/><T83/><D83/><U21/><E40/><V94/><F94/><W106/><G106/><T32/><D32/><U59/><E59/><AGARI ba="2,1" hai="9,11,48,52,59,96,97,99" m="25203,38922" machi="59" ten="40,18000,2" yaku="8,1,52,4,54,1" doraHai="25,62" who="3" fromWho="1" sc="120,0,370,-186,290,0,210,196" /><INIT seed="3,3,0,3,3,96" ten="120,184,290,406" oya="3" hai0="29,99,98,87,60,110,100,88,104,114,26,135,58" hai1="82,22,48,43,33,5,116,0,21,122,63,24,31" hai2="30,62,124,61,12,130,40,132,27,80,74,53,105" hai3="1,18,120,131,97,50,90,78,51,71,3,49,70"/><W36/><G120/><T72/><D72/><U55/><E122/><V7/><F124/><W42/><G131/><T112/><D110/><U125/><E43/><V75/><F130/><W57/><G78/><T76/><D135/><U101/><E125/><V81/><F132/><W14/><G57/><T17/><D17/><U106/><E82/><V119/><F40/><W111/><G111/><T44/><D44/><U9/><E63/><V123/><F119/><W65/><G65/><T85/><D99/><U127/><E127/><V117/><F105/><W46/><G90/><T67/><D76/><U86/><E86/><V94/><F117/><W38/><G97/><T113/><REACH who="0" step="1"/><D88/><REACH who="0" ten="110,184,290,406" step="2"/><U64/><E116/><V109/><F109/><W4/><G46/><T89/><D89/><U25/><E5/><V45/><F75/><W47/><G4/><T32/><AGARI ba="3,1" hai="26,29,32,58,60,67,85,87,98,100,104,112,113,114" machi="32" ten="30,7900,0" yaku="1,1,0,1,11,1,52,1,53,0" doraHai="96" doraHaiUra="115" who="0" fromWho="0" sc="110,98,184,-23,290,-23,406,-42" /><INIT seed="4,0,0,4,1,99" ten="208,161,267,364" oya="0" hai0="127,42,16,8,119,22,41,110,77,125,101,3,122" hai1="83,91,13,88,2,18,132,128,98,9,71,53,11" hai2="50,36,70,25,133,97,32,85,1,115,26,4,78" hai3="65,82,113,44,84,52,76,66,120,81,67,68,109"/><T7/><D122/><U49/><E71/><V112/><F36/><W23/><G120/><T95/><D119/><U48/><E128/><V124/><F70/><W60/><G109/><T24/><D77/><U20/><E132/><V87/><F124/><N who="0" m="47690" /><D110/><U73/><E2/><V130/><F130/><W35/><G113/><N who="2" m="43593" /><F97/><AGARI ba="0,0" hai="3,7,8,16,22,24,41,42,95,97,101" m="47690" machi="97" ten="30,5800,0" yaku="18,1,52,1,54,1" doraHai="99" who="0" fromWho="2" sc="208,58,161,0,267,-58,364,0" /><INIT seed="4,1,0,1,0,59" ten="266,161,209,364" oya="0" hai0="1,15,104,54,83,122,56,20,5,105,51,110,115" hai1="61,30,75,6,113,63,4,133,90,119,21,2,55" hai2="124,9,19,24,67,94,101,25,43,17,108,16,103" hai3="120,41,48,60,76,64,85,65,34,45,111,78,73"/><T11/><D122/><U39/><E75/><V10/><F108/><W99/><G111/><T98/><D110/><U33/><E39/><V49/><F124/><W29/><G120/><T129/><D129/><U135/><E119/><V27/><F67/><W66/><G73/><T74/><D115/><U102/><E102/><N who="2" m="38923" /><F94/><W97/><G29/><T46/><D98/><N who="3" m="37385" /><G34/><T87/><D74/><U23/><E55/><V88/><F88/><W89/><G60/><N who="1" m="23114" /><E90/><V123/><F123/><W112/><G112/><T40/><D20/><N who="1" m="7755" /><E2/><V96/><F96/><W132/><G132/><N who="1" m="50762" /><E113/><V100/><F100/><W118/><G118/><T91/><REACH who="0" step="1"/><D1/><REACH who="0" ten="256,161,209,364" step="2"/><U68/><E68/><V47/><AGARI ba="1,1" hai="9,10,16,17,19,24,25,27,43,47,49" m="38923" machi="47" ten="40,2700,0" yaku="8,1,54,1" doraHai="59" who="2" fromWho="2" sc="256,-14,161,-8,209,40,364,-8" /><INIT seed="5,0,0,3,2,91" ten="242,153,249,356" oya="1" hai0="101,104,99,85,3,59,17,132,83,74,105,51,50" hai1="107,47,128,0,124,72,12,118,127,82,31,112,36" hai2="56,100,16,73,54,37,109,93,95,97,106,71,58" hai3="22,98,7,18,65,60,42,84,35,62,13,80,103"/><U89/><E0/><V94/><F109/><W21/><G35/><T68/><D3/><U61/><E118/><V10/><F71/><W87/><G42/><T8/><D68/><U44/><E107/><V55/><F37/><W108/><G108/><T40/><D74/><U39/><E31/><V120/><F73/><W33/><G33/><T43/><D132/><U41/><E12/><N who="2" m="7191" /><F106/><W4/><G22/><T28/><D105/><U115/><E89/><V1/><F1/><W133/><G133/><T29/><D28/><U52/><E82/><V121/><F120/><W69/><G62/><T126/><D29/><U116/><E72/><V90/><F121/><W5/><REACH who="3" step="1"/><G80/><REACH who="3" ten="242,153,249,346" step="2"/><T25/><D43/><N who="1" m="23039" /><E116/><V15/><F15/><W96/><G96/><T119/><D119/><U57/><E128/><V14/><F14/><W32/><G32/><T81/><D40/><U102/><E102/><V135/><F135/><W130/><G130/><T75/><D83/><U49/><E36/><V45/><F100/><W134/><G134/><T48/><D81/><U26/><E26/><V53/><F45/><W131/><G131/><T122/><D75/><U78/><E78/><V67/><F67/><W77/><G77/><T117/><D122/><U79/><E79/><V11/><F11/><W6/><N who="3" m="1024" /><DORA hai="64" /><W27/><G27/><T113/><D117/><U70/><E70/><V110/><F110/><W23/><G23/><T111/><D111/><U46/><E46/><V76/><F76/><W114/><G114/><AGARI ba="0,1" hai="41,44,49,52,57,61,112,114,115,124,127" m="23039" machi="114" ten="30,11600,0" yaku="15,1,34,2,54,1" doraHai="91,64" who="1" fromWho="3" sc="242,0,153,126,249,0,346,-116" /><INIT seed="5,1,0,5,5,90" ten="242,279,249,230" oya="1" hai0="118,115,133,66,12,27,45,128,101,1,53,13,51" hai1="49,85,88,11,60,120,16,100,44,20,125,122,26" hai2="87,77,3,127,113,15,22,7,47,111,25,40,73" hai3="64,131,32,38,28,43,72,82,124,114,6,110,74"/><U29/><E125/><V56/><F73/><W123/><G124/><T65/><D1/><U78/><E100/><V30/><F3/><W107/><G110/><T0/><D118/><U59/><E78/><V75/><F75/><W108/><G108/><T109/><D0/><U2/><E2/><V34/><F111/><W35/><G123/><T94/><D109/><U81/><E11/><V10/><F127/><W91/><G107/><T98/><D115/><U80/><E81/><V84/><F113/><W55/><G114/><T95/><D128/><U135/><E135/><V24/><F56/><W121/><G131/><T21/><D133/><U112/><E29/><V5/><F5/><W41/><G121/><T50/><D50/><U99/><E99/><V97/><F97/><W93/><G38/><T14/><REACH who="0" step="1"/><D94/><REACH who="0" ten="232,279,249,230" step="2"/><U104/><E112/><V57/><F77/><W39/><G93/><T46/><D46/><U103/><E104/><V119/><F119/><W54/><G39/><T86/><D86/><U33/><E103/><V92/><F92/><W134/><G134/><T70/><D70/><U67/><REACH who="1" step="1"/><E33/><REACH who="1" ten="232,269,249,230" step="2"/><V76/><F76/><W9/><G35/><T129/><D129/><U71/><E71/><V17/><REACH who="2" step="1"/><F57/><REACH who="2" ten="232,269,239,230" step="2"/><W58/><G58/><T68/><D68/><U132/><E132/><V4/><F4/><W62/><G6/><T89/><D89/><U8/><E8/><V52/><F52/><AGARI ba="1,3" hai="16,20,26,44,49,52,59,60,67,80,85,88,120,122" machi="52" ten="30,12000,1" yaku="1,1,7,1,54,3,53,0" doraHai="90" doraHaiUra="126" who="1" fromWho="2" sc="232,0,269,153,239,-123,230,0" /><INIT seed="5,2,0,1,0,116" ten="232,422,116,230" oya="1" hai0="53,17,108,4,119,6,92,84,21,40,75,54,133" hai1="39,135,69,99,34,87,90,36,19,63,46,60,100" hai2="10,93,58,32,16,71,124,126,31,25,66,44,20" hai3="83,29,122,89,113,42,112,11,131,79,30,80,5"/><U76/><E34/><V55/><F44/><W41/><G131/><T35/><D108/><U77/><E135/><V78/><F78/><W52/><G89/><T88/><D35/><U96/><E19/><V2/><F93/><W12/><G122/><T26/><D75/><U91/><E46/><V70/><F66/><W57/><G83/><T72/><D119/><U0/><E0/><V65/><F65/><W7/><G7/><N who="0" m="2603" /><D72/><U98/><E100/><V48/><F10/><W27/><G42/><T107/><D107/><U114/><E114/><N who="3" m="44138" /><G41/><T127/><D127/><N who="2" m="48682" /><F2/><W97/><G27/><AGARI ba="2,0" hai="16,20,25,27,31,32,48,55,58,70,71" m="48682" machi="27" ten="30,2000,0" yaku="18,1,54,1" doraHai="116" who="2" fromWho="3" sc="232,0,422,0,116,26,230,-26" /><INIT seed="6,0,0,1,1,84" ten="232,422,142,204" oya="2" hai0="83,133,45,18,85,68,117,43,15,86,91,118,0" hai1="121,55,94,20,1,89,82,90,57,53,48,108,75" hai2="12,25,79,134,54,103,122,34,120,125,74,77,100" hai3="76,46,113,107,27,5,29,47,114,97,123,66,30"/><V71/><F71/><W67/><G123/><T61/><D0/><U32/><E32/><V7/><F125/><W42/><G5/><T58/><D68/><U33/><E33/><V40/><F40/><W21/><G30/><T59/><D133/><U110/><E1/><V22/><F134/><W135/><G135/><T102/><D102/><N who="2" m="38954" /><F34/><W106/><G76/><N who="2" m="29257" /><F74/><W24/><G97/><T116/><D86/><N who="1" m="50519" /><E121/><V41/><F41/><W4/><G4/><T63/><D59/><N who="1" m="33255" /><E110/><V115/><F120/><W17/><G29/><T38/><REACH who="0" step="1"/><D58/><REACH who="0" ten="222,422,142,204" step="2"/><U105/><E57/><V92/><F122/><W112/><G107/><T62/><D62/><U64/><E105/><V101/><F115/><W69/><G106/><T13/><D13/><U2/><E2/><V50/><F12/><W70/><G112/><T60/><D60/><U96/><E75/><V11/><F7/><W111/><G114/><T119/><N who="0" m="29696" /><DORA hai="87" /><T19/><D19/><U127/><E127/><V26/><F11/><AGARI ba="0,1" hai="11,15,18,38,43,45,61,63,83,85,91" m="29696" machi="11" ten="70,12000,2" yaku="1,1,12,1,52,2,53,2" doraHai="84,87" doraHaiUra="14,81" who="0" fromWho="2" sc="222,130,422,0,142,-120,204,0" /><INIT seed="7,0,0,4,4,68" ten="352,422,22,204" oya="3" hai0="5,50,1,74,27,95,121,11,100,75,72,54,78" hai1="43,9,29,96,110,87,40,130,106,25,2,39,116" hai2="86,60,3,123,132,6,119,115,129,65,90,88,56" hai3="105,26,51,55,81,71,83,42,69,32,36,21,103"/><W112/><G112/><T102/><D121/><U70/><E87/><V12/><F3/><W20/><G32/><T4/><D78/><U46/><E43/><V49/><F123/><W118/><G118/><T52/><D27/><U24/><E25/><V76/><F115/><W125/><G125/><T101/><D95/><U109/><E70/><V84/><F119/><W107/><G36/><T19/><D19/><U113/><E113/><V10/><F129/><W17/><G42/><T92/><D92/><U82/><E82/><V53/><F132/><W16/><G103/><T31/><D31/><U108/><E130/><V97/><F97/><W57/><G71/><T48/><REACH who="0" step="1"/><D5/><REACH who="0" ten="342,422,22,204" step="2"/><N who="1" m="1207" /><E116/><V64/><F64/><W67/><G107/><T62/><D62/><U63/><E63/><V22/><F22/><W98/><G105/><T99/><D99/><U127/><E127/><V38/><F38/><W44/><G98/><T131/><D131/><U122/><E122/><V94/><F76/><W89/><G89/><T80/><D80/><U23/><E110/><V114/><F114/><W0/><G0/><T133/><D133/><U85/><E85/><V120/><F120/><W58/><G69/><T126/><D126/><U28/><E29/><V7/><F7/><W124/><G124/><T33/><D33/><U35/><E35/><V37/><F37/><W91/><G91/><T134/><D134/><U79/><E79/><V34/><F34/><W66/><G83/><T117/><D117/><U135/><E135/><V8/><F94/><W73/><G81/><T59/><D59/><U47/><E47/><RYUUKYOKU ba="0,1" sc="342,15,422,15,22,-15,204,-15" hai0="1,4,11,48,50,52,54,72,74,75,100,101,102" hai1="23,24,28,39,40,46,96,106,108,109" owari="357,15.7,447,54.7,7,-49.3,189,-21.1" /></mjloggm>