<mjloggm ver="2.3"><GO type="41" lobby="0"/><UN n0="%E2%93%9D%4C%75%63%6B%79%4A" n1="%6B%68%61%6E%68%64%7A" n2="%43%68%61%72%6F%6E" n3="%E3%82%B3%E3%83%B3%E3%82%B5%E3%83%89%E3%83%BC%E3%83%AC" dan="17,14,14,14" rate="2125.36,1928.58,1910.64,1932.92" sx="M,M,F,F"/><TAIKYOKU oya="0"/><INIT seed="0,0,0,5,5,126" ten="250,250,250,250" oya="0" hai0="78,107,16,103,57,42,3,51,79,98,52,5,69" hai1="74,28,54,19,10,102,0,88,6,13,63,56,20" hai2="119,44,8,99,84,18,108,114,22,15,29,66,25" hai3="31,101,112,75,61,59,130,71,24,27,131,127,118"/><T43/><D69/><U73/><E102/><V94/><F119/><W85/><G75/><T11/><D43/><U129/><E129/><N who="3" m="49162" /><G118/><T53/><D42/><U106/><E106/><V111/><F114/><W55/><G112/><T116/><D116/><U96/><E28/><V32/><F84/><W39/><G127/><T37/><D37/><U45/><E45/><V86/><F86/><W49/><G39/><T58/><REACH who="0" step="1"/><D16/><REACH who="0" ten="240,250,250,250" step="2"/><U50/><E19/><V91/><F108/><W80/><G101/><T90/><D90/><U115/><E88/><V30/><F111/><W124/><G124/><T4/><D4/><U76/><E6/><V95/><F30/><W67/><G31/><T123/><D123/><U100/><E115/><V38/><F32/><W120/><G120/><T125/><D125/><U47/><E100/><V26/><F38/><W14/><G14/><T122/><D122/><U40/><E13/><V60/><F26/><W105/><G105/><T132/><D132/><U17/><E17/><V41/><F41/><W12/><G12/><T64/><D64/><U82/><E40/><V109/><F109/><W92/><G92/><T97/><D97/><U21/><E96/><V35/><F35/><W81/><G81/><T117/><D117/><U87/><E73/><V89/><F95/><W83/><G83/><T33/><D33/><U36/><E74/><V128/><F128/><W133/><G133/><T104/><D104/><U134/><E36/><V77/><F89/><AGARI ba="0,1" hai="24,27,49,55,59,61,67,71,80,85,89" m="49162" machi="89" ten="30,7700,0" yaku="19,1,52,3" doraHai="126" who="3" fromWho="2" sc="240,0,250,0,250,-77,250,87" /><INIT seed="1,0,0,3,3,124" ten="240,250,173,337" oya="1" hai0="126,7,30,71,70,118,74,93,105,47,106,20,23" hai1="123,49,3,0,41,64,40,4,104,103,109,33,13" hai2="82,80,61,68,133,99,97,112,36,86,127,102,1" hai3="27,59,43,58,66,9,62,22,108,115,135,48,24"/><U16/><E123/><V53/><F127/><W89/><G108/><T119/><D7/><U32/><E109/><V63/><F1/><W132/><G115/><T79/><D47/><U73/><E73/><V121/><F36/><W14/><G89/><T78/><D74/><U6/><E64/><V35/><F35/><W65/><G65/><T12/><D12/><U55/><E3/><V81/><F121/><W57/><G24/><T94/><REACH who="0" step="1"/><D30/><REACH who="0" ten="230,250,173,337" step="2"/><U29/><E29/><V50/><F112/><W120/><G120/><T42/><D42/><U130/><E6/><V39/><F133/><W92/><G135/><T46/><D46/><U122/><E4/><V114/><F114/><W100/><G132/><T85/><D85/><U125/><E13/><V134/><F134/><W111/><G111/><T18/><D18/><U75/><E16/><V129/><F86/><W15/><G15/><T90/><D90/><U96/><E40/><V69/><F99/><N who="3" m="59495" /><G14/><T87/><D87/><U117/><E41/><V8/><F8/><W60/><G9/><T2/><D2/><U17/><E17/><V84/><F84/><W98/><G98/><T95/><D95/><U37/><E0/><V38/><F97/><W88/><G88/><T110/><D110/><U128/><E96/><V116/><F102/><W72/><G72/><T131/><D131/><U76/><E75/><V113/><F129/><W34/><G43/><T21/><D21/><U5/><E130/><V52/><F113/><W83/><G22/><T51/><D51/><U54/><E128/><V26/><F50/><W19/><G48/><RYUUKYOKU ba="0,1" sc="230,30,250,-10,173,-10,337,-10" hai0="20,23,70,71,78,79,93,94,105,106,118,119,126" /><INIT seed="2,1,1,3,0,74" ten="260,240,163,327" oya="2" hai0="92,131,67,84,128,38,59,75,13,108,46,124,98" hai1="71,60,9,134,120,56,45,105,126,83,123,127,42" hai2="82,97,43,25,53,48,33,0,50,47,49,77,40" hai3="20,28,44,1,57,23,104,12,99,116,76,6,51"/><V27/><F0/><W18/><G116/><T80/><D67/><U58/><E105/><V36/><F97/><W68/><G68/><T73/><D59/><N who="1" m="22571" /><E9/><V103/><F103/><W64/><G1/><T41/><D108/><U54/><E83/><V81/><F81/><W90/><G6/><T52/><D124/><N who="1" m="47659" /><E134/><V30/><F27/><W122/><G122/><N who="1" m="46634" /><E54/><V16/><F40/><W125/><G104/><T86/><D52/><U29/><E29/><V107/><F107/><W14/><G28/><T89/><D13/><U91/><E91/><V5/><F5/><W113/><G90/><T133/><D133/><U4/><E4/><V21/><F53/><W63/><G14/><T70/><D86/><U65/><E42/><V17/><REACH who="2" step="1"/><F33/><REACH who="2" ten="260,240,153,327" step="2"/><W115/><G125/><T129/><REACH who="0" step="1"/><D70/><REACH who="0" ten="250,240,153,327" step="2"/><U7/><E7/><V55/><F55/><W100/><G64/><T121/><D121/><U111/><E111/><V10/><F10/><W61/><G61/><T135/><D135/><U3/><E3/><V132/><F132/><W32/><G63/><T118/><D118/><U34/><E34/><V106/><F106/><W26/><G32/><T78/><AGARI ba="1,3" hai="38,41,46,73,75,78,80,84,89,92,98,128,129,131" machi="78" ten="30,8000,1" yaku="1,1,0,1,19,1,52,1,53,1" doraHai="74" doraHaiUra="95" who="0" fromWho="0" sc="250,113,240,-21,153,-41,327,-21" /><INIT seed="3,0,0,0,1,14" ten="363,219,112,306" oya="3" hai0="26,34,16,56,95,54,126,59,45,132,135,114,20" hai1="4,109,128,21,12,44,18,49,119,55,39,105,83" hai2="101,10,66,125,74,48,3,23,25,46,13,94,2" hai3="63,62,122,73,68,93,81,99,90,24,111,108,33"/><W102/><G122/><T53/><D34/><U115/><E115/><V69/><F74/><W86/><G73/><T85/><D114/><U37/><E105/><V98/><F125/><W82/><G82/><T61/><D45/><U72/><E109/><N who="3" m="42058" /><G68/><T15/><D126/><U116/><E128/><V133/><F133/><W104/><G104/><T0/><D0/><U91/><E4/><V30/><F69/><W96/><G96/><T32/><D32/><U87/><REACH who="1" step="1"/><E72/><REACH who="1" ten="363,209,112,306" step="2"/><V84/><F2/><W121/><G121/><T22/><D135/><U42/><E42/><V50/><F3/><W80/><G80/><T5/><D132/><U103/><E103/><V120/><F120/><W64/><G81/><T65/><D5/><U41/><E41/><V117/><F117/><AGARI ba="0,1" hai="12,18,21,37,39,44,49,55,83,87,91,116,117,119" machi="117" ten="40,8000,1" yaku="1,1,12,1,52,1,53,1" doraHai="14" doraHaiUra="76" who="1" fromWho="2" sc="363,0,209,90,112,-80,306,0" /><INIT seed="4,0,0,1,0,79" ten="363,299,32,306" oya="0" hai0="44,101,11,0,94,19,29,57,85,135,115,52,33" hai1="37,134,102,25,66,65,7,18,90,26,17,14,59" hai2="104,23,105,55,130,42,45,51,35,32,99,103,13" hai3="54,110,10,132,119,15,112,20,5,4,75,81,71"/><T80/><D135/><U69/><E37/><V70/><F130/><W12/><G71/><T118/><D118/><U129/><E134/><V113/><F113/><W96/><G132/><T31/><D33/><U16/><E129/><V38/><F70/><W28/><G112/><T93/><D44/><U89/><E102/><V127/><F127/><W122/><G110/><T40/><D40/><U64/><E69/><V100/><F13/><W1/><G54/><T36/><D36/><U74/><E74/><V8/><F8/><W47/><G96/><N who="0" m="59543" /><D93/><U72/><E72/><V95/><F23/><W48/><G75/><T39/><D39/><U84/><E59/><V97/><REACH who="2" step="1"/><F95/><REACH who="2" ten="363,299,22,306" step="2"/><W68/><G20/><T27/><D115/><U61/><E14/><V128/><F128/><W98/><G15/><N who="0" m="7679" /><D0/><U87/><E7/><V2/><F2/><W43/><G5/><T41/><D27/><N who="1" m="10251" /><E61/><V30/><F30/><W58/><G28/><T86/><D31/><U114/><E114/><V24/><F24/><W91/><G1/><T67/><D29/><U77/><E77/><V109/><F109/><W133/><G68/><T106/><D106/><U49/><E49/><V92/><F92/><W53/><G133/><T131/><D131/><U6/><E6/><V126/><F126/><W62/><G12/><T73/><D57/><AGARI ba="0,1" hai="32,35,38,42,45,51,55,57,97,99,100,103,104,105" machi="57" ten="30,3900,0" yaku="1,1,7,1,9,1,53,0" doraHai="79" doraHaiUra="124" who="2" fromWho="0" sc="363,-39,299,0,22,49,306,0" /><INIT seed="5,0,0,1,1,90" ten="324,299,71,306" oya="1" hai0="116,85,104,124,55,66,15,77,79,45,75,5,131" hai1="123,6,60,33,65,28,71,83,17,3,96,108,82" hai2="46,107,109,50,13,95,61,70,113,133,23,52,9" hai3="38,111,67,98,48,81,18,78,30,11,118,74,88"/><U59/><E123/><V93/><F107/><W1/><G38/><T112/><D66/><U57/><E108/><V12/><F109/><W39/><G39/><T19/><D75/><U99/><E6/><V127/><F133/><W91/><G111/><T129/><D116/><U87/><E3/><V121/><F127/><W8/><G118/><T49/><D104/><U64/><E33/><V42/><F121/><W4/><G30/><T51/><D5/><U89/><E28/><V73/><F73/><W76/><G76/><T80/><D112/><U44/><E44/><V101/><F101/><W0/><G67/><T84/><D51/><U10/><E82/><V72/><F72/><W102/><G48/><T68/><D68/><U69/><E69/><V22/><F113/><W114/><G114/><T122/><D124/><U92/><E65/><V54/><F70/><W53/><G53/><N who="2" m="20585" /><F61/><W110/><G110/><T134/><D134/><U7/><E60/><V32/><F32/><W86/><G18/><T130/><D122/><U21/><E64/><V24/><F12/><W63/><G63/><T105/><D105/><U126/><E71/><V62/><F62/><W25/><G25/><T14/><D19/><U31/><E17/><N who="2" m="8367" /><F22/><W34/><G34/><T27/><D27/><N who="1" m="16879" /><E126/><V29/><AGARI ba="0,0" hai="23,24,29,42,46,50,93,95" m="8367,20585" machi="29" ten="30,7900,0" yaku="8,1,52,2,54,1" doraHai="90" who="2" fromWho="2" sc="324,-20,299,-39,71,79,306,-20" /><INIT seed="6,0,0,1,4,57" ten="304,260,150,286" oya="2" hai0="134,67,53,8,18,64,81,9,74,99,100,44,97" hai1="91,90,78,70,108,85,30,103,6,65,29,62,95" hai2="49,14,88,116,125,107,128,80,27,10,12,47,11" hai3="20,41,123,28,127,36,52,94,102,126,51,16,92"/><V112/><F116/><W1/><G123/><T105/><D134/><U87/><E108/><V22/><F112/><W111/><G111/><T121/><D121/><U33/><E78/><V106/><F125/><N who="3" m="47627" /><G1/><T124/><D124/><U73/><E73/><V38/><F38/><W24/><G102/><T61/><D67/><U133/><E133/><V120/><F128/><W63/><G63/><T104/><D18/><U3/><E103/><V82/><F120/><W43/><G28/><T115/><D115/><U119/><E119/><V37/><F37/><W59/><G36/><T122/><D99/><U132/><E132/><V66/><F66/><W89/><G94/><T101/><D101/><U4/><E3/><V72/><F72/><W39/><G39/><T19/><D105/><U109/><E109/><V15/><F82/><W21/><G20/><T23/><D81/><U86/><E33/><V25/><F107/><W48/><G48/><T96/><D74/><U7/><REACH who="1" step="1"/><E95/><REACH who="1" ten="304,250,150,286" step="2"/><V55/><F106/><W118/><G118/><T93/><D104/><U117/><E117/><V114/><F114/><W79/><G79/><T77/><D77/><U110/><E110/><V129/><F129/><W50/><G50/><N who="0" m="28871" /><D122/><U60/><E60/><V45/><F45/><W83/><G83/><T84/><D100/><U71/><E71/><V40/><F40/><W56/><G56/><T46/><D46/><U131/><E131/><V13/><N who="2" m="3072" /><DORA hai="26" /><V54/><F10/><W32/><G32/><T2/><D9/><U130/><E130/><V31/><F11/><W98/><AGARI ba="0,1" hai="16,21,24,41,43,51,52,59,89,92,98" m="47627" machi="98" ten="30,4000,0" yaku="18,1,54,2" doraHai="57,26" who="3" fromWho="3" sc="304,-10,250,-10,150,-20,286,50" /><INIT seed="7,0,0,0,4,65" ten="294,240,130,336" oya="3" hai0="19,1,117,42,115,64,85,118,21,93,74,126,104" hai1="123,66,103,40,33,51,97,18,39,55,14,37,122" hai2="133,36,128,34,109,47,98,23,46,79,94,108,75" hai3="99,45,6,57,130,113,44,111,58,12,53,62,90"/><W125/><G113/><T100/><D1/><U107/><E33/><V77/><F133/><W60/><G130/><T120/><D42/><U49/><E66/><V110/><F128/><W86/><G125/><T124/><D64/><U88/><E40/><V25/><F34/><W2/><G111/><T5/><D5/><U56/><E49/><V102/><F75/><W48/><G2/><T96/><D19/><U22/><REACH who="1" step="1"/><E88/><REACH who="1" ten="294,230,130,336" step="2"/><V15/><F36/><AGARI ba="0,1" hai="14,18,22,36,37,39,51,55,56,97,103,107,122,123" machi="36" ten="40,5200,0" yaku="1,1,2,1,53,1" doraHai="65" doraHaiUra="10" who="1" fromWho="2" sc="294,0,230,62,130,-52,336,0" owari="294,9.4,292,-10.8,78,-42.2,336,43.6" /></mjloggm>