<mjloggm ver="2.3"><GO type="41" lobby="0"/><UN n0="%E2%93%9D%4C%75%63%6B%79%4A" n1="%E6%B7%B1%E5%A4%9C%E9%A3%9F%E5%A0%82" n2="%E3%81%95%E3%81%95%E3%81%8D%E3%81%AE%E6%96%B0%E4%BA%BA" n3="%E6%BC%AB%E5%A4%A9%E6%A5%93%E8%91%89" dan="13,13,13,14" rate="1951.53,1866.35,1870.42,2025.90" sx="M,M,M,M"/><TAIKYOKU oya="0"/><INIT seed="0,0,0,3,1,69" ten="250,250,250,250" oya="0" hai0="33,97,132,23,47,116,90,64,18,28,59,63,101" hai1="9,117,55,19,4,8,110,3,13,82,71,108,133" hai2="57,75,128,127,5,77,46,12,1,70,22,94,17" hai3="76,107,112,109,38,67,42,93,105,73,0,66,44"/><T35/><D116/><U106/><E117/><V65/><F128/><W45/><G112/><T99/><D132/><U25/><E106/><V72/><F127/><W91/><G0/><T100/><D28/><U113/><E71/><V86/><F70/><W95/><G109/><N who="1" m="42090" /><E133/><V43/><F57/><W79/><G73/><T125/><D125/><U54/><E82/><V102/><F65/><W134/><G134/><T6/><D6/><N who="1" m="1119" /><E113/><V53/><F53/><N who="1" m="19977" /><E25/><V41/><F43/><W32/><G32/><T15/><D90/><U103/><E103/><V14/><F1/><W88/><G42/><T26/><D47/><U121/><E4/><V80/><F94/><W50/><REACH who="3" step="1"/><G50/><REACH who="3" ten="250,250,250,240" step="2"/><T123/><D35/><U36/><E121/><V51/><REACH who="2" step="1"/><F102/><REACH who="2" ten="250,250,240,240" step="2"/><W49/><G49/><T20/><D123/><U39/><AGARI ba="0,2" hai="9,13,19,36,39" m="19977,1119,42090" machi="39" ten="30,4000,0" yaku="14,1,52,2" doraHai="69" who="1" fromWho="1" sc="250,-20,250,60,240,-10,240,-10" /><INIT seed="1,0,0,3,1,112" ten="230,310,230,230" oya="1" hai0="106,19,32,60,28,45,57,3,34,61,87,71,82" hai1="117,122,123,105,23,79,59,8,35,56,135,2,121" hai2="99,44,126,48,94,0,116,64,118,49,30,109,43" hai3="104,46,17,124,7,66,119,93,22,110,50,58,84"/><U41/><E105/><V63/><F109/><W15/><G119/><T76/><D3/><U103/><E117/><V107/><F126/><W74/><G104/><T26/><D106/><U14/><E35/><V9/><F107/><W108/><G74/><T133/><D133/><U72/><E103/><V1/><F30/><W134/><G134/><T78/><D34/><U24/><E135/><V29/><F29/><W100/><G124/><T91/><D61/><U115/><E115/><V95/><F49/><W85/><G7/><T6/><D6/><U54/><E2/><V36/><F95/><W4/><G4/><T68/><D45/><U38/><E38/><V75/><F75/><W55/><G100/><T47/><D47/><U39/><E39/><V52/><F0/><W25/><G25/><T77/><REACH who="0" step="1"/><D19/><REACH who="0" ten="220,310,230,230" step="2"/><U89/><E41/><V97/><F1/><W98/><G110/><T11/><D11/><U51/><E59/><N who="2" m="33159" /><F9/><W83/><G108/><T67/><AGARI ba="0,1" hai="26,28,32,57,60,67,68,71,76,77,78,82,87,91" machi="67" ten="30,2000,0" yaku="1,1,0,1,53,0" doraHai="112" doraHaiUra="114" who="0" fromWho="0" sc="220,30,310,-10,230,-5,230,-5" /><INIT seed="2,0,0,4,1,109" ten="250,300,225,225" oya="2" hai0="69,127,74,124,27,34,58,87,41,135,36,57,100" hai1="129,73,48,62,91,24,63,102,104,30,3,79,80" hai2="10,76,106,25,12,49,66,81,51,14,32,53,115" hai3="7,86,5,60,133,64,70,33,85,44,0,20,18"/><V116/><F116/><W1/><G133/><T26/><D74/><U97/><E129/><V6/><F106/><W90/><G33/><T61/><D87/><U126/><E126/><N who="0" m="48169" /><D100/><U77/><E3/><V114/><F66/><W19/><G44/><N who="0" m="23591" /><D27/><U52/><E79/><V21/><F14/><W4/><G86/><T8/><D8/><U17/><E17/><V107/><F107/><W16/><REACH who="3" step="1"/><G20/><REACH who="3" ten="250,300,225,215" step="2"/><T11/><D135/><U94/><E24/><V43/><F32/><W131/><G131/><T118/><D34/><U89/><E30/><V108/><F108/><W92/><AGARI ba="0,1" hai="0,1,4,5,7,16,18,19,60,64,70,85,90,92" machi="92" ten="30,7900,0" yaku="1,1,0,1,54,1,53,1" doraHai="109" doraHaiUra="67" who="3" fromWho="3" sc="250,-20,300,-20,225,-39,215,89" /><INIT seed="3,0,0,2,4,65" ten="230,280,186,304" oya="3" hai0="134,88,64,116,57,104,2,7,70,36,76,95,129" hai1="133,108,51,100,13,113,27,66,128,60,68,58,98" hai2="0,121,52,28,71,109,4,131,37,5,9,49,48" hai3="99,102,117,130,63,33,127,43,10,22,114,31,14"/><W87/><G117/><T35/><D116/><U85/><E113/><V8/><F109/><W91/><G114/><T110/><D104/><U97/><E108/><V82/><F131/><W123/><G123/><T18/><D35/><U118/><E118/><V54/><F37/><W80/><G130/><T45/><D76/><U72/><E72/><V81/><F28/><W30/><G33/><T73/><D57/><U44/><E128/><V111/><F111/><W23/><G43/><T26/><D73/><U47/><E133/><V90/><F90/><W20/><G63/><T86/><D7/><U115/><E115/><V135/><F0/><W21/><N who="3" m="5120" /><DORA hai="112" /><W61/><G61/><T67/><D2/><U92/><E27/><V16/><F16/><W120/><G127/><T15/><D26/><U89/><E13/><V107/><F107/><W132/><G132/><T83/><D134/><U105/><REACH who="1" step="1"/><E98/><REACH who="1" ten="230,270,186,304" step="2"/><V103/><F135/><W55/><G120/><T74/><D110/><U12/><E12/><V75/><F75/><W96/><G99/><T38/><D74/><U93/><E93/><V29/><F121/><W106/><REACH who="3" step="1"/><G55/><AGARI ba="0,1" hai="44,47,51,55,58,60,66,68,85,89,92,97,100,105" machi="55" ten="40,8000,1" yaku="1,1,52,1,53,3" doraHai="65,112" doraHaiUra="42,56" who="1" fromWho="3" sc="230,0,270,90,186,0,304,-80" /><INIT seed="4,0,0,0,0,52" ten="230,360,186,224" oya="0" hai0="103,37,59,115,26,74,63,92,95,69,90,129,28" hai1="82,11,93,119,126,71,102,29,61,19,72,13,41" hai2="97,128,104,94,44,121,76,35,32,46,86,16,124" hai3="123,70,68,87,133,109,80,25,38,88,105,89,3"/><T30/><D69/><U116/><E126/><V22/><F121/><W60/><G38/><T113/><D74/><U49/><E29/><V15/><F124/><W64/><G105/><T125/><D125/><U8/><E72/><V107/><F128/><W77/><G109/><T117/><D37/><U67/><E82/><V0/><F0/><W1/><G133/><T7/><D7/><U114/><E114/><N who="0" m="43529" /><D117/><U65/><E65/><V98/><F35/><W14/><G68/><T83/><D103/><U27/><E27/><V135/><F32/><W42/><G42/><T57/><D30/><U101/><E8/><V84/><F135/><W20/><G123/><T54/><D129/><U78/><E78/><V36/><F98/><W108/><G108/><T100/><D100/><U79/><E79/><V34/><F34/><W10/><G3/><T56/><D83/><U75/><E75/><V131/><F131/><W55/><G55/><T12/><D12/><U58/><E102/><N who="2" m="60727" /><F107/><W96/><G96/><N who="0" m="57463" /><D92/><U122/><E122/><V110/><F104/><W6/><REACH who="3" step="1"/><G1/><REACH who="3" ten="230,360,186,214" step="2"/><T53/><D54/><N who="1" m="32079" /><E119/><V134/><F110/><W132/><G132/><T9/><D9/><U50/><E116/><V39/><F134/><W47/><G47/><N who="2" m="17961" /><F36/><W85/><G85/><N who="2" m="32873" /><F39/><W40/><G40/><T91/><D91/><U73/><E41/><V45/><F45/><W112/><G112/><T99/><D99/><N who="1" m="59631" /><E73/><V33/><F76/><W43/><G43/><T81/><D81/><U51/><E71/><V66/><F66/><W18/><AGARI ba="0,1" hai="6,10,14,18,20,25,60,64,70,77,80,87,88,89" machi="18" ten="20,8000,1" yaku="1,1,0,1,7,1,54,1,53,1" doraHai="52" doraHaiUra="23" who="3" fromWho="3" sc="230,-40,360,-20,186,-20,214,90" /><INIT seed="5,0,0,0,4,112" ten="190,340,166,304" oya="1" hai0="37,135,95,93,39,97,83,115,114,75,85,18,105" hai1="127,33,134,28,109,49,8,5,2,99,16,120,38" hai2="36,130,74,72,89,106,15,62,63,86,24,94,56" hai3="124,25,92,31,108,10,71,26,110,60,19,61,87"/><U51/><E38/><V100/><F36/><W121/><G121/><T50/><D18/><U55/><E120/><V59/><F130/><W43/><G124/><T111/><D50/><U4/><E127/><V82/><F24/><W78/><G71/><T96/><D39/><U6/><E134/><V125/><F125/><W126/><G43/><T29/><D29/><U77/><E109/><V104/><F15/><W35/><G126/><T21/><D21/><U42/><E77/><V0/><F0/><W107/><G107/><T73/><D37/><U57/><E99/><V76/><F74/><W34/><G108/><T119/><D111/><U70/><E70/><V46/><F46/><W11/><G110/><T27/><D27/><U129/><E129/><V48/><F106/><W118/><G118/><T12/><D12/><N who="1" m="7175" /><E33/><V41/><F41/><W113/><G113/><N who="0" m="43019" /><D119/><U116/><E116/><V69/><F69/><W65/><G35/><T90/><D105/><U123/><E123/><V32/><F32/><W44/><G34/><T53/><D53/><N who="1" m="31919" /><E2/><V80/><F82/><W45/><G31/><T9/><D9/><U3/><E3/><V133/><F133/><W117/><G117/><T128/><D128/><U20/><E42/><V102/><F104/><W64/><G10/><T54/><D54/><U13/><E28/><V22/><F22/><W68/><G11/><T103/><D135/><U132/><E132/><V66/><REACH who="2" step="1"/><F48/><REACH who="2" ten="190,340,156,304" step="2"/><W14/><G26/><T23/><D23/><U17/><E4/><V98/><F98/><W40/><G25/><T7/><D7/><U52/><E51/><RYUUKYOKU ba="0,1" sc="190,10,340,10,156,10,304,-30" hai0="73,75,83,85,90,93,95,96,97,103" hai1="5,6,13,17,20,52,55" hai2="56,59,62,63,66,72,76,80,86,89,94,100,102" /><INIT seed="5,1,1,1,4,70" ten="200,350,166,274" oya="1" hai0="113,124,11,22,17,14,49,112,86,13,107,44,42" hai1="96,2,118,76,134,92,99,115,29,81,132,0,66" hai2="95,65,32,31,3,68,56,106,104,21,33,15,57" hai3="135,119,30,64,116,72,25,16,122,51,19,103,4"/><U36/><E118/><N who="3" m="45098" /><G122/><T121/><D121/><U28/><E66/><V61/><F3/><N who="1" m="1065" /><E36/><V38/><F38/><W85/><G72/><T123/><D123/><U48/><E48/><V97/><F106/><W105/><G135/><N who="1" m="51754" /><E115/><N who="0" m="44105" /><D107/><U94/><E76/><V18/><F33/><N who="3" m="20687" /><G4/><N who="0" m="3431" /><D86/><U1/><E81/><V6/><F6/><W101/><G64/><T117/><D117/><U55/><E55/><V120/><F120/><W126/><G126/><AGARI ba="1,1" hai="13,17,22,42,44,49,124,126" m="3431,44105" machi="126" ten="30,1000,0" yaku="15,1" doraHai="70" who="0" fromWho="3" sc="200,23,350,0,166,0,274,-13" /><INIT seed="6,0,0,4,4,104" ten="223,350,166,261" oya="2" hai0="29,87,102,12,124,115,22,133,1,92,21,73,119" hai1="27,91,37,111,0,20,66,7,18,105,56,121,44" hai2="112,11,33,85,131,19,70,109,45,132,55,58,36" hai3="103,62,96,52,8,60,83,76,31,59,127,17,9"/><V99/><F112/><W16/><G127/><T23/><D115/><U72/><E111/><V82/><F131/><W120/><G31/><T57/><D1/><U5/><E105/><V135/><F70/><W71/><G120/><T74/><D124/><U46/><E121/><V98/><F33/><W35/><G35/><T61/><D133/><N who="2" m="51274" /><F109/><W26/><G71/><T24/><D12/><U63/><E72/><N who="0" m="27753" /><D87/><U80/><E0/><V3/><F45/><N who="1" m="17513" /><E37/><V53/><F36/><W10/><G62/><T15/><D15/><U123/><E123/><V95/><F95/><W38/><G38/><T90/><D90/><U30/><E30/><V67/><F67/><W114/><G26/><T50/><D50/><U40/><E40/><V108/><F108/><W126/><G114/><T97/><D119/><U93/><E80/><V101/><F101/><W134/><G134/><T42/><D42/><U118/><E118/><V113/><F113/><W107/><REACH who="3" step="1"/><G126/><REACH who="3" ten="223,350,166,251" step="2"/><T94/><D29/><U41/><E41/><V84/><F53/><W34/><G34/><T117/><D117/><U86/><AGARI ba="0,1" hai="5,7,18,20,27,56,63,66,86,91,93" m="17513" machi="86" ten="30,1100,0" yaku="8,1" doraHai="104" who="1" fromWho="1" sc="223,-3,350,21,166,-5,251,-3" /><INIT seed="7,0,0,0,5,121" ten="220,371,161,248" oya="3" hai0="38,26,104,18,15,84,82,133,34,131,117,75,92" hai1="85,118,20,120,24,56,6,59,25,134,114,65,122" hai2="43,130,36,67,110,44,63,31,19,109,4,27,57" hai3="127,107,2,14,58,66,35,37,123,113,99,8,69"/><W5/><G123/><T61/><D38/><U40/><E134/><V68/><F130/><W29/><G35/><T28/><D104/><U47/><E114/><V3/><F19/><W126/><G37/><T79/><D117/><U55/><E118/><V105/><F105/><W12/><G69/><T87/><D133/><U50/><E6/><V94/><F94/><W9/><G107/><T86/><D61/><N who="1" m="38055" /><E122/><V70/><F4/><N who="3" m="1047" /><G99/><T108/><D131/><U98/><E120/><V73/><F73/><W21/><G66/><T32/><D34/><U13/><E98/><V76/><F76/><W81/><G58/><T74/><D75/><U102/><E102/><V10/><F10/><W52/><G81/><T7/><D7/><U49/><E85/><V64/><F3/><N who="3" m="191" /><G52/><T71/><D71/><U54/><E54/><V103/><F103/><W119/><G119/><T93/><D93/><U48/><E48/><V11/><F11/><W46/><G46/><T115/><D92/><U22/><E13/><N who="3" m="5226" /><G113/><T111/><REACH who="0" step="1"/><D115/><REACH who="0" ten="210,371,161,248" step="2"/><U30/><E30/><V106/><F106/><W124/><G29/><T97/><D97/><U17/><E22/><AGARI ba="0,1" hai="21,22,124,126,127" m="5226,191,1047" machi="22" ten="40,7700,0" yaku="18,1,34,2" doraHai="121" who="3" fromWho="1" sc="210,0,371,-77,161,0,248,87" /><AGARI ba="0,0" hai="15,18,22,26,28,32,74,79,82,84,86,87,108,111" machi="22" ten="40,5200,0" yaku="1,1,52,2,53,0" doraHai="121" doraHaiUra="125" who="0" fromWho="1" sc="210,52,294,-52,161,0,335,0" owari="262,6.2,242,-15.8,161,-33.9,335,43.5" /></mjloggm>