<mjloggm ver="2.3"><GO type="41" lobby="0"/><UN n0="%E2%93%9D%4C%75%63%6B%79%4A" n1="%73%6C%6F%63%6B%79" n2="%6E%69%67%61%74%6F%6D%61" n3="%E3%83%81%E3%83%A3%E3%83%BC%E3%83%8F%E3%83%B3%E5%B8%AB%E5%8C%A0" dan="17,14,14,14" rate="2159.04,2034.49,1966.01,1982.27" sx="M,M,M,M"/><TAIKYOKU oya="0"/><INIT seed="0,0,0,2,1,106" ten="250,250,250,250" oya="0" hai0="86,37,122,49,125,101,130,24,6,2,111,63,59" hai1="44,41,13,30,109,61,76,45,124,0,52,129,135" hai2="62,39,17,7,134,21,72,16,93,18,33,113,3" hai3="55,31,43,133,35,27,14,25,47,50,87,60,96"/><T56/><D122/><U103/><E0/><V114/><F39/><W115/><G133/><T94/><D37/><U92/><E135/><V108/><F72/><W84/><G115/><T107/><D107/><U95/><E109/><V29/><F134/><W51/><G60/><T102/><D125/><U82/><E124/><V53/><F33/><W9/><G96/><T42/><D2/><U38/><E129/><V81/><F108/><W54/><G43/><T83/><D6/><U79/><E30/><V26/><F81/><W97/><G97/><T40/><D24/><U98/><E95/><V112/><F93/><W119/><G27/><T88/><D130/><U58/><E82/><V131/><F131/><W75/><G75/><T73/><D111/><U85/><E85/><V67/><F53/><W64/><G64/><T1/><D1/><U69/><E69/><V10/><REACH who="2" step="1"/><F114/><REACH who="2" ten="250,250,240,250" step="2"/><W78/><G119/><T74/><D74/><U12/><REACH who="1" step="1"/><E45/><REACH who="1" ten="250,240,240,250" step="2"/><V70/><AGARI ba="0,2" hai="3,7,10,16,17,18,21,26,29,62,67,70,112,113" machi="70" ten="30,7900,0" yaku="1,1,2,1,0,1,54,1,53,0" doraHai="106" doraHaiUra="99" who="2" fromWho="2" sc="250,-39,240,-20,240,99,250,-20" /><INIT seed="1,0,0,4,5,121" ten="211,220,339,230" oya="1" hai0="4,115,76,29,116,126,52,94,47,122,88,127,45" hai1="74,26,9,106,6,60,2,23,103,118,10,105,104" hai2="16,38,48,34,11,62,110,14,101,65,75,91,77" hai3="114,31,59,129,120,19,111,43,36,83,13,95,135"/><U18/><E118/><V81/><F110/><W49/><G120/><T113/><D76/><U100/><E74/><V17/><F38/><W107/><G107/><T128/><D29/><U66/><REACH who="1" step="1"/><E10/><REACH who="1" ten="211,210,339,230" step="2"/><V39/><F75/><W12/><G114/><T131/><D122/><U40/><E40/><V109/><F11/><W15/><G43/><T134/><D116/><U64/><E64/><V46/><F65/><W69/><G129/><N who="0" m="49739" /><D134/><U70/><AGARI ba="0,1" hai="2,6,9,18,23,26,60,66,70,100,103,104,105,106" machi="70" ten="30,6000,0" yaku="1,1,0,1,53,1" doraHai="121" doraHaiUra="7" who="1" fromWho="1" sc="211,-20,210,70,339,-20,230,-20" /><INIT seed="1,1,0,2,4,67" ten="191,280,319,210" oya="1" hai0="130,5,56,40,36,82,11,22,9,18,98,102,112" hai1="38,108,13,50,99,3,64,125,33,45,68,117,100" hai2="75,134,32,43,119,89,12,87,101,6,24,31,54" hai3="109,131,26,46,107,128,70,111,129,62,92,116,55"/><U86/><E117/><V72/><F119/><W121/><G107/><T30/><D112/><U81/><E3/><V51/><F134/><W35/><G116/><T41/><D30/><U63/><E125/><V96/><F43/><W25/><G35/><T110/><D110/><N who="3" m="41993" /><G121/><T44/><D41/><U135/><E108/><V48/><F48/><N who="3" m="29079" /><G92/><T49/><D130/><U94/><E135/><V90/><F90/><W8/><G8/><T93/><D5/><U103/><E33/><V114/><F12/><W84/><G84/><T104/><D104/><U127/><E127/><V28/><F28/><W1/><G1/><T76/><D56/><U65/><E65/><AGARI ba="1,0" hai="25,26,62,65,70,128,129,131" m="29079,41993" machi="65" ten="40,5200,0" yaku="19,1,14,1,52,1" doraHai="67" who="3" fromWho="1" sc="191,0,280,-55,319,0,210,55" /><INIT seed="2,0,0,3,4,83" ten="191,225,319,265" oya="2" hai0="112,46,114,78,60,124,118,85,115,56,15,49,50" hai1="93,72,33,8,21,128,40,73,7,36,84,125,48" hai2="133,12,14,113,70,122,100,54,110,4,16,10,135" hai3="95,87,34,80,32,94,81,64,74,116,108,42,69"/><V0/><F122/><W79/><G116/><T102/><D102/><U9/><E33/><V129/><F70/><W76/><G42/><T58/><D118/><U23/><E125/><V53/><F113/><W55/><G108/><T71/><D15/><U45/><E128/><V88/><F129/><W105/><G105/><T97/><D97/><U3/><E9/><V127/><F127/><W75/><G55/><T132/><D78/><U131/><E131/><V19/><F110/><W90/><REACH who="3" step="1"/><G94/><REACH who="3" ten="191,225,319,255" step="2"/><T30/><D124/><U126/><E126/><V47/><F100/><W25/><G25/><T111/><D111/><U27/><E36/><V67/><F67/><W24/><G24/><T104/><D104/><U107/><E107/><V59/><F0/><W28/><G28/><T134/><D30/><U20/><E27/><V123/><F14/><W117/><G117/><T2/><D115/><U98/><REACH who="1" step="1"/><E84/><REACH who="1" ten="191,215,319,255" step="2"/><V82/><F123/><W101/><G101/><AGARI ba="0,2" hai="3,7,8,20,21,23,40,45,48,72,73,93,98,101" machi="101" ten="40,2600,0" yaku="1,1,2,1,53,0" doraHai="83" doraHaiUra="121" who="1" fromWho="3" sc="191,0,215,46,319,0,255,-26" /><INIT seed="3,0,0,2,3,64" ten="191,261,319,229" oya="3" hai0="33,40,28,72,17,121,134,45,79,74,18,122,71" hai1="97,78,112,67,96,132,120,95,125,8,44,99,119" hai2="126,3,10,94,7,100,103,25,90,5,48,83,2" hai3="131,14,53,60,118,57,61,41,36,113,106,9,124"/><W54/><G113/><T89/><D79/><U30/><E120/><V130/><F126/><W102/><G118/><T123/><D89/><U16/><E112/><V23/><F130/><W115/><G115/><T12/><D134/><U135/><E125/><V34/><F34/><W128/><G106/><T133/><D133/><N who="1" m="51275" /><E119/><V26/><F83/><W13/><G102/><T27/><D71/><U92/><E78/><V39/><F39/><W129/><G124/><T80/><D80/><U63/><E30/><V46/><F7/><W101/><G101/><T105/><D105/><U24/><E44/><V29/><F26/><W19/><G41/><T11/><REACH who="0" step="1"/><D18/><REACH who="0" ten="181,261,319,229" step="2"/><U68/><E95/><V35/><F35/><W107/><G107/><T110/><D110/><U47/><E92/><V77/><F77/><W82/><G82/><T31/><D31/><U104/><E104/><V15/><F3/><W117/><G117/><T111/><D111/><U62/><E68/><V0/><F0/><W81/><G81/><T86/><D86/><U59/><E99/><N who="2" m="57815" /><F2/><W1/><G1/><T38/><AGARI ba="0,1" hai="11,12,17,27,28,33,38,40,45,72,74,121,122,123" machi="38" ten="30,2000,0" yaku="1,1,0,1,53,0" doraHai="64" doraHaiUra="88" who="0" fromWho="0" sc="181,30,261,-5,319,-5,229,-10" /><INIT seed="4,0,0,4,4,133" ten="211,256,314,219" oya="0" hai0="96,106,25,130,120,83,109,57,61,135,123,22,117" hai1="34,7,119,95,74,39,110,97,89,127,17,90,80" hai2="111,71,0,32,116,2,5,85,103,105,65,20,92" hai3="98,131,79,26,28,23,13,44,6,132,72,18,69"/><T88/><D117/><U134/><E39/><V102/><F111/><W112/><G132/><T107/><D109/><U56/><E110/><V11/><F32/><W8/><G69/><T49/><D135/><U122/><E134/><V118/><F2/><W87/><G112/><T60/><D130/><U15/><E119/><N who="2" m="45611" /><F105/><W24/><G72/><T36/><D36/><U67/><E122/><V81/><F92/><W14/><G44/><T54/><D107/><U129/><E129/><V124/><F124/><W29/><G98/><T52/><D106/><U75/><E34/><V128/><F128/><W27/><G87/><T19/><D61/><U46/><E7/><V115/><F115/><W16/><G79/><T63/><D63/><N who="1" m="38375" /><E75/><V66/><F71/><W73/><G73/><T47/><REACH who="0" step="1"/><D83/><REACH who="0" ten="201,256,314,219" step="2"/><U51/><E80/><V104/><F104/><W45/><G131/><T43/><D43/><U41/><E95/><AGARI ba="0,1" hai="19,22,25,47,49,52,54,57,60,88,95,96,120,123" machi="95" ten="40,12000,1" yaku="1,1,25,2,54,2,53,0" doraHai="133" doraHaiUra="37" who="0" fromWho="1" sc="201,130,256,-120,314,0,219,0" /><INIT seed="4,1,0,0,4,65" ten="331,136,314,219" oya="0" hai0="3,96,82,9,40,112,14,124,19,89,123,125,26" hai1="20,52,33,68,133,107,70,106,115,51,15,86,108" hai2="80,2,62,49,28,12,41,109,13,117,64,0,83" hai3="122,45,61,5,110,75,27,42,59,72,129,17,43"/><T73/><D123/><U48/><E108/><V126/><F109/><W121/><G110/><T7/><D40/><U57/><E33/><V128/><F128/><W127/><G5/><T16/><D73/><U103/><E133/><V54/><F126/><N who="0" m="48746" /><D82/><U39/><E39/><V67/><F41/><W102/><G127/><T104/><D89/><U36/><E36/><V95/><F95/><W120/><G102/><N who="0" m="62535" /><D112/><U81/><E115/><V58/><F28/><W114/><G129/><T90/><D90/><U32/><E32/><V11/><F117/><W25/><G43/><T76/><D76/><U118/><E118/><V93/><F93/><W94/><G94/><T97/><D97/><U30/><E51/><V4/><F2/><W22/><G114/><T116/><D116/><U69/><E103/><V31/><F31/><W60/><G75/><T77/><D77/><U44/><E44/><V24/><F24/><W10/><G72/><T135/><D135/><U56/><E56/><V21/><F21/><W99/><G99/><T8/><D26/><U53/><E53/><V88/><F83/><W29/><G59/><T105/><D105/><U130/><E130/><V1/><F1/><W98/><G98/><T111/><D111/><U100/><E100/><V23/><F23/><W84/><G84/><T37/><D37/><U79/><REACH who="1" step="1"/><E15/><REACH who="1" ten="331,126,314,219" step="2"/><V87/><REACH who="2" step="1"/><F67/><REACH who="2" ten="331,126,304,219" step="2"/><W132/><G132/><T92/><D92/><U55/><E55/><V66/><F66/><W38/><G27/><AGARI ba="1,2" hai="20,27,30,48,52,57,68,69,70,79,81,86,106,107" machi="27" ten="40,8000,1" yaku="1,1,52,3,54,1,53,0" doraHai="65" doraHaiUra="131" who="1" fromWho="3" sc="331,0,126,103,304,0,219,-83" /><INIT seed="5,0,0,2,5,110" ten="331,229,304,136" oya="1" hai0="125,78,81,88,26,8,18,128,47,9,15,91,106" hai1="76,72,3,53,65,86,103,80,120,122,58,68,52" hai2="64,16,22,50,17,35,83,124,60,24,123,107,108" hai3="7,4,121,127,90,66,74,61,12,38,115,67,13"/><U49/><E3/><V43/><F123/><W19/><G38/><T57/><D106/><U129/><E129/><V102/><F108/><W116/><G121/><T44/><D128/><U21/><E103/><V5/><F124/><W77/><G116/><T54/><D9/><U96/><E96/><V41/><F35/><W95/><G66/><T97/><D26/><U1/><E1/><V94/><F107/><W10/><G127/><T55/><D55/><U14/><E72/><V113/><F113/><W25/><G25/><T98/><D98/><U33/><E33/><V59/><F83/><W23/><G74/><T85/><D125/><U82/><E80/><V135/><F135/><W131/><G131/><T32/><D32/><U93/><E93/><V42/><F50/><W29/><G29/><T2/><D2/><U79/><E76/><V30/><F5/><W62/><G62/><N who="0" m="36151" /><D97/><AGARI ba="0,0" hai="16,17,22,24,30,41,42,43,59,60,64,94,97,102" machi="97" ten="40,8000,1" yaku="25,2,8,1,54,1" doraHai="110" who="2" fromWho="0" sc="331,-80,229,0,304,80,136,0" /><INIT seed="6,0,0,3,2,8" ten="251,229,384,136" oya="2" hai0="21,32,110,119,86,37,18,133,2,126,22,7,25" hai1="4,16,66,127,20,38,120,118,61,128,93,90,107" hai2="9,11,68,84,115,36,12,71,1,29,108,95,104" hai3="49,19,121,112,35,99,23,30,65,132,123,105,134"/><V44/><F104/><W63/><G121/><T48/><D37/><U83/><E118/><V92/><F115/><W117/><G117/><T57/><D110/><U53/><E107/><V96/><F29/><W0/><G123/><T14/><D86/><U74/><E120/><V54/><F95/><W88/><G112/><T26/><D57/><U41/><E127/><V46/><F9/><W81/><G0/><T109/><D48/><U73/><E128/><V6/><F1/><W97/><G49/><T27/><D133/><U72/><E4/><V113/><F113/><W98/><G30/><N who="0" m="19551" /><D109/><U114/><E114/><V76/><F46/><W129/><G35/><T50/><D50/><U70/><E53/><V106/><F106/><W94/><G81/><T78/><D78/><U100/><E100/><V103/><F54/><W131/><G105/><T102/><D102/><U130/><E130/><N who="3" m="49674" /><G63/><T42/><D42/><U43/><E83/><V10/><F10/><W56/><G56/><T24/><D126/><U85/><REACH who="1" step="1"/><E38/><REACH who="1" ten="251,219,384,136" step="2"/><V125/><F125/><W67/><G67/><T17/><D119/><U47/><E47/><V135/><F44/><W79/><G65/><T51/><D51/><U59/><E59/><V60/><F36/><W87/><G79/><T31/><D31/><U28/><E28/><V111/><F76/><W124/><G124/><T82/><D82/><U15/><AGARI ba="0,1" hai="15,16,20,41,43,61,66,70,72,73,74,85,90,93" machi="15" ten="30,7900,0" yaku="1,1,0,1,52,1,54,1,53,0" doraHai="8" doraHaiUra="122" who="1" fromWho="1" sc="251,-20,219,89,384,-39,136,-20" /><INIT seed="7,0,0,3,1,58" ten="231,308,345,116" oya="3" hai0="130,50,135,37,69,111,120,83,46,67,107,99,68" hai1="126,132,110,59,62,127,6,119,14,9,116,55,73" hai2="3,47,128,66,100,89,131,49,52,32,106,78,43" hai3="94,113,23,92,5,115,36,71,40,76,114,28,98"/><W41/><G71/><T25/><D83/><U74/><E110/><V86/><F32/><W72/><G5/><T91/><D91/><U29/><E29/><V88/><F3/><W1/><G1/><T45/><D99/><U13/><E132/><V134/><F134/><W34/><G34/><T10/><D10/><U64/><E14/><V17/><F66/><W93/><G36/><T2/><D25/><U31/><E31/><V129/><F17/><W22/><G98/><T8/><D130/><U51/><E74/><V101/><F106/><W4/><G4/><T80/><D80/><U121/><E73/><V77/><F89/><W109/><G72/><T0/><D120/><U21/><E21/><N who="3" m="7690" /><G28/><T96/><D96/><U90/><E90/><V56/><F101/><W19/><G19/><T133/><D37/><U12/><E12/><V122/><F100/><W15/><G15/><T7/><D7/><U108/><E121/><V18/><F18/><W54/><G76/><T97/><D97/><U118/><REACH who="1" step="1"/><E108/><REACH who="1" ten="231,298,345,116" step="2"/><V81/><F122/><W79/><G79/><T75/><D75/><U20/><E20/><V11/><F11/><W85/><G85/><T24/><D8/><U16/><E16/><V26/><F26/><W123/><G123/><T87/><D24/><U102/><E102/><V125/><F125/><W63/><G109/><T82/><D111/><U105/><E105/><V124/><F124/><W57/><AGARI ba="0,1" hai="40,41,54,57,63,92,93,94,113,114,115" m="7690" machi="57" ten="40,3900,0" yaku="15,1,52,1" doraHai="58" who="3" fromWho="3" sc="231,-13,298,-13,345,-13,116,49" /><INIT seed="7,1,0,4,5,135" ten="218,285,332,165" oya="3" hai0="5,68,123,13,91,112,48,111,75,33,92,10,128" hai1="74,84,126,62,32,116,64,85,93,37,29,7,19" hai2="22,57,49,2,12,31,3,27,76,132,103,46,41" hai3="17,24,109,101,58,18,108,89,63,110,122,39,35"/><W94/><G39/><T88/><D33/><U130/><E74/><V82/><F132/><W105/><G122/><T95/><D68/><U61/><E37/><V73/><F103/><W53/><G105/><T96/><D111/><U56/><E7/><V16/><F57/><W71/><G71/><T6/><D128/><U102/><E130/><V107/><F107/><W72/><G72/><T90/><D123/><U43/><E43/><V42/><F42/><W115/><G101/><T77/><D112/><U44/><E44/><V34/><AGARI ba="1,0" hai="2,3,12,16,22,27,31,34,41,46,49,73,76,82" machi="34" ten="20,2700,0" yaku="0,1,7,1,54,1" doraHai="135" who="2" fromWho="2" sc="218,-8,285,-8,332,30,165,-14" owari="210,-19.0,277,7.7,362,46.2,151,-34.9" /></mjloggm>