<mjloggm ver="2.3"><GO type="41" lobby="0"/><UN n0="%E3%82%B5%E3%83%AF%E3%83%B3%E3%82%B3%E3%83%95" n1="%6B%61%6E%6B%69%63%68%69" n2="%E2%93%9D%4C%75%63%6B%79%4A" n3="%62%75%6C%6C%73%68%69%74" dan="15,13,18,15" rate="2049.73,1961.16,2160.45,1985.02" sx="M,M,M,M"/><TAIKYOKU oya="0"/><INIT seed="0,0,0,4,1,10" ten="250,250,250,250" oya="0" hai0="86,0,127,104,69,36,98,129,134,22,131,41,61" hai1="109,33,64,17,120,24,107,47,50,59,111,124,1" hai2="108,135,94,83,44,29,93,71,55,70,19,117,4" hai3="125,118,75,128,81,25,106,52,130,72,84,66,103"/><T12/><D0/><U91/><E120/><V88/><F29/><W105/><G66/><N who="0" m="41167" /><D134/><U20/><E124/><V113/><F113/><W51/><G118/><T39/><D127/><U110/><E107/><V87/><F4/><W115/><G115/><T99/><D86/><U100/><E100/><V15/><F108/><W101/><G25/><T78/><D78/><U92/><E1/><V31/><F31/><W21/><G21/><T45/><D36/><U60/><E33/><V26/><F117/><W121/><G125/><T74/><D74/><N who="3" m="28201" /><G121/><T95/><D95/><U97/><REACH who="1" step="1"/><E110/><REACH who="1" ten="250,240,250,250" step="2"/><V6/><F94/><W46/><G106/><T116/><D104/><U32/><E32/><V3/><F3/><W42/><G105/><T54/><D116/><U18/><E18/><V9/><F135/><W28/><G103/><T38/><D131/><N who="3" m="50217" /><G101/><T48/><D129/><U96/><E96/><V43/><F19/><W49/><G28/><T2/><D2/><U102/><E102/><V40/><F6/><W79/><G51/><T57/><D38/><U126/><E126/><V82/><F93/><W37/><G37/><T76/><D76/><U5/><E5/><V16/><F16/><AGARI ba="0,1" hai="12,16,22,39,41,45,48,54,57,98,99" m="41167" machi="16" ten="30,5800,0" yaku="24,1,52,1,54,1" doraHai="10" who="0" fromWho="2" sc="250,68,240,0,250,-58,250,0" /><INIT seed="0,1,0,4,4,63" ten="318,240,192,250" oya="0" hai0="52,95,92,110,93,22,17,20,14,120,49,36,125" hai1="41,39,91,68,56,43,78,100,89,16,88,77,70" hai2="124,29,83,122,118,65,90,6,26,64,82,81,102" hai3="69,38,8,23,50,75,46,44,7,96,27,61,123"/><T99/><D120/><U131/><E131/><V19/><F122/><W105/><G75/><T114/><D114/><U32/><E100/><V117/><F6/><W55/><G123/><T119/><D119/><N who="2" m="45578" /><F102/><W4/><G105/><T66/><D36/><U3/><E3/><V15/><F90/><W133/><G96/><T9/><D125/><U62/><E32/><N who="2" m="20535" /><F124/><W98/><G98/><T135/><D135/><U57/><E91/><V54/><F54/><W37/><G7/><T31/><D110/><U13/><E39/><V127/><F127/><W94/><G94/><T67/><D99/><U24/><E13/><V73/><F73/><W128/><G128/><T97/><D97/><U80/><E24/><V108/><F108/><W53/><G133/><T130/><D130/><U11/><E11/><AGARI ba="1,0" hai="11,15,19,64,65,81,82,83" m="20535,45578" machi="11" ten="30,3900,0" yaku="12,1,52,2" doraHai="63" who="2" fromWho="1" sc="318,0,240,-42,192,42,250,0" /><INIT seed="1,0,0,5,3,26" ten="318,198,234,250" oya="1" hai0="41,42,50,119,12,97,122,91,62,132,43,110,99" hai1="78,27,20,10,113,73,21,121,28,34,87,56,85" hai2="13,66,102,109,81,1,92,131,79,45,46,89,133" hai3="90,53,7,33,52,65,135,98,0,128,4,80,30"/><U54/><E113/><V116/><F1/><W94/><G135/><T126/><D119/><U31/><E121/><V29/><F116/><W59/><G128/><T8/><D132/><U38/><E38/><V40/><F102/><W22/><G33/><T129/><D129/><U111/><E111/><V2/><F2/><W88/><G65/><T120/><D110/><U44/><E44/><V127/><F109/><W93/><G80/><T6/><D126/><U112/><E112/><V71/><F46/><W100/><G100/><T123/><D50/><U25/><E34/><V124/><F13/><W47/><G47/><T60/><REACH who="0" step="1"/><D91/><REACH who="0" ten="308,198,234,250" step="2"/><U17/><E73/><V57/><F89/><W63/><G0/><T95/><D95/><U36/><E36/><V19/><F92/><W51/><G90/><T114/><D114/><U67/><E67/><V39/><F66/><W72/><G72/><T74/><D74/><U83/><E87/><V117/><F117/><W16/><G94/><T115/><D115/><U11/><REACH who="1" step="1"/><E17/><REACH who="1" ten="308,188,234,250" step="2"/><V32/><F19/><W35/><G16/><T61/><AGARI ba="0,2" hai="6,8,12,41,42,43,60,61,62,97,99,120,122,123" machi="61" ten="40,16000,3" yaku="1,1,0,1,29,2,13,1,53,3" doraHai="26" doraHaiUra="118" who="0" fromWho="0" sc="308,180,188,-80,234,-40,250,-40" /><INIT seed="2,0,0,1,5,123" ten="488,108,194,210" oya="2" hai0="15,49,95,82,127,9,122,130,124,131,134,47,18" hai1="119,110,12,133,126,87,6,66,132,88,38,46,0" hai2="94,60,16,19,54,29,114,121,78,42,48,108,32" hai3="75,35,23,56,26,84,112,8,31,10,34,128,1"/><V53/><F121/><W11/><G75/><T115/><D122/><U117/><E0/><V80/><F114/><W69/><G69/><T73/><D115/><U106/><E106/><V77/><F32/><N who="3" m="12331" /><G84/><T4/><D95/><U63/><E6/><V67/><F29/><W111/><G56/><T36/><D36/><U40/><E12/><V129/><F129/><N who="0" m="49162" /><D18/><N who="2" m="6698" /><F108/><W81/><G81/><T58/><D58/><N who="1" m="37239" /><E126/><N who="0" m="48169" /><D82/><N who="1" m="49271" /><E110/><V97/><F80/><W14/><G128/><T62/><D62/><U113/><E113/><V107/><F60/><W17/><G112/><T72/><D134/><AGARI ba="0,0" hai="38,40,46,117,119,132,133,134" m="49271,37239" machi="134" ten="30,2000,0" yaku="20,1,54,1" doraHai="123" who="1" fromWho="0" sc="488,-20,108,20,194,0,210,0" /><INIT seed="3,0,0,4,0,97" ten="468,128,194,210" oya="3" hai0="112,23,74,49,75,54,60,135,79,29,68,89,98" hai1="120,101,34,35,20,48,124,94,8,17,44,36,109" hai2="77,100,31,107,78,42,127,63,76,96,121,114,95" hai3="93,88,15,85,91,61,99,116,39,72,132,57,55"/><W62/><G132/><T52/><D135/><U26/><E120/><V65/><F114/><W16/><G72/><T70/><D112/><U84/><E109/><V33/><F121/><W10/><G39/><T14/><D79/><U18/><E124/><V56/><F127/><W32/><G32/><T126/><D126/><U51/><E36/><V59/><F42/><W108/><G108/><T113/><D113/><U86/><E8/><V103/><F107/><W9/><G116/><T47/><D70/><U133/><E133/><V25/><REACH who="2" step="1"/><F59/><REACH who="2" ten="468,128,184,210" step="2"/><W122/><G122/><T24/><D68/><U69/><E69/><V129/><F129/><W0/><G0/><T73/><D47/><U6/><E44/><V58/><F58/><W128/><G128/><T134/><D134/><U22/><E6/><V12/><F12/><W43/><G43/><T115/><D14/><U119/><E119/><V40/><F40/><W50/><REACH who="3" step="1"/><G9/><REACH who="3" ten="468,128,184,200" step="2"/><T104/><D115/><U102/><REACH who="1" step="1"/><E26/><REACH who="1" ten="468,118,184,200" step="2"/><V105/><F105/><W1/><G1/><T111/><D111/><U19/><E19/><V45/><F45/><W71/><G71/><T28/><D104/><U21/><E21/><V123/><F123/><W7/><G7/><T5/><D5/><U110/><E110/><V38/><F38/><W81/><AGARI ba="0,3" hai="10,15,16,50,55,57,61,62,81,85,88,91,93,99" machi="81" ten="20,18000,2" yaku="1,1,0,1,7,1,8,1,54,2,53,0" doraHai="97" doraHaiUra="125" who="3" fromWho="3" sc="468,-60,118,-60,184,-60,200,210" /><INIT seed="3,1,0,3,4,16" ten="408,58,124,410" oya="3" hai0="127,22,80,44,53,61,64,59,30,62,11,92,112" hai1="83,107,90,39,56,28,17,102,51,33,103,121,46" hai2="35,99,7,132,74,47,27,134,75,0,66,118,71" hai3="49,93,129,100,63,37,58,5,1,15,104,82,135"/><W25/><G37/><T116/><D116/><U119/><E121/><V122/><F118/><W6/><G1/><T43/><D127/><U70/><E70/><V124/><F47/><W133/><G104/><T95/><D112/><U18/><E119/><V54/><F54/><W91/><G100/><T68/><D80/><U87/><E39/><V41/><F41/><W36/><G36/><T123/><D123/><U84/><E103/><V78/><F78/><W73/><G49/><T111/><D111/><U4/><E4/><V29/><F99/><W120/><G120/><T79/><D11/><U126/><E126/><V21/><F124/><W101/><G101/><T23/><D79/><U88/><E33/><V48/><F48/><W12/><G25/><T55/><D55/><U81/><E28/><V60/><F122/><W114/><G114/><T42/><D30/><U69/><E69/><V45/><F45/><W131/><G82/><T8/><D8/><U26/><E56/><V24/><F7/><N who="3" m="2571" /><G73/><T72/><D72/><U86/><E86/><V77/><F0/><W125/><G12/><T9/><D9/><U65/><E65/><V50/><F75/><W14/><G14/><T89/><D95/><U13/><E13/><V40/><F74/><W67/><G15/><T130/><D130/><N who="3" m="49673" /><G125/><T31/><D31/><U113/><E113/><V106/><F29/><W10/><G10/><T2/><D2/><U115/><E115/><V128/><F128/><W97/><AGARI ba="1,0" hai="58,63,67,91,93,97,133,135" m="49673,2571" machi="97" ten="30,1500,0" yaku="19,1" doraHai="16" who="3" fromWho="3" sc="408,-6,58,-6,124,-6,410,18" /><INIT seed="3,2,0,3,1,134" ten="402,52,118,428" oya="3" hai0="109,110,124,43,52,82,13,127,92,29,106,75,123" hai1="19,7,25,78,16,121,45,126,10,6,24,55,87" hai2="44,64,3,0,66,37,90,97,60,54,40,51,38" hai3="18,96,103,65,35,83,130,39,59,76,56,15,41"/><W49/><G39/><N who="2" m="14857" /><F3/><W72/><G35/><T100/><D123/><U22/><E121/><V5/><F5/><W73/><G73/><T61/><D106/><U31/><E78/><V98/><F98/><W1/><G1/><T99/><D43/><U125/><E87/><V128/><F97/><W11/><G130/><T113/><D113/><U74/><E74/><V71/><F90/><W95/><REACH who="3" step="1"/><G65/><REACH who="3" ten="402,52,118,418" step="2"/><N who="2" m="25193" /><F0/><W114/><G114/><T53/><D75/><U111/><E111/><N who="0" m="42505" /><D82/><U122/><E122/><V36/><F128/><W104/><G104/><T28/><D13/><U14/><E7/><V67/><F36/><W93/><G93/><T119/><D119/><U27/><E27/><V77/><F77/><W108/><G108/><T135/><D135/><U105/><E105/><V132/><F132/><W88/><G88/><T62/><D62/><U117/><E117/><V58/><F40/><W42/><G42/><T101/><D101/><U85/><E24/><V116/><F116/><W91/><G91/><T12/><D12/><U26/><E26/><V2/><F2/><W30/><G30/><N who="0" m="11883" /><D61/><U129/><E129/><V84/><F84/><W63/><G63/><T133/><D133/><U115/><E85/><V48/><F51/><W20/><G20/><T17/><D17/><U68/><E115/><V9/><F9/><W94/><G94/><T23/><D23/><U46/><E22/><V118/><F118/><W57/><G57/><AGARI ba="2,1" hai="44,48,54,57,58,60,67,71" m="25193,14857" machi="57" ten="30,8000,1" yaku="35,5" doraHai="134" who="2" fromWho="3" sc="402,0,52,0,118,96,418,-86" /><INIT seed="4,0,0,1,4,114" ten="402,52,214,332" oya="0" hai0="104,99,86,97,81,94,59,66,130,14,51,68,63" hai1="44,75,96,106,121,80,41,21,28,1,2,0,50" hai2="45,103,39,9,29,100,135,87,123,67,82,52,122" hai3="37,30,85,33,134,55,3,11,20,132,116,78,115"/><T79/><D130/><U107/><E121/><V48/><F39/><W53/><G37/><T58/><D51/><U120/><E120/><V40/><F135/><N who="3" m="51755" /><G33/><T23/><D104/><U129/><E129/><V98/><F67/><W57/><G115/><T127/><D127/><U27/><E75/><V110/><F110/><W32/><G32/><T6/><D99/><U118/><E80/><V26/><F103/><W91/><G78/><T19/><REACH who="0" step="1"/><D6/><REACH who="0" ten="392,52,214,332" step="2"/><U84/><E107/><V111/><F98/><W73/><G73/><T131/><D131/><U92/><E106/><V128/><F128/><W16/><G116/><T46/><D46/><U34/><E118/><V108/><F123/><W117/><G117/><T71/><D71/><U25/><E96/><V24/><F122/><W15/><G57/><T4/><D4/><U62/><E50/><V8/><F111/><W56/><G56/><T7/><D7/><U60/><E44/><V105/><F108/><W77/><G85/><T88/><AGARI ba="0,1" hai="14,19,23,58,59,63,66,68,79,81,86,88,94,97" machi="88" ten="20,7800,0" yaku="1,1,0,1,7,1,54,1,53,0" doraHai="114" doraHaiUra="36" who="0" fromWho="0" sc="392,88,52,-26,214,-26,332,-26" /><INIT seed="4,1,0,4,0,43" ten="480,26,188,306" oya="0" hai0="30,69,18,11,99,67,9,22,41,51,4,74,123" hai1="5,81,122,53,68,105,31,75,21,26,16,78,33" hai2="61,20,129,55,65,107,52,118,108,101,25,133,39" hai3="132,125,28,83,57,10,95,121,60,128,24,106,63"/><T71/><D123/><U98/><E122/><V13/><F108/><W7/><G106/><T8/><D74/><U45/><E68/><V42/><F129/><W94/><G128/><T15/><D30/><U17/><E5/><V37/><F13/><W134/><G121/><T111/><D111/><U70/><E70/><V93/><F107/><W124/><G83/><T97/><D71/><U19/><E105/><V87/><F133/><N who="3" m="51307" /><G95/><T46/><REACH who="0" step="1"/><D4/><REACH who="0" ten="470,26,188,306" step="2"/><U59/><E33/><V115/><F118/><W117/><G117/><T80/><D80/><U72/><E72/><V32/><F32/><W114/><G28/><T113/><D113/><U12/><E12/><V84/><F115/><W91/><G114/><T2/><D2/><U85/><E75/><V88/><F25/><W29/><G24/><T127/><D127/><U23/><E23/><V119/><F20/><W116/><G29/><T135/><D135/><U89/><E31/><V86/><F119/><W102/><G116/><T48/><D48/><N who="1" m="28815" /><E26/><V34/><F34/><W35/><G35/><T126/><D126/><U58/><E21/><V3/><F3/><W44/><G125/><T56/><D56/><U112/><E112/><V14/><F14/><W96/><G124/><T62/><AGARI ba="1,1" hai="8,9,11,15,18,22,41,46,51,62,67,69,97,99" machi="62" ten="30,12000,1" yaku="1,1,0,1,52,1,53,2" doraHai="43" doraHaiUra="92" who="0" fromWho="0" sc="470,133,26,-41,188,-41,306,-41" owari="603,70.3,-15,-51.5,147,-25.3,265,6.5" /></mjloggm>