<mjloggm ver="2.3"><GO type="41" lobby="0"/><UN n0="%E5%B9%BB%E9%A6%AC%E9%B9%BF%E5%BA%B5" n1="%E6%8E%A5%E7%B7%9A%4C" n2="%E2%93%9D%4C%75%63%6B%79%4A" n3="%E9%9A%86%E5%A3%AB%E4%B8%B8" dan="16,15,18,13" rate="2074.74,1998.80,2201.24,1865.55" sx="M,M,M,M"/><TAIKYOKU oya="0"/><INIT seed="0,0,0,2,0,64" ten="250,250,250,250" oya="0" hai0="87,69,6,47,94,67,31,135,90,62,68,103,79" hai1="88,75,128,114,122,53,44,49,116,43,13,21,11" hai2="46,57,130,4,15,81,29,17,28,126,113,132,38" hai3="105,20,40,123,76,80,3,98,102,71,124,60,120"/><T85/><D135/><U42/><E116/><V108/><F113/><W86/><G3/><T106/><D6/><U73/><E122/><N who="3" m="46634" /><G40/><T0/><D0/><U129/><E21/><V39/><F57/><W37/><G37/><T117/><D117/><U121/><E114/><V7/><F81/><W127/><G20/><T12/><D31/><U23/><E23/><V65/><F65/><AGARI ba="0,0" hai="60,65,71,76,80,86,98,102,105,124,127" m="46634" machi="65" ten="30,2000,0" yaku="13,1,52,1" doraHai="64" who="3" fromWho="2" sc="250,0,250,0,250,-20,250,20" /><INIT seed="1,0,0,4,5,104" ten="250,250,230,270" oya="1" hai0="32,4,37,8,113,64,11,9,117,14,43,90,126" hai1="131,1,48,42,97,83,89,112,16,46,53,31,107" hai2="115,103,47,135,54,38,125,26,21,99,17,57,52" hai3="27,44,71,81,96,116,40,22,51,6,56,102,111"/><U85/><E112/><V59/><F115/><W34/><G71/><T129/><D113/><U132/><E1/><V63/><F125/><W29/><G111/><T65/><D117/><U15/><E131/><V98/><F135/><W77/><G116/><T94/><D129/><U30/><E132/><V33/><F33/><W50/><G6/><T134/><D32/><U130/><E130/><V58/><F99/><W68/><G68/><T80/><D126/><U121/><E121/><V2/><F2/><W87/><G34/><T74/><D43/><U123/><E123/><V118/><F118/><W124/><G124/><T79/><D37/><U91/><E42/><V36/><F47/><W106/><REACH who="3" step="1"/><G56/><REACH who="3" ten="250,250,230,260" step="2"/><T10/><REACH who="0" step="1"/><D134/><REACH who="0" ten="240,250,230,260" step="2"/><U62/><E62/><V61/><REACH who="2" step="1"/><F59/><REACH who="2" ten="240,250,220,260" step="2"/><W133/><G133/><T66/><D66/><U5/><E46/><V45/><F45/><W72/><G72/><T39/><D39/><AGARI ba="0,3" hai="22,27,29,39,40,44,50,51,77,81,87,96,102,106" machi="39" ten="30,2000,0" yaku="1,1,7,1,53,0" doraHai="104" doraHaiUra="128" who="3" fromWho="0" sc="240,-20,250,0,220,0,260,50" /><INIT seed="2,0,0,0,1,84" ten="220,250,220,310" oya="2" hai0="5,44,70,108,85,18,101,95,53,114,110,77,27" hai1="25,7,17,117,20,80,107,103,50,106,9,57,41" hai2="124,90,121,58,122,31,102,59,39,33,123,112,67" hai3="132,83,24,13,81,130,29,23,127,79,118,135,28"/><V22/><F112/><W71/><G118/><T36/><D114/><U37/><E37/><V69/><F102/><W99/><G71/><T14/><D70/><U72/><E103/><V119/><F119/><W47/><G127/><T113/><D113/><U133/><E133/><N who="3" m="51274" /><G130/><T134/><D5/><U128/><E128/><V26/><F39/><W48/><G13/><T63/><D27/><U2/><E117/><V96/><F124/><W34/><G99/><T32/><D32/><U120/><E120/><V15/><F69/><W129/><G129/><T100/><D36/><U64/><E64/><V10/><F67/><W105/><G105/><T126/><D126/><U116/><E116/><V42/><F42/><N who="3" m="24695" /><G79/><T115/><D77/><U0/><E0/><V8/><F33/><W111/><G111/><N who="0" m="42539" /><D134/><U93/><E107/><V51/><F51/><W46/><G46/><T49/><D63/><U131/><E106/><V91/><F96/><W43/><G43/><T52/><D53/><U60/><E131/><V74/><F123/><W109/><G109/><T3/><D3/><U78/><E41/><V11/><F122/><W92/><G92/><T35/><D35/><U30/><E93/><V40/><F40/><W75/><G75/><T62/><D62/><U4/><E60/><V61/><F74/><W76/><G76/><T73/><D73/><U82/><E78/><V125/><F125/><W97/><G97/><T68/><D68/><U66/><E72/><V16/><F121/><W21/><G34/><T98/><D115/><U55/><E2/><V87/><F61/><W104/><G104/><RYUUKYOKU ba="0,0" sc="220,-10,250,-10,220,-10,310,30" hai3="21,23,24,28,29,81,83" /><INIT seed="3,1,0,5,3,24" ten="210,240,210,340" oya="3" hai0="110,43,37,79,102,69,111,96,87,81,122,50,25" hai1="44,74,130,52,118,12,83,108,34,127,10,91,93" hai2="39,29,8,41,80,17,6,30,40,9,16,105,107" hai3="99,134,121,14,113,46,4,98,90,73,62,129,86"/><W65/><G121/><T31/><D122/><U133/><E108/><N who="0" m="41513" /><D69/><U33/><E130/><V82/><REACH who="2" step="1"/><F6/><REACH who="2" ten="210,240,200,340" step="2"/><W84/><G113/><T3/><D3/><U58/><E118/><V117/><F117/><W114/><G129/><T60/><D37/><AGARI ba="1,1" hai="8,9,16,17,29,30,37,39,40,41,80,82,105,107" machi="37" ten="25,12000,2" yaku="1,1,22,2,52,2,54,1,53,0" doraHai="24" doraHaiUra="28" who="2" fromWho="0" sc="210,-123,240,0,200,133,340,0" /><INIT seed="4,0,0,0,3,46" ten="87,240,333,340" oya="0" hai0="54,111,128,33,1,105,118,36,92,20,104,124,37" hai1="129,77,48,6,27,134,95,18,24,64,115,135,80" hai2="69,44,51,110,127,109,123,122,43,12,15,63,101" hai3="35,76,86,85,96,60,19,47,14,38,98,106,131"/><T8/><D20/><U30/><E129/><V102/><F102/><W132/><G35/><T49/><D118/><U67/><E6/><V13/><F101/><W32/><G32/><T75/><D75/><U53/><E95/><V78/><F78/><W56/><G131/><T66/><D128/><U25/><E18/><V107/><F107/><W23/><G132/><N who="1" m="50730" /><E30/><V59/><F69/><W117/><G117/><T45/><D33/><U3/><E3/><V28/><F127/><W31/><G31/><T108/><D124/><U82/><E82/><V61/><F63/><W17/><G106/><N who="0" m="41067" /><D92/><U42/><E42/><V9/><F28/><W114/><G114/><T70/><D8/><U116/><E115/><V58/><F9/><W103/><G38/><T65/><D1/><U39/><E39/><N who="0" m="14921" /><D70/><U7/><E7/><V83/><F83/><W87/><G103/><T29/><D29/><U93/><E93/><V133/><F133/><W89/><G76/><T2/><D2/><U50/><E116/><V113/><F113/><W99/><G47/><T52/><D54/><U57/><E50/><V40/><F51/><W130/><G130/><T126/><D126/><U26/><N who="1" m="6144" /><DORA hai="55" /><U41/><E41/><V100/><F43/><W5/><G5/><T81/><D81/><U68/><E68/><V10/><F40/><W71/><G71/><T4/><D4/><U94/><E94/><V120/><F100/><W84/><G19/><T0/><D0/><U112/><E112/><V72/><F10/><W91/><N who="3" m="21504" /><DORA hai="121" /><W88/><G91/><T125/><D125/><U62/><E62/><RYUUKYOKU ba="0,0" sc="87,10,240,10,333,-30,340,10" hai0="45,49,52,65,66,108,111" hai1="48,53,57,64,67,77,80" hai3="14,17,23,56,60,88,89,96,98,99" /><INIT seed="4,1,0,5,5,104" ten="97,250,303,350" oya="0" hai0="135,107,48,100,103,123,25,44,69,4,79,31,11" hai1="78,33,41,87,74,1,10,73,98,13,130,40,99" hai2="5,32,90,43,88,36,49,128,63,108,109,30,58" hai3="57,28,39,8,6,114,77,47,116,68,115,9,85"/><T72/><D123/><U101/><E33/><V15/><F36/><W2/><G116/><T106/><D135/><U37/><E1/><V16/><F5/><W61/><G68/><T23/><D69/><U125/><E87/><V118/><F118/><W84/><G28/><T126/><D126/><U95/><E78/><V7/><F7/><W24/><G24/><T51/><D107/><U17/><E130/><V70/><F70/><W35/><G35/><T94/><D106/><U0/><E0/><V54/><F128/><W81/><G9/><T133/><D133/><U134/><E134/><V113/><F113/><N who="3" m="43019" /><G85/><T129/><D129/><U89/><E125/><V21/><F32/><W127/><G127/><T102/><D94/><U119/><E119/><V56/><F30/><W27/><G27/><T91/><D91/><U18/><E18/><V62/><F109/><W52/><G47/><T121/><D121/><U67/><E67/><N who="2" m="39415" /><F108/><W42/><G42/><T83/><REACH who="0" step="1"/><D44/><AGARI ba="1,0" hai="15,16,21,43,44,49,54,56,62,88,90" m="39415" machi="44" ten="30,3900,0" yaku="8,1,54,2" doraHai="104" who="2" fromWho="0" sc="97,-42,250,0,303,42,350,0" /><INIT seed="5,0,0,0,4,100" ten="55,250,345,350" oya="1" hai0="74,69,37,27,123,10,7,49,84,108,25,73,44" hai1="102,95,18,9,56,97,82,8,59,33,112,128,134" hai2="30,126,72,24,107,0,121,26,67,88,47,65,57" hai3="39,2,20,81,76,31,127,35,89,117,66,68,34"/><U12/><E33/><V122/><F72/><W77/><G39/><T99/><D108/><U19/><E128/><V83/><F0/><W46/><G2/><T106/><D123/><U87/><E112/><V62/><F126/><W124/><G117/><T16/><D69/><U93/><E93/><V28/><F47/><W63/><G46/><T90/><D37/><U21/><E134/><V40/><F40/><W48/><G48/><T1/><D74/><U96/><E96/><V114/><F114/><W132/><G132/><T101/><D16/><U5/><E19/><V13/><F13/><W91/><G77/><T120/><D73/><U60/><E60/><V6/><F6/><W110/><G110/><T133/><D120/><U51/><E51/><V29/><F107/><W42/><G42/><T79/><D79/><U53/><E53/><V22/><F67/><W130/><G130/><T115/><D115/><U15/><REACH who="1" step="1"/><E9/><REACH who="1" ten="55,240,345,350" step="2"/><V32/><F30/><W119/><G119/><T80/><REACH who="0" step="1"/><D133/><REACH who="0" ten="45,240,345,350" step="2"/><U116/><E116/><V23/><F32/><W113/><G113/><T43/><AGARI ba="0,2" hai="1,7,10,25,27,43,44,49,80,84,90,99,101,106" machi="43" ten="20,12000,2" yaku="1,1,2,1,0,1,7,1,52,1,53,1" doraHai="100" doraHaiUra="85" who="0" fromWho="0" sc="45,140,240,-60,345,-30,350,-30" /><INIT seed="6,0,0,1,3,8" ten="185,180,315,320" oya="2" hai0="98,118,133,67,18,127,2,45,13,115,15,41,112" hai1="24,132,109,26,36,42,64,48,110,29,11,122,20" hai2="32,81,100,126,85,135,14,102,51,75,90,121,74" hai3="5,23,88,108,37,19,76,104,97,134,93,68,113"/><V79/><F32/><W125/><G108/><T94/><D2/><U17/><E132/><V106/><F121/><W35/><G35/><T128/><D133/><U66/><E36/><V129/><F135/><W117/><G134/><T124/><D128/><U3/><E122/><V38/><F38/><W95/><G117/><T59/><D118/><U28/><E42/><V120/><F120/><W58/><G68/><T77/><D77/><U86/><E48/><V105/><F14/><N who="0" m="5130" /><D18/><U63/><E86/><N who="2" m="48447" /><F51/><W107/><G37/><N who="0" m="21679" /><D59/><U40/><E40/><V61/><F129/><W9/><G125/><N who="0" m="48203" /><D67/><U33/><E64/><V57/><F57/><W78/><G76/><T101/><AGARI ba="0,0" hai="94,98,101,112,115" m="48203,21679,5130" machi="101" ten="30,7900,0" yaku="18,1,52,3" doraHai="8" who="0" fromWho="0" sc="185,79,180,-20,315,-39,320,-20" /><INIT seed="7,0,0,3,0,7" ten="264,160,276,300" oya="3" hai0="108,90,19,60,54,99,34,121,21,111,98,122,104" hai1="127,64,59,61,52,14,0,53,87,37,114,106,1" hai2="74,4,129,110,93,128,75,78,47,125,91,45,32" hai3="84,62,9,119,23,10,63,134,18,28,38,130,6"/><W97/><G119/><T15/><D34/><U116/><E106/><V118/><F32/><W95/><G38/><T68/><D99/><U17/><E37/><V58/><F110/><W31/><G130/><N who="2" m="50281" /><F78/><W100/><G134/><T94/><D104/><U112/><E127/><V76/><F76/><W5/><G84/><T77/><D77/><U22/><E87/><N who="2" m="52479" /><F118/><W35/><G35/><T39/><D39/><U85/><E85/><V33/><F33/><W30/><G6/><T135/><D135/><U109/><E109/><V42/><F42/><W43/><G43/><T26/><D54/><N who="1" m="21099" /><E116/><V24/><F4/><W67/><G5/><T113/><D113/><N who="1" m="43627" /><E1/><V120/><F75/><W117/><G117/><T80/><D108/><U3/><AGARI ba="0,0" hai="0,3,14,17,22,59,61,64" m="43627,21099" machi="3" ten="30,2000,0" yaku="15,1,54,1" doraHai="7" who="1" fromWho="1" sc="264,-5,160,20,276,-5,300,-10" /><INIT seed="8,0,0,0,5,71" ten="259,180,271,290" oya="0" hai0="130,72,46,65,50,0,52,42,6,66,77,7,74" hai1="96,55,59,51,1,67,101,131,128,2,54,92,98" hai2="115,108,106,28,27,61,62,22,133,86,43,34,69" hai3="83,127,35,85,10,32,97,37,36,100,78,82,107"/><T102/><D130/><N who="1" m="49707" /><E67/><N who="0" m="25609" /><D0/><U8/><E8/><V68/><F106/><W80/><G127/><T17/><D74/><U73/><E73/><V14/><F115/><W9/><G35/><T3/><D72/><U38/><E38/><V94/><F43/><W44/><G32/><T47/><D77/><U125/><E125/><V76/><F108/><W30/><G30/><T132/><D102/><N who="1" m="60679" /><E55/><V31/><F69/><W39/><G44/><N who="0" m="27719" /><D3/><U13/><E13/><V112/><F14/><W15/><REACH who="3" step="1"/><G9/><REACH who="3" ten="259,180,271,280" step="2"/><T99/><D47/><U121/><E121/><V91/><F34/><W111/><G111/><T63/><D46/><U105/><AGARI ba="0,1" hai="1,2,51,54,59,98,101,105" m="60679,49707" machi="105" ten="30,1100,0" yaku="19,1" doraHai="71" who="1" fromWho="1" sc="259,-5,180,21,271,-3,280,-3" /><INIT seed="9,0,0,5,3,135" ten="254,201,268,277" oya="1" hai0="53,81,94,95,130,99,107,77,29,110,87,25,102" hai1="56,90,129,88,8,60,93,122,124,97,33,84,21" hai2="76,115,39,24,47,16,1,45,51,52,19,120,105" hai3="66,103,104,113,50,48,127,38,20,98,78,10,118"/><U131/><E33/><V86/><F105/><W112/><G38/><T5/><D110/><U14/><E122/><V83/><F120/><W133/><G78/><T134/><D134/><U92/><E21/><V3/><F115/><W85/><G133/><T106/><D130/><U2/><E2/><V23/><REACH who="2" step="1"/><F19/><REACH who="2" ten="254,201,258,277" step="2"/><W41/><G112/><T18/><D18/><U108/><E108/><V26/><F26/><W46/><G113/><T37/><D107/><U100/><E124/><V0/><F0/><W128/><G127/><T42/><D106/><U73/><E73/><V79/><F79/><W17/><G128/><T96/><D25/><U116/><E116/><V9/><F9/><W101/><G118/><T11/><D11/><U126/><E126/><V69/><F69/><W123/><G123/><T89/><D77/><U125/><E125/><V57/><F57/><W7/><G103/><T13/><D102/><U61/><E100/><V71/><F71/><W59/><G10/><T64/><D89/><U109/><E109/><V58/><F58/><W75/><G7/><T4/><D4/><N who="1" m="3335" /><E131/><V119/><F119/><W32/><G59/><T70/><D70/><U132/><E129/><V121/><F121/><W44/><G104/><T22/><D5/><U40/><E132/><V55/><F55/><W68/><G68/><T49/><D53/><N who="1" m="33807" /><E61/><V43/><AGARI ba="0,1" hai="1,3,16,23,24,39,43,45,47,51,52,76,83,86" machi="43" ten="30,7900,0" yaku="1,1,0,1,54,2,53,0" doraHai="135" doraHaiUra="30" who="2" fromWho="2" sc="254,-20,201,-39,258,89,277,-20" owari="234,-16.6,162,-33.8,347,44.7,257,5.7" /></mjloggm>