<mjloggm ver="2.3"><GO type="41" lobby="0"/><UN n0="%E6%9C%9D%E6%AF%94%E5%A5%88%E5%8D%83%E6%AD%B3" n1="%E3%82%B4%E3%83%83%E3%83%89%E3%83%90%E3%83%BC%E3%83%89" n2="%E2%93%9D%4C%75%63%6B%79%4A" n3="%61%6B%68%73" dan="14,13,18,13" rate="1974.43,1912.90,2210.21,1898.75" sx="F,M,M,M"/><TAIKYOKU oya="0"/><INIT seed="0,0,0,5,2,117" ten="250,250,250,250" oya="0" hai0="39,126,82,64,83,91,84,9,103,43,21,134,56" hai1="45,51,30,4,119,50,58,49,17,101,71,67,63" hai2="112,85,129,38,74,5,40,73,25,13,10,35,20" hai3="76,68,106,114,33,37,70,116,41,28,15,102,65"/><T108/><D134/><U3/><E119/><V44/><F112/><W110/><G110/><T57/><D126/><U61/><E30/><V131/><F35/><W16/><G76/><T23/><D103/><U18/><E101/><V36/><F38/><W125/><G125/><T29/><D108/><U121/><E17/><V0/><F85/><W135/><G135/><T127/><D127/><U88/><E18/><V48/><F36/><W80/><G80/><T96/><D96/><U130/><E4/><V1/><F25/><W87/><G87/><T120/><D39/><U118/><E3/><V133/><F20/><W72/><G72/><N who="2" m="27753" /><F133/><W32/><G32/><T93/><D43/><U66/><E118/><V78/><F78/><W122/><G122/><T69/><D9/><U90/><E121/><V107/><F107/><W12/><G12/><T98/><D120/><U81/><E130/><AGARI ba="0,0" hai="0,1,5,10,13,40,44,48,129,130,131" m="27753" machi="130" ten="30,1000,0" yaku="19,1" doraHai="117" who="2" fromWho="1" sc="250,0,250,-10,250,10,250,0" /><INIT seed="1,0,0,3,4,74" ten="250,240,260,250" oya="1" hai0="110,44,36,25,76,5,119,72,29,17,14,57,58" hai1="87,53,8,106,135,132,88,85,102,1,129,117,104" hai2="91,7,4,84,22,92,116,118,13,23,38,105,30" hai3="103,113,2,12,115,112,111,20,95,73,40,108,31"/><U128/><E53/><V89/><F105/><N who="1" m="40553" /><E8/><V50/><F38/><W42/><G2/><T61/><D119/><U15/><E15/><V64/><F64/><W45/><G73/><T27/><D110/><N who="3" m="42025" /><G45/><T46/><D5/><U34/><E34/><V66/><F66/><W78/><G78/><T19/><D36/><U125/><E1/><V77/><F30/><W3/><G3/><T39/><D39/><U126/><E102/><V9/><F7/><W67/><G67/><T120/><D120/><U43/><E43/><V127/><F118/><W96/><G12/><T68/><D14/><U90/><E117/><V134/><F116/><W100/><G103/><T107/><D29/><U75/><E75/><V70/><F13/><W71/><G71/><T62/><D72/><U16/><E16/><V98/><F70/><W28/><G28/><T109/><D109/><U122/><E122/><V33/><F4/><W32/><G32/><T99/><D68/><U121/><E121/><V51/><F33/><W48/><G48/><T26/><D26/><AGARI ba="0,0" hai="20,26,31,40,42,95,96,100,112,113,115" m="42025" machi="26" ten="40,1300,0" yaku="14,1" doraHai="74" who="3" fromWho="0" sc="250,-13,240,0,260,0,250,13" /><INIT seed="2,0,0,0,4,25" ten="237,240,260,263" oya="2" hai0="36,41,8,111,4,39,109,30,82,117,81,54,17" hai1="20,51,131,76,44,115,64,22,66,113,132,103,6" hai2="100,101,33,110,128,80,85,92,99,13,105,71,47" hai3="28,118,127,42,35,77,29,95,3,43,70,61,18"/><V46/><F71/><W55/><G118/><T40/><D117/><U27/><E20/><V121/><F121/><W37/><G3/><T104/><D104/><U45/><E45/><V107/><F33/><W26/><G127/><T119/><D119/><U11/><E132/><V79/><F47/><W120/><G120/><T102/><D102/><N who="2" m="39530" /><F13/><W86/><G35/><T2/><D54/><U49/><E49/><V53/><F53/><W94/><G37/><N who="0" m="14411" /><D17/><U65/><E131/><V88/><F46/><W124/><G124/><T83/><D30/><N who="3" m="11881" /><G70/><T38/><N who="0" m="14419" /><T75/><DORA hai="123" /><D75/><U112/><E103/><N who="2" m="60903" /><F128/><W122/><G122/><T9/><D9/><U114/><E114/><V5/><F5/><W52/><G18/><T31/><D31/><N who="1" m="17911" /><E115/><V106/><F110/><AGARI ba="0,0" hai="2,4,8,40,41,81,82,83,109,110,111" m="14419" machi="110" ten="50,8000,1" yaku="14,1,52,3" doraHai="25,123" who="0" fromWho="2" sc="237,80,240,0,260,-80,263,0" /><INIT seed="3,0,0,2,2,128" ten="317,240,180,263" oya="3" hai0="82,90,60,103,74,17,123,40,72,19,106,88,77" hai1="73,64,28,62,12,83,102,65,39,35,76,20,107" hai2="84,37,36,71,86,122,31,18,108,52,33,51,130" hai3="24,69,66,101,42,7,49,75,67,79,53,105,109"/><W22/><G69/><T85/><D123/><U8/><E39/><V58/><F122/><W125/><G125/><T81/><D40/><U119/><E119/><V15/><F71/><W97/><G42/><T46/><D46/><U61/><E35/><V115/><F115/><W56/><G109/><T23/><D74/><U41/><E41/><V14/><F130/><W89/><G7/><T57/><D90/><U132/><E132/><V93/><F15/><W117/><G117/><T21/><D106/><U25/><E102/><V94/><F108/><W116/><G116/><T3/><D3/><U38/><E107/><V29/><F33/><W43/><G43/><T120/><D120/><U6/><E38/><V112/><F112/><W59/><G59/><T100/><D21/><U10/><E65/><V45/><F45/><W0/><G0/><T48/><D48/><U5/><E64/><V13/><F18/><W135/><G135/><T131/><D131/><U121/><E121/><V129/><F129/><W96/><G96/><T32/><D32/><U78/><E78/><V104/><F104/><W91/><G91/><T27/><REACH who="0" step="1"/><D17/><REACH who="0" ten="307,240,180,263" step="2"/><U9/><E9/><V11/><F11/><W124/><G89/><T118/><D118/><U30/><E28/><V54/><F58/><W113/><G113/><T98/><D98/><U55/><E55/><AGARI ba="0,1" hai="19,23,27,55,57,60,72,77,81,82,85,88,100,103" machi="55" ten="30,3900,0" yaku="1,1,7,1,54,1,53,0" doraHai="128" doraHaiUra="26" who="0" fromWho="1" sc="307,49,240,-39,180,0,263,0" /><INIT seed="4,0,0,0,1,30" ten="356,201,180,263" oya="0" hai0="97,3,40,66,68,123,109,69,50,96,27,98,32" hai1="126,45,18,41,135,72,92,5,29,95,58,115,127" hai2="26,17,36,128,101,51,99,133,108,71,23,107,57" hai3="79,4,129,119,10,82,56,90,48,47,110,75,6"/><T132/><D123/><U16/><E72/><V0/><F108/><W112/><G119/><T14/><D3/><U125/><E5/><V106/><F36/><W54/><G110/><T78/><D109/><U83/><E135/><V117/><F71/><W15/><G129/><T84/><D132/><U134/><E134/><V39/><F39/><W116/><G112/><T7/><D66/><U37/><E115/><V89/><F133/><W70/><G70/><T28/><D78/><U49/><E83/><V76/><F0/><W118/><G6/><T9/><REACH who="0" step="1"/><D84/><REACH who="0" ten="346,201,180,263" step="2"/><U74/><E74/><V88/><F76/><W93/><G47/><AGARI ba="0,1" hai="7,9,14,27,28,32,40,47,50,68,69,96,97,98" machi="47" ten="40,7700,0" yaku="1,1,2,1,52,1,53,0" doraHai="30" doraHaiUra="81" who="0" fromWho="3" sc="346,87,201,0,180,0,263,-77" /><INIT seed="4,1,0,3,5,14" ten="433,201,180,186" oya="0" hai0="21,72,46,63,56,22,104,3,124,66,101,26,70" hai1="4,54,93,7,8,83,74,126,110,120,75,111,69" hai2="58,95,92,135,17,97,105,48,76,9,96,53,59" hai3="114,89,57,91,68,18,30,119,36,80,131,62,84"/><T99/><D124/><U106/><E106/><V116/><F105/><W127/><G119/><T52/><D72/><U78/><E74/><V90/><F135/><W108/><G108/><T25/><D3/><U107/><E107/><V130/><F130/><W71/><G127/><T81/><D81/><U94/><E7/><V121/><F121/><W115/><G131/><T44/><D25/><U43/><E120/><V61/><F116/><W123/><G123/><T100/><D100/><U112/><E69/><V27/><F76/><W60/><G30/><T109/><D109/><U2/><E126/><V67/><F9/><W49/><G36/><T65/><D21/><U129/><E129/><V51/><F51/><W5/><G5/><T133/><D133/><U77/><E77/><V29/><F29/><W55/><G91/><T28/><REACH who="0" step="1"/><D66/><REACH who="0" ten="423,201,180,186" step="2"/><U41/><E83/><V24/><REACH who="2" step="1"/><F17/><REACH who="2" ten="423,201,170,186" step="2"/><W125/><G125/><T23/><D23/><U35/><E111/><V86/><F86/><W87/><G87/><T103/><D103/><AGARI ba="1,2" hai="24,27,48,53,58,59,61,67,90,92,95,96,97,103" machi="103" ten="30,8000,1" yaku="1,1,7,1,8,1,53,2" doraHai="14" doraHaiUra="20" who="2" fromWho="0" sc="423,-83,201,0,170,103,186,0" /><INIT seed="5,0,0,1,0,134" ten="340,201,273,186" oya="1" hai0="81,52,114,20,112,78,135,121,14,100,125,32,126" hai1="70,68,97,115,102,30,39,86,54,64,62,108,117" hai2="36,24,79,77,48,95,5,60,71,84,4,107,63" hai3="111,106,44,130,101,7,98,94,21,123,33,132,83"/><U6/><E117/><V22/><F36/><W103/><G123/><T41/><D32/><U89/><E39/><V11/><F107/><W38/><G33/><T73/><D135/><U129/><E108/><V1/><F71/><W116/><G116/><T61/><D41/><U9/><E30/><V57/><F63/><W133/><G111/><T119/><D119/><U109/><E109/><V82/><F5/><W58/><G7/><T13/><D100/><U120/><E54/><V15/><F95/><W23/><G130/><T50/><D61/><U99/><E120/><V55/><F1/><W72/><G132/><T92/><D92/><U25/><E25/><V96/><F96/><W56/><G133/><T8/><D20/><U26/><E26/><V2/><F2/><W53/><G106/><T31/><D31/><U110/><E99/><V28/><REACH who="2" step="1"/><F60/><REACH who="2" ten="340,201,263,186" step="2"/><W3/><G3/><T128/><D121/><U66/><E110/><V49/><F49/><W76/><G101/><T118/><D118/><U0/><E66/><V67/><F67/><W124/><G124/><N who="0" m="47723" /><D128/><U12/><E129/><V88/><AGARI ba="0,1" hai="4,11,15,22,24,28,48,55,57,77,79,82,84,88" machi="88" ten="20,12000,2" yaku="1,1,0,1,7,1,8,1,54,1,53,1" doraHai="134" doraHaiUra="16" who="2" fromWho="2" sc="340,-30,201,-60,263,130,186,-30" /><INIT seed="6,0,0,4,1,116" ten="310,141,393,156" oya="2" hai0="12,77,5,126,18,129,65,16,95,135,71,30,11" hai1="100,47,113,110,22,118,79,89,59,111,74,97,40" hai2="125,99,35,31,84,51,120,88,17,60,58,25,46" hai3="41,75,109,96,15,78,29,122,103,6,92,127,67"/><V27/><F125/><W115/><G109/><T87/><D126/><U106/><E118/><V49/><F120/><W63/><G127/><T91/><D135/><U132/><E132/><V69/><F69/><W81/><G122/><T114/><D114/><U54/><E113/><V14/><F27/><W101/><G115/><T131/><D30/><U44/><E44/><V94/><F46/><W23/><G41/><T108/><D108/><U9/><E89/><V128/><F128/><N who="0" m="49226" /><D77/><U61/><E9/><V2/><F2/><W119/><G119/><T64/><D71/><U21/><E21/><V33/><F35/><W62/><G62/><T37/><D37/><U0/><E0/><V130/><F99/><W34/><G34/><T102/><D102/><U28/><E79/><V7/><F7/><W112/><G112/><T70/><D70/><U105/><E74/><V98/><F98/><W26/><G15/><T42/><D42/><U80/><E80/><V20/><REACH who="2" step="1"/><F130/><REACH who="2" ten="310,141,383,156" step="2"/><W52/><G6/><T82/><D5/><U32/><E32/><V76/><F76/><W57/><REACH who="3" step="1"/><G103/><REACH who="3" ten="310,141,383,146" step="2"/><T1/><D1/><U124/><E124/><V56/><F56/><W72/><G72/><T73/><D73/><U45/><E111/><V86/><F86/><W68/><G68/><T90/><D87/><U50/><E110/><V133/><F133/><W4/><G4/><T121/><D121/><U8/><E100/><V38/><F38/><W43/><G43/><T48/><D91/><U24/><E97/><V10/><F10/><W134/><G134/><T53/><D90/><U19/><E47/><RYUUKYOKU ba="0,2" sc="310,-30,141,10,383,10,146,10" hai1="8,19,22,24,28,40,45,50,54,59,61,105,106" hai2="14,17,20,25,31,33,49,51,58,60,84,88,94" hai3="23,26,29,52,57,63,67,75,78,81,92,96,101" /><INIT seed="6,1,2,3,0,60" ten="280,151,393,156" oya="2" hai0="75,130,19,44,5,40,135,49,84,66,15,115,17" hai1="20,113,31,132,96,103,122,101,3,111,125,99,32" hai2="134,104,74,129,78,0,54,107,39,88,80,7,1" hai3="36,37,110,45,71,53,72,108,2,70,51,121,56"/><V38/><F54/><N who="3" m="30063" /><G2/><N who="2" m="1129" /><F7/><W26/><G26/><T24/><D75/><U73/><E32/><V41/><F88/><W46/><G72/><T50/><D115/><U8/><E111/><N who="3" m="42538" /><G121/><T25/><D130/><U35/><E35/><V105/><F41/><N who="3" m="22823" /><G37/><N who="2" m="13833" /><F134/><W62/><AGARI ba="1,2" hai="53,56,62,70,71" m="22823,42538,30063" machi="62" ten="30,2000,0" yaku="34,2" doraHai="60" who="3" fromWho="3" sc="280,-6,151,-6,393,-11,156,43" /><INIT seed="7,0,0,3,3,30" ten="274,145,382,199" oya="3" hai0="117,96,132,79,27,104,32,1,43,58,29,3,31" hai1="98,127,82,126,15,59,18,109,2,99,56,10,42" hai2="11,51,87,77,83,60,134,57,39,89,26,65,6" hai3="50,115,108,135,81,16,130,122,37,8,125,114,22"/><W19/><G122/><T67/><D117/><U21/><E109/><V34/><F39/><W13/><G37/><T20/><D43/><U44/><E127/><V75/><F134/><W71/><G71/><T124/><D79/><U121/><E121/><V62/><F62/><W85/><G125/><T33/><D124/><U129/><E129/><V78/><F34/><W111/><G135/><T61/><D132/><U131/><E131/><V7/><F26/><W97/><G130/><T105/><D20/><U84/><E126/><V68/><F7/><W93/><G50/><T110/><D110/><N who="3" m="42025" /><G93/><T73/><D73/><U106/><E106/><V133/><F133/><W23/><G97/><T66/><D27/><U76/><E99/><V123/><F123/><W47/><G47/><T5/><D96/><U36/><E98/><V119/><F119/><W54/><G54/><T118/><D118/><U9/><E9/><V90/><F68/><W74/><G74/><T116/><D116/><U41/><E41/><V113/><F51/><W48/><G48/><T92/><D92/><U69/><E69/><V12/><F113/><N who="3" m="43019" /><G85/><T46/><D46/><U49/><E36/><V91/><F75/><W63/><G81/><T28/><D66/><U24/><REACH who="1" step="1"/><E2/><REACH who="1" ten="274,135,382,199" step="2"/><V107/><F107/><W101/><G101/><T100/><D1/><U17/><AGARI ba="0,1" hai="10,15,17,18,21,24,42,44,49,56,59,76,82,84" machi="17" ten="20,12000,2" yaku="1,1,2,1,0,1,7,1,8,1,53,1" doraHai="30" doraHaiUra="4" who="1" fromWho="1" sc="274,-30,135,130,382,-30,199,-60" owari="244,-15.6,265,6.5,352,45.2,139,-36.1" /></mjloggm>