<mjloggm ver="2.3"><GO type="41" lobby="0"/><UN n0="%37%34%31%34%4E%6D%73%6C" n1="%E9%9B%80%E3%83%9D%E3%82%B1%E6%96%89%E8%97%A4" n2="%E6%A9%98%E5%AD%90%E3%81%AE%E6%84%9B" n3="%E2%93%9D%4C%75%63%6B%79%4A" dan="13,15,13,17" rate="1924.84,1968.19,1823.85,2137.53" sx="M,M,M,M"/><TAIKYOKU oya="0"/><INIT seed="0,0,0,1,4,86" ten="250,250,250,250" oya="0" hai0="71,106,128,9,31,95,109,52,87,127,66,3,37" hai1="21,15,75,74,48,119,135,101,98,14,7,64,77" hai2="116,6,0,4,125,44,38,81,57,60,131,26,130" hai3="12,19,122,11,108,118,88,62,61,18,105,33,30"/><T76/><D106/><U97/><E119/><V27/><F125/><W24/><G118/><T90/><D127/><U5/><E64/><V68/><F68/><W83/><G105/><T36/><D128/><N who="2" m="49194" /><F116/><W96/><G108/><T63/><D109/><U65/><E65/><V121/><F121/><W58/><G122/><T72/><D31/><U111/><E111/><V94/><F81/><W8/><G58/><T32/><D32/><U23/><E48/><V134/><F134/><W99/><G99/><T123/><D123/><U35/><E77/><V59/><F94/><W2/><G96/><T129/><D129/><U20/><E35/><V104/><F104/><W67/><G67/><T46/><D72/><U92/><E135/><V70/><F70/><W39/><G39/><T51/><REACH who="0" step="1"/><D76/><REACH who="0" ten="240,250,250,250" step="2"/><U85/><E75/><V17/><F38/><W10/><G30/><T56/><D56/><U107/><E74/><V80/><F44/><W49/><G33/><T50/><D50/><U79/><E107/><V91/><F57/><W40/><G49/><T45/><D45/><U16/><E79/><V69/><F69/><W113/><G62/><T103/><D103/><U100/><E100/><V55/><F0/><W115/><G2/><T84/><D84/><U132/><E132/><V34/><F34/><W114/><G61/><T73/><D73/><U133/><E133/><V120/><F120/><W112/><G115/><T43/><D43/><U82/><E101/><V29/><F29/><W53/><G40/><T25/><D25/><N who="2" m="9226" /><F17/><W54/><G19/><T1/><D1/><U124/><E16/><RYUUKYOKU ba="0,1" sc="240,15,250,-15,250,15,250,-15" hai0="3,9,36,37,46,51,52,63,66,71,87,90,95" hai2="4,6,55,59,60,80,91" /><INIT seed="0,1,1,2,1,71" ten="255,235,265,235" oya="0" hai0="66,97,49,109,42,4,24,15,120,30,74,96,88" hai1="86,94,51,2,78,57,40,126,45,89,23,93,38" hai2="5,106,121,80,33,112,69,50,56,32,13,122,131" hai3="123,134,10,58,26,98,61,68,100,54,8,47,64"/><T82/><D120/><U21/><E126/><V41/><F69/><W55/><G123/><T117/><D117/><U118/><E118/><V81/><F112/><W87/><G134/><T102/><D66/><U107/><E107/><V31/><F106/><W84/><G26/><T99/><D74/><U9/><E78/><V1/><F1/><W92/><G68/><T83/><D109/><U36/><E2/><V105/><F105/><W59/><G47/><N who="0" m="25847" /><D102/><U6/><E57/><V111/><F111/><W127/><G127/><T14/><D4/><U17/><E94/><V53/><F131/><W63/><G64/><T76/><D76/><U70/><E70/><V124/><F124/><W113/><G113/><T125/><D125/><U46/><E46/><V34/><F31/><W52/><G55/><T108/><D108/><U65/><E65/><V60/><F5/><W130/><G130/><T11/><D11/><AGARI ba="1,1" hai="8,10,11,52,54,58,59,61,63,84,87,92,98,100" machi="11" ten="40,5200,0" yaku="9,1,8,1,54,1" doraHai="71" who="3" fromWho="0" sc="255,-55,235,0,265,0,235,65" /><INIT seed="1,0,0,4,2,51" ten="200,235,265,300" oya="1" hai0="19,73,65,26,43,134,97,124,33,132,69,4,88" hai1="23,72,129,57,122,30,63,50,89,85,71,6,79" hai2="123,32,47,11,105,9,111,120,8,37,82,28,99" hai3="45,131,15,52,55,42,14,119,44,60,54,116,107"/><U108/><E122/><V75/><F75/><W130/><BYE who="2" /><G107/><T128/><D73/><U117/><E117/><N who="3" m="45130" /><G45/><UN n2="%E6%A9%98%E5%AD%90%E3%81%AE%E6%84%9B" /><T94/><D4/><U59/><E129/><N who="3" m="49162" /><G60/><T118/><D128/><U16/><E30/><V78/><F78/><W20/><BYE who="2" /><G20/><T35/><D118/><U127/><E127/><V3/><F3/><W62/><G62/><T95/><D124/><U29/><E29/><V102/><F102/><W67/><G67/><T64/><D43/><UN n2="%E6%A9%98%E5%AD%90%E3%81%AE%E6%84%9B" /><U103/><BYE who="2" /><E103/><UN n2="%E6%A9%98%E5%AD%90%E3%81%AE%E6%84%9B" /><V58/><F111/><W86/><G86/><T133/><D95/><U110/><E6/><V135/><F135/><W90/><G90/><T17/><D65/><U91/><E72/><V48/><F105/><W41/><G42/><T66/><D64/><N who="1" m="41375" /><E79/><V49/><F99/><W2/><G2/><T22/><D66/><U84/><E84/><V1/><F1/><W40/><G41/><T7/><D69/><U101/><E101/><V34/><F28/><W112/><G112/><T27/><D7/><U113/><E113/><V61/><F123/><W24/><G24/><T25/><D27/><N who="1" m="14823" /><E50/><AGARI ba="0,0" hai="14,15,40,44,50,52,54,55" m="49162,45130" machi="50" ten="40,12000,2" yaku="12,1,19,1,52,3,54,1" doraHai="51" who="3" fromWho="1" sc="200,0,235,-120,265,0,300,120" /><INIT seed="2,0,0,4,3,20" ten="200,115,265,420" oya="2" hai0="63,80,102,87,59,23,83,125,135,29,38,31,123" hai1="70,2,100,46,9,35,133,105,16,90,54,11,119" hai2="13,122,48,99,76,86,62,94,30,24,47,88,53" hai3="60,0,17,78,124,68,19,12,73,91,1,22,77"/><V7/><F122/><W5/><G73/><T14/><D123/><U111/><E119/><V25/><F30/><W4/><G68/><T89/><D125/><U28/><E70/><V39/><F39/><W49/><G60/><T116/><D135/><U95/><E133/><V110/><F110/><W81/><G91/><T85/><D38/><U113/><E113/><V96/><F62/><W121/><G81/><T52/><D102/><U45/><E2/><N who="3" m="1130" /><G49/><T72/><D72/><U58/><E100/><V57/><F57/><W103/><G103/><T117/><D117/><U128/><E105/><V75/><F75/><W36/><G78/><T92/><D116/><U50/><E111/><V32/><F32/><W6/><G77/><T27/><D14/><U118/><E118/><V21/><F96/><W74/><G74/><T3/><D3/><U64/><E128/><V69/><F69/><W84/><G84/><T109/><D109/><U129/><E129/><V134/><F134/><W120/><G36/><T79/><D31/><U101/><E101/><V132/><F132/><W130/><G124/><T34/><D34/><U51/><E64/><V71/><F71/><W106/><G106/><T107/><D107/><U56/><E28/><V18/><F7/><W104/><G104/><T55/><D83/><AGARI ba="0,0" hai="13,18,21,24,25,47,48,53,76,83,86,88,94,99" machi="83" ten="40,12000,1" yaku="8,1,52,2,54,1" doraHai="20" who="2" fromWho="0" sc="200,-120,115,0,265,120,420,0" /><INIT seed="2,1,0,1,1,8" ten="80,115,385,420" oya="2" hai0="6,93,77,15,110,97,130,89,28,29,5,85,27" hai1="101,113,119,102,35,3,14,117,75,99,87,124,34" hai2="39,1,42,84,7,129,9,103,96,115,111,71,54" hai3="94,43,76,112,78,20,83,0,131,100,79,41,40"/><V32/><F115/><W95/><G112/><T116/><D110/><U121/><E75/><V125/><F125/><W56/><G0/><T24/><D130/><U19/><E113/><V62/><F32/><W126/><G126/><T16/><D116/><U22/><E124/><V46/><F111/><W10/><G131/><T90/><D77/><U31/><E87/><V105/><F129/><W134/><G10/><N who="0" m="6263" /><D29/><U81/><E81/><V53/><F84/><W72/><G134/><T38/><D38/><U65/><E65/><N who="2" m="41399" /><F54/><W57/><G72/><T26/><D28/><U128/><E128/><V30/><F53/><W108/><G108/><T49/><D49/><U51/><E121/><V64/><F64/><W63/><G63/><T73/><D73/><U21/><E102/><V60/><F60/><W23/><G100/><T50/><D50/><U12/><E51/><V44/><F44/><W17/><G83/><AGARI ba="1,0" hai="5,6,24,26,27,83,85,89,90,93,97" m="6263" machi="83" ten="30,3900,0" yaku="8,1,52,1,54,1" doraHai="8" who="0" fromWho="3" sc="80,42,115,0,385,0,420,-42" /><INIT seed="3,0,0,2,3,91" ten="122,115,385,378" oya="3" hai0="79,21,52,101,88,17,128,10,113,90,41,106,1" hai1="126,131,59,24,97,60,40,130,34,83,104,119,36" hai2="19,93,78,127,30,120,37,114,13,105,110,45,58" hai3="87,124,54,18,117,98,53,96,70,133,123,80,32"/><W43/><G123/><T11/><D128/><U121/><E121/><V57/><F114/><W82/><G32/><T46/><D113/><U33/><E126/><V23/><F105/><W68/><G43/><T20/><D79/><U5/><E5/><V39/><F127/><W116/><G124/><T9/><D1/><U14/><E14/><V111/><F120/><W100/><G87/><T84/><D106/><U77/><E119/><V103/><F78/><W65/><G65/><T48/><D101/><U12/><E12/><V50/><F30/><W135/><G18/><T89/><D17/><U0/><E0/><V132/><F132/><W28/><REACH who="3" step="1"/><G100/><REACH who="3" ten="122,115,385,368" step="2"/><T75/><D75/><U63/><E40/><V42/><F37/><W3/><G3/><T66/><D66/><U134/><E36/><V122/><F39/><W94/><G94/><T109/><D109/><N who="2" m="41482" /><F122/><W55/><G55/><T38/><REACH who="0" step="1"/><D84/><REACH who="0" ten="112,115,385,368" step="2"/><U47/><E130/><V56/><F103/><W26/><G26/><T7/><D7/><U125/><E131/><V15/><F93/><W61/><G61/><T74/><D74/><U115/><E63/><V51/><F15/><W6/><G6/><T85/><D85/><U71/><E60/><V25/><F13/><W81/><G81/><T2/><D2/><U118/><E125/><V4/><F4/><W29/><AGARI ba="0,2" hai="28,29,53,54,68,70,80,82,96,98,116,117,133,135" machi="29" ten="25,9600,0" yaku="1,1,0,1,22,2,53,0" doraHai="91" doraHaiUra="108" who="3" fromWho="3" sc="112,-32,115,-32,385,-32,368,116" /><INIT seed="3,1,0,3,5,38" ten="80,83,353,484" oya="3" hai0="134,27,18,110,101,71,66,92,55,118,98,132,115" hai1="25,11,130,77,90,3,49,9,82,5,52,120,95" hai2="16,100,1,128,34,114,102,124,127,81,50,104,116" hai3="37,68,12,99,22,133,58,63,117,0,61,64,47"/><W48/><G0/><T21/><D118/><U2/><E120/><V89/><F116/><W88/><G117/><T10/><D110/><U84/><E130/><V57/><F1/><W4/><G37/><T73/><D73/><U56/><E11/><V135/><F34/><W19/><G133/><N who="0" m="51307" /><D115/><U86/><E25/><V35/><F35/><W24/><G63/><N who="0" m="40415" /><D55/><U41/><E41/><V105/><F135/><W119/><G68/><T30/><D10/><U123/><REACH who="1" step="1"/><E123/><REACH who="1" ten="80,73,353,484" step="2"/><V13/><F114/><W74/><G119/><T129/><D129/><U76/><E76/><V15/><F128/><W85/><G24/><T7/><D7/><U60/><E60/><V93/><F124/><W72/><G4/><T91/><D30/><U42/><E42/><V97/><F127/><W36/><G36/><T62/><D62/><U106/><E106/><V51/><F104/><W32/><G32/><T14/><D27/><U103/><E103/><AGARI ba="1,1" hai="14,18,21,91,92,98,101,103" m="40415,51307" machi="103" ten="30,1000,0" yaku="20,1" doraHai="38" who="0" fromWho="1" sc="80,23,73,-13,353,0,484,0" /><INIT seed="4,0,0,5,5,108" ten="103,60,353,484" oya="0" hai0="88,97,60,59,14,80,110,21,69,51,16,33,73" hai1="118,65,56,17,50,40,2,22,98,85,78,131,102" hai2="32,44,135,116,25,72,106,82,19,103,55,64,26" hai3="3,95,100,67,130,133,125,94,62,126,23,0,28"/><T79/><D110/><U10/><E118/><V129/><F135/><W74/><G74/><T112/><D112/><U61/><E131/><V84/><F72/><W36/><G36/><T134/><D134/><U5/><E85/><V42/><F129/><W121/><G100/><T71/><D33/><U77/><E50/><V13/><F116/><W66/><G130/><T49/><D49/><U12/><REACH who="1" step="1"/><E40/><REACH who="1" ten="103,50,353,484" step="2"/><V76/><F42/><W9/><G133/><T70/><D51/><U68/><E68/><V83/><F84/><W90/><G126/><T37/><D37/><U58/><E58/><V4/><F106/><AGARI ba="0,1" hai="2,5,10,12,17,22,56,61,65,77,78,98,102,106" machi="106" ten="30,2000,0" yaku="1,1,7,1,53,0" doraHai="108" doraHaiUra="109" who="1" fromWho="2" sc="103,0,50,30,353,-20,484,0" /><INIT seed="5,0,0,2,0,120" ten="103,80,333,484" oya="1" hai0="69,132,61,130,53,78,28,101,31,87,126,117,64" hai1="108,35,56,102,106,104,0,14,111,21,7,74,67" hai2="71,103,15,26,113,81,115,1,44,12,47,98,51" hai3="6,32,124,133,60,10,116,8,82,129,65,13,70"/><U88/><E35/><V96/><F1/><W41/><G129/><T52/><D117/><U49/><E74/><V125/><F71/><W134/><G116/><T16/><D130/><U121/><E0/><V112/><F125/><W66/><G66/><T5/><D132/><N who="3" m="50793" /><G41/><T84/><D5/><U42/><E121/><V72/><F26/><W57/><G32/><T9/><D126/><U3/><E3/><V94/><F47/><W17/><G82/><T73/><D101/><U95/><E102/><V76/><REACH who="2" step="1"/><F96/><REACH who="2" ten="103,80,323,484" step="2"/><W68/><G124/><T118/><D69/><U86/><E42/><AGARI ba="0,1" hai="12,15,42,44,51,72,76,81,94,98,103,112,113,115" machi="42" ten="40,12000,2" yaku="1,1,2,1,15,1,11,1,53,3" doraHai="120" doraHaiUra="109" who="2" fromWho="1" sc="103,0,80,-120,323,130,484,0" owari="103,-29.7,-40,-54.0,453,25.3,484,58.4" /></mjloggm>