<mjloggm ver="2.3"><GO type="41" lobby="0"/><UN n0="%E6%9D%A3%E3%81%AE%E5%A4%A9%E7%8B%97" n1="%E3%81%9F%E3%81%8D%E3%82%AF%E3%83%AA" n2="%E3%83%93%E3%82%BF%34%30" n3="%E2%93%9D%4C%75%63%6B%79%4A" dan="15,15,15,17" rate="2036.65,2034.17,1925.46,2160.33" sx="M,M,M,M"/><TAIKYOKU oya="0"/><INIT seed="0,0,0,2,3,115" ten="250,250,250,250" oya="0" hai0="60,120,42,92,27,7,77,26,57,126,87,133,72" hai1="44,63,66,21,89,71,50,48,78,91,125,119,39" hai2="22,84,116,15,28,93,45,135,58,128,109,43,34" hai3="132,107,86,16,95,0,131,3,6,102,110,4,127"/><T90/><D120/><U68/><E78/><V112/><F112/><W101/><G107/><T37/><D126/><U51/><E21/><V61/><F135/><W33/><G127/><T13/><D133/><U114/><E89/><V8/><F34/><W47/><G47/><T20/><D72/><U98/><E91/><V38/><F128/><W19/><G132/><T12/><D37/><U82/><E82/><V53/><F116/><W79/><G33/><T80/><D42/><N who="1" m="22623" /><E98/><V122/><F109/><W85/><G79/><T14/><D7/><U103/><E103/><V31/><F122/><W30/><G30/><T123/><D123/><U49/><E114/><V99/><F84/><W52/><G52/><N who="0" m="33831" /><D20/><U81/><E81/><V130/><F130/><W96/><G131/><T29/><D29/><U121/><E121/><V55/><F55/><W24/><G96/><T100/><D100/><U25/><E25/><N who="0" m="9225" /><D77/><U76/><E76/><V23/><F23/><W113/><G24/><T5/><D5/><U35/><E35/><V83/><F83/><AGARI ba="0,0" hai="12,13,14,80,83,87,90,92" m="9225,33831" machi="83" ten="30,2900,0" yaku="8,1,54,1" doraHai="115" who="0" fromWho="2" sc="250,29,250,0,250,-29,250,0" /><INIT seed="0,1,0,3,1,40" ten="279,250,221,250" oya="0" hai0="52,113,36,105,29,49,94,72,75,33,110,71,58" hai1="44,65,119,23,1,131,83,7,109,3,17,84,81" hai2="127,37,123,48,34,4,60,77,100,38,73,18,97" hai3="93,134,22,46,10,114,111,8,85,121,55,95,5"/><T116/><D113/><U130/><E119/><V101/><F34/><W50/><G114/><T74/><D116/><U25/><E109/><V89/><F4/><W128/><G111/><T118/><D105/><U24/><E65/><V79/><F60/><W21/><G128/><N who="1" m="49194" /><E83/><V53/><F127/><W133/><G10/><T59/><D110/><U88/><E7/><V103/><F123/><W19/><G121/><T32/><D71/><U117/><E117/><V63/><F63/><W14/><G22/><T54/><D36/><U45/><E24/><V120/><F120/><W39/><G39/><T112/><D112/><U35/><E35/><V91/><F73/><W30/><G30/><T122/><D122/><U26/><E26/><V15/><F38/><W102/><G102/><T51/><D118/><U2/><AGARI ba="1,0" hai="1,2,3,17,23,25,44,45,81,84,88" m="49194" machi="2" ten="40,8000,1" yaku="19,1,52,2,54,1" doraHai="40" who="1" fromWho="1" sc="279,-41,250,83,221,-21,250,-21" /><INIT seed="1,0,0,4,2,119" ten="238,333,200,229" oya="1" hai0="76,59,34,116,80,42,8,52,118,61,6,57,15" hai1="44,133,102,87,0,10,9,69,20,23,63,129,112" hai2="25,29,109,122,26,47,28,3,104,83,5,120,68" hai3="55,45,113,73,78,74,94,71,43,40,105,101,132"/><U123/><E112/><V77/><F104/><W2/><G113/><T84/><D34/><U27/><E133/><V100/><F100/><W75/><G71/><T96/><D96/><U53/><E129/><V60/><F109/><W126/><G2/><T46/><REACH who="0" step="1"/><D59/><REACH who="0" ten="228,333,200,229" step="2"/><U54/><E69/><V135/><F135/><W56/><G56/><T99/><D99/><U81/><E44/><V90/><F47/><W49/><G45/><T72/><D72/><U114/><E114/><V16/><F90/><W11/><G75/><T7/><D7/><U64/><E102/><V70/><F60/><W51/><G74/><T95/><D95/><U19/><E63/><V50/><F50/><AGARI ba="0,1" hai="6,8,15,42,46,50,52,57,61,76,80,84,116,118" machi="50" ten="30,8000,1" yaku="1,1,7,1,25,2,54,1,53,0" doraHai="119" doraHaiUra="128" who="0" fromWho="2" sc="228,90,333,0,200,-80,229,0" /><INIT seed="2,0,0,1,1,36" ten="318,333,120,229" oya="2" hai0="114,35,97,98,10,103,93,132,96,129,64,60,58" hai1="89,99,70,92,34,72,71,45,66,50,0,102,82" hai2="135,1,53,94,62,24,100,65,56,40,73,69,31" hai3="26,134,131,37,14,67,76,2,105,30,4,83,8"/><V90/><F73/><W48/><G37/><T81/><D114/><U117/><E0/><V20/><F1/><W127/><G105/><T16/><D35/><U125/><E34/><V41/><F135/><W88/><G134/><T108/><D108/><U12/><E125/><V87/><REACH who="2" step="1"/><F100/><REACH who="2" ten="318,333,110,229" step="2"/><W6/><G2/><T18/><D132/><U116/><E102/><V122/><F122/><W49/><G127/><T47/><D103/><U77/><E116/><V22/><F22/><W55/><G6/><T39/><D10/><U13/><E117/><V28/><F28/><W80/><G30/><T17/><D17/><U27/><E72/><V57/><F57/><W126/><G126/><T42/><D16/><U119/><E119/><V38/><F38/><W111/><G4/><T86/><D18/><U120/><E120/><V113/><F113/><W25/><G8/><T78/><D129/><U85/><E71/><V130/><F130/><W44/><G131/><T54/><D39/><U75/><E75/><V59/><F59/><W19/><G19/><T11/><D11/><U118/><E118/><V115/><F115/><W29/><G29/><T109/><D58/><U5/><E5/><V106/><F106/><W121/><G121/><T21/><D21/><U23/><E23/><V15/><F15/><W51/><G14/><T3/><D3/><U110/><E13/><V128/><F128/><W63/><G26/><T104/><D104/><U124/><E27/><V33/><F33/><W101/><G25/><T68/><D68/><U46/><E12/><V74/><F74/><W123/><G123/><RYUUKYOKU ba="0,1" sc="318,-10,333,-10,110,30,229,-10" hai2="20,24,31,40,41,53,56,62,65,69,87,90,94" /><INIT seed="2,1,1,0,5,19" ten="308,323,140,219" oya="2" hai0="11,116,122,72,85,15,2,131,29,71,18,118,49" hai1="128,34,58,96,28,17,14,76,53,107,101,20,123" hai2="91,111,117,8,60,130,83,108,78,113,134,93,24" hai3="39,109,82,98,86,9,38,48,22,46,33,35,16"/><V43/><F113/><W79/><G109/><N who="2" m="42057" /><F117/><N who="0" m="45162" /><D72/><U6/><E128/><V57/><F43/><W54/><G9/><T52/><D71/><U25/><E123/><V75/><F130/><W32/><REACH who="3" step="1"/><G98/><REACH who="3" ten="308,323,140,209" step="2"/><T119/><D119/><U73/><E6/><V84/><F134/><W7/><G7/><T95/><D131/><U56/><REACH who="1" step="1"/><E53/><REACH who="1" ten="308,313,140,209" step="2"/><N who="2" m="33839" /><F8/><W89/><G89/><T67/><D52/><U55/><E55/><V115/><F115/><W97/><G97/><T110/><D122/><U13/><E13/><AGARI ba="1,3" hai="13,16,22,32,33,35,38,39,46,48,54,79,82,86" machi="13" ten="40,8000,1" yaku="1,1,52,1,54,1,53,1" doraHai="19" doraHaiUra="41" who="3" fromWho="1" sc="308,0,313,-83,140,0,209,113" /><INIT seed="3,0,0,0,3,12" ten="308,230,140,322" oya="3" hai0="42,127,1,119,23,41,92,14,125,108,70,28,10" hai1="43,15,130,73,16,62,54,7,87,39,75,64,0" hai2="133,131,58,135,106,20,129,8,78,85,90,44,102" hai3="26,59,60,97,63,48,18,40,57,96,107,89,98"/><W100/><G107/><T112/><D119/><U88/><E130/><N who="2" m="49675" /><F44/><W27/><G100/><T47/><D70/><U5/><E54/><V79/><F58/><W120/><G120/><T4/><D108/><U74/><E43/><V94/><F8/><W118/><G118/><T21/><D112/><U35/><E35/><V124/><F20/><W80/><G80/><T66/><D66/><U95/><E39/><V9/><F9/><W117/><G89/><T56/><D56/><N who="3" m="21577" /><G117/><T45/><D92/><U24/><E24/><N who="3" m="9258" /><G40/><N who="0" m="15467" /><D28/><U65/><E0/><V81/><F124/><N who="0" m="47690" /><D21/><U105/><E105/><V82/><F106/><W30/><G30/><T99/><D99/><U69/><REACH who="1" step="1"/><E65/><REACH who="1" ten="308,220,140,322" step="2"/><V49/><F49/><W126/><G48/><T86/><D1/><U111/><E111/><V71/><F71/><W76/><G126/><T115/><D115/><U32/><E32/><V128/><F128/><W50/><G50/><T22/><D47/><U116/><E116/><V6/><F6/><W134/><G63/><T29/><D45/><U93/><E93/><V84/><F102/><W104/><G104/><T53/><D53/><U11/><AGARI ba="0,1" hai="5,7,11,15,16,62,64,69,73,74,75,87,88,95" machi="11" ten="30,8000,1" yaku="1,1,0,1,52,1,54,2,53,0" doraHai="12" doraHaiUra="110" who="1" fromWho="1" sc="308,-20,220,90,140,-20,322,-40" /><INIT seed="4,0,0,1,3,40" ten="288,310,120,282" oya="0" hai0="47,78,29,72,14,84,23,87,2,46,109,95,8" hai1="102,60,50,34,113,104,35,99,49,48,81,57,94" hai2="135,17,16,5,76,58,118,1,106,65,10,69,120" hai3="0,79,67,80,86,31,64,70,98,44,59,41,116"/><T132/><D2/><U37/><E113/><V129/><F69/><W124/><G116/><T90/><D72/><U82/><E37/><V122/><F106/><W105/><G0/><T66/><D66/><U71/><E71/><V92/><F135/><W108/><G108/><T131/><D131/><U101/><E101/><V42/><F129/><W127/><G31/><T53/><D53/><U112/><E112/><V61/><F118/><W119/><G59/><T36/><D36/><U111/><E111/><V28/><F28/><W73/><G86/><T125/><D125/><N who="3" m="48201" /><G119/><T51/><D51/><U56/><E104/><V7/><F7/><W55/><G55/><T30/><D132/><U15/><E57/><V24/><F76/><W32/><G32/><T83/><D109/><U75/><E75/><V77/><F77/><W91/><G91/><T110/><D110/><U27/><E34/><V88/><F42/><W117/><G70/><T133/><D133/><U11/><E56/><V85/><REACH who="2" step="1"/><F24/><REACH who="2" ten="288,310,110,282" step="2"/><W6/><G6/><N who="0" m="3351" /><D30/><U114/><E114/><V89/><F89/><W96/><G117/><T126/><D126/><U25/><E35/><V22/><F22/><W19/><G105/><T130/><D130/><U74/><E74/><V20/><F20/><W107/><G107/><T121/><D121/><AGARI ba="0,1" hai="1,5,10,16,17,58,61,65,85,88,92,120,121,122" machi="121" ten="40,5200,0" yaku="1,1,54,2,53,0" doraHai="40" doraHaiUra="68" who="2" fromWho="0" sc="288,-52,310,0,110,62,282,0" /><INIT seed="5,0,0,0,5,38" ten="236,310,172,282" oya="1" hai0="132,86,75,93,55,109,12,30,45,27,112,63,111" hai1="120,16,101,122,85,64,90,25,66,129,123,119,121" hai2="94,135,73,127,83,26,35,96,44,18,130,118,33" hai3="52,22,110,15,65,19,91,50,48,40,31,77,100"/><U108/><E119/><V23/><F118/><W13/><G110/><T134/><D75/><U76/><E108/><V46/><F127/><W84/><G65/><T41/><D12/><U7/><E129/><V4/><F130/><W29/><G100/><T89/><D55/><U14/><E120/><V113/><F135/><W87/><G77/><T79/><D63/><U116/><E116/><V74/><F4/><W51/><G87/><T72/><D79/><U56/><E76/><V17/><F113/><W128/><G15/><T88/><D89/><U53/><E25/><V11/><F83/><W39/><G39/><N who="0" m="21695" /><D72/><U81/><E101/><V103/><F73/><W69/><G69/><T24/><D24/><U68/><E7/><V54/><F74/><W92/><G40/><T21/><D112/><U133/><E68/><V80/><F80/><W115/><G115/><T60/><D60/><U70/><E70/><V124/><F54/><W78/><G78/><T117/><D117/><U42/><E42/><V9/><F26/><W61/><REACH who="3" step="1"/><G128/><REACH who="3" ten="236,310,172,272" step="2"/><T114/><D114/><U98/><E133/><AGARI ba="0,1" hai="21,27,30,86,88,93,109,111,132,133,134" m="21695" machi="133" ten="30,3900,0" yaku="20,1,52,1,54,1" doraHai="38" who="0" fromWho="1" sc="236,49,310,-39,172,0,272,0" /><INIT seed="6,0,0,0,3,61" ten="285,271,172,272" oya="2" hai0="34,36,123,67,70,126,74,88,25,127,32,108,22" hai1="15,4,63,121,95,78,77,102,76,43,75,115,30" hai2="28,99,2,100,110,33,6,26,128,69,106,31,65" hai3="14,104,124,17,122,129,80,134,1,44,66,113,117"/><V5/><F128/><W11/><G104/><T20/><D74/><U120/><E30/><V97/><F110/><W105/><G105/><T7/><D36/><U56/><E43/><V50/><F99/><W53/><G1/><T114/><D108/><U19/><E4/><V45/><F2/><W125/><G122/><N who="1" m="47210" /><E115/><V23/><F23/><N who="0" m="8746" /><D123/><U47/><E47/><V93/><F93/><W9/><G134/><T82/><D7/><U27/><E27/><V59/><F59/><W84/><G117/><T68/><D68/><U87/><E102/><V72/><F72/><W101/><G101/><T39/><D39/><U86/><E95/><V133/><F133/><W130/><G113/><T3/><D3/><U60/><E60/><N who="2" m="40103" /><F31/><W90/><G130/><T111/><D111/><U116/><E75/><V52/><AGARI ba="0,0" hai="5,6,26,28,33,45,50,52,97,100,106" m="40103" machi="52" ten="30,6000,0" yaku="25,1,52,1,54,1" doraHai="61" who="2" fromWho="2" sc="285,-20,271,-20,172,60,272,-20" /><INIT seed="6,1,0,2,0,112" ten="265,251,232,252" oya="2" hai0="80,66,126,76,56,71,123,98,37,88,8,103,25" hai1="19,69,74,135,93,133,41,53,10,107,96,42,2" hai2="11,110,81,128,26,44,64,118,67,121,18,68,127" hai3="1,59,79,45,14,102,30,36,78,38,55,77,100"/><V94/><F121/><W87/><G1/><T134/><D123/><U40/><E74/><V15/><F127/><W54/><G30/><T86/><D37/><U95/><E69/><V101/><F128/><W31/><G31/><T62/><D126/><U27/><E27/><V72/><F110/><W12/><G87/><T3/><D134/><N who="1" m="51211" /><E53/><N who="3" m="19978" /><G45/><T49/><D25/><U84/><E84/><V50/><F26/><W39/><G59/><T113/><D113/><U85/><E85/><V43/><F68/><W65/><G65/><T21/><D21/><U33/><E33/><V35/><F35/><W6/><G6/><T23/><D23/><U89/><E107/><V47/><F47/><W20/><G20/><T122/><D122/><U52/><E2/><V5/><F5/><W16/><G16/><T124/><D124/><U105/><E105/><V131/><F131/><W82/><G82/><T97/><D3/><U0/><E0/><V111/><F111/><W125/><G125/><T28/><D28/><U17/><E52/><V51/><F51/><W119/><G119/><T115/><D49/><U117/><E117/><V22/><F118/><W34/><G34/><T91/><D56/><U83/><E83/><V92/><F22/><W104/><G104/><T116/><D116/><U108/><E108/><V24/><F24/><W13/><AGARI ba="1,0" hai="12,13,14,36,38,39,77,78,79,100,102" m="19978" machi="13" ten="40,8000,1" yaku="29,2,28,2" doraHai="112" who="3" fromWho="3" sc="265,-21,251,-21,232,-41,252,83" /><INIT seed="7,0,0,4,3,120" ten="244,230,191,335" oya="3" hai0="133,118,22,79,25,34,46,12,32,26,113,56,35" hai1="73,0,91,33,24,36,123,87,117,80,115,81,74" hai2="60,110,130,17,114,101,67,11,127,44,39,71,102" hai3="43,107,55,88,84,75,126,47,6,125,104,16,37"/><W97/><G6/><T119/><D79/><U116/><E123/><V86/><F114/><W63/><G75/><T61/><D46/><U128/><E36/><V109/><F127/><N who="3" m="48651" /><G97/><T30/><D56/><U10/><E115/><V98/><F130/><W14/><G55/><T8/><D113/><U48/><E128/><V20/><F86/><W106/><G63/><T135/><D61/><U92/><E48/><V21/><F11/><N who="3" m="6239" /><G107/><T83/><D83/><AGARI ba="0,0" hai="37,43,47,83,84,88,104,106" m="6239,48651" machi="83" ten="30,5800,0" yaku="18,1,54,2" doraHai="120" who="3" fromWho="0" sc="244,-58,230,0,191,0,335,58" owari="186,-31.4,230,3.0,191,-20.9,393,49.3" /></mjloggm>