<mjloggm ver="2.3"><GO type="41" lobby="0"/><UN n0="%74%6F%6D%6F%32%39%36%36" n1="%E2%93%9D%4C%75%63%6B%79%4A" n2="%E3%83%8A%E3%82%AB%E3%83%84%E3%82%AC%E3%83%AF" n3="%E3%81%BE%E3%81%A1%E3%82%8B" dan="14,18,13,14" rate="1915.47,2193.05,1876.48,1868.47" sx="M,M,M,M"/><TAIKYOKU oya="0"/><INIT seed="0,0,0,3,4,77" ten="250,250,250,250" oya="0" hai0="46,35,3,81,67,23,62,110,66,34,103,7,76" hai1="36,22,45,108,49,88,26,72,73,121,39,117,86" hai2="92,114,6,75,25,131,1,112,93,10,119,96,12" hai3="57,85,68,4,58,13,24,100,2,123,11,80,63"/><T126/><D126/><U17/><E121/><V91/><F75/><W15/><G123/><T87/><D110/><U55/><E108/><V31/><F119/><W74/><G74/><T16/><D103/><U52/><E117/><V30/><F131/><W9/><G100/><T29/><D46/><U54/><E73/><V127/><F127/><W51/><G51/><T71/><D67/><U125/><E72/><V42/><F42/><W32/><G2/><T90/><D29/><U59/><E125/><V44/><F44/><W79/><G32/><T69/><D69/><U118/><E118/><V43/><F43/><W133/><G133/><T132/><D132/><U47/><E47/><V134/><F134/><W18/><G24/><T122/><D122/><U48/><REACH who="1" step="1"/><E55/><REACH who="1" ten="250,240,250,250" step="2"/><V53/><F53/><W56/><REACH who="3" step="1"/><G68/><REACH who="3" ten="250,240,250,240" step="2"/><T111/><D111/><U5/><E5/><V106/><F6/><W50/><G50/><T129/><D7/><U94/><AGARI ba="0,2" hai="17,22,26,36,39,45,48,49,52,54,59,86,88,94" machi="94" ten="20,12000,2" yaku="1,1,0,1,7,1,54,2,53,1" doraHai="77" doraHaiUra="19" who="1" fromWho="1" sc="250,-60,240,140,250,-30,240,-30" /><INIT seed="1,0,0,4,4,57" ten="190,380,220,210" oya="1" hai0="131,50,42,67,89,23,40,104,114,124,92,128,18" hai1="4,102,3,123,54,109,110,115,106,28,103,31,120" hai2="91,36,21,93,71,53,30,86,0,44,101,64,132" hai3="52,47,5,49,62,55,51,24,14,84,70,82,29"/><U80/><E106/><V88/><F0/><W43/><G70/><T12/><D114/><U85/><E3/><V105/><F132/><W79/><G51/><T11/><D104/><U56/><E4/><V72/><F72/><W69/><G29/><N who="1" m="11338" /><E85/><V77/><F77/><W78/><G78/><T15/><D124/><U17/><E17/><V116/><F116/><W90/><G90/><T73/><D73/><U63/><E80/><V25/><F105/><W117/><G24/><T122/><D122/><N who="1" m="46635" /><E115/><V8/><F101/><W38/><G38/><T22/><D67/><U2/><E2/><V107/><F107/><W87/><G117/><T9/><D23/><U58/><E58/><V108/><F108/><AGARI ba="0,0" hai="54,56,63,102,103,108,109,110" m="46635,11338" machi="108" ten="30,5800,0" yaku="14,1,10,1,52,1" doraHai="57" who="1" fromWho="2" sc="190,0,380,58,220,-58,210,0" /><INIT seed="1,1,0,4,3,33" ten="190,438,162,210" oya="1" hai0="119,31,40,61,74,69,92,98,89,42,9,91,73" hai1="126,80,81,115,97,90,101,49,120,4,131,108,102" hai2="86,43,5,109,3,129,51,60,54,2,117,44,58" hai3="19,133,106,15,37,72,48,77,41,36,47,6,62"/><U93/><E120/><V135/><F117/><W56/><G106/><T107/><D119/><U17/><E115/><V64/><F135/><W26/><G133/><T96/><D31/><U38/><E38/><V103/><F129/><W8/><G77/><T79/><D79/><U65/><E65/><V24/><F5/><W66/><G72/><T121/><D121/><U32/><E32/><V28/><F109/><W29/><REACH who="3" step="1"/><G19/><REACH who="3" ten="190,438,162,200" step="2"/><T104/><D73/><U130/><E17/><V10/><F103/><W50/><G50/><T95/><D74/><U12/><E49/><V110/><F110/><W127/><G127/><T85/><D107/><U55/><E126/><V105/><F105/><W82/><G82/><T20/><D104/><U124/><E81/><V67/><F10/><W114/><G114/><T57/><D85/><U7/><E80/><V68/><F86/><W46/><G46/><T83/><D83/><U0/><E124/><V23/><REACH who="2" step="1"/><F64/><REACH who="2" ten="190,438,152,200" step="2"/><W123/><G123/><T1/><D9/><N who="1" m="2279" /><E108/><V118/><F118/><W25/><G25/><T35/><D98/><U14/><E97/><V116/><F116/><W59/><G59/><T78/><D96/><U132/><E132/><V30/><F30/><W87/><G87/><T113/><D57/><U21/><E131/><V94/><F94/><W122/><G122/><T71/><D95/><U11/><E93/><V16/><F16/><W84/><G84/><T39/><D92/><U125/><E125/><V111/><F111/><W112/><G112/><T53/><D113/><U18/><E18/><V52/><F52/><W45/><G45/><RYUUKYOKU ba="1,2" sc="190,-15,438,-15,152,15,200,15" hai2="2,3,23,24,28,43,44,51,54,58,60,67,68" hai3="6,8,15,26,29,36,37,41,47,48,56,62,66" /><INIT seed="2,2,2,4,5,56" ten="175,423,167,215" oya="2" hai0="73,12,11,67,30,16,21,132,87,135,131,126,63" hai1="114,0,129,86,134,119,113,14,98,22,25,133,117" hai2="31,32,65,52,109,90,105,70,61,69,20,103,18" hai3="48,88,47,10,89,13,64,72,123,33,5,54,106"/><V93/><F109/><W110/><G110/><T15/><D73/><U1/><E98/><N who="2" m="61687" /><F18/><W45/><G123/><T23/><D126/><U108/><E86/><N who="2" m="52439" /><F20/><W95/><G72/><T99/><D131/><U116/><E14/><V118/><F118/><W76/><G76/><T85/><D99/><U124/><E124/><V26/><F70/><W17/><G106/><T35/><D35/><U104/><E104/><V28/><F28/><W75/><G75/><T68/><D30/><N who="1" m="17719" /><E129/><V50/><F50/><W38/><G33/><T2/><D2/><N who="1" m="1131" /><E108/><V40/><F40/><W79/><G79/><T46/><D46/><U82/><E82/><V62/><F62/><W112/><G64/><T57/><D68/><U49/><E49/><V111/><F111/><W34/><G34/><T39/><D39/><U8/><E8/><V43/><F43/><W4/><G38/><T77/><D23/><U6/><E6/><V53/><AGARI ba="2,2" hai="26,31,32,52,53,61,65,69" m="52439,61687" machi="53" ten="30,6000,0" yaku="25,1,52,1,54,1" doraHai="56" who="2" fromWho="2" sc="175,-22,423,-22,167,86,215,-22" /><INIT seed="2,3,0,1,0,43" ten="153,401,253,193" oya="2" hai0="74,50,2,55,71,105,109,92,0,66,59,101,45" hai1="113,118,51,84,21,64,10,52,73,44,134,129,88" hai2="96,85,32,70,46,36,30,39,26,123,41,19,20" hai3="128,15,77,130,62,115,68,61,90,116,5,63,87"/><V8/><F123/><W98/><G116/><T133/><D109/><U4/><E118/><V135/><F135/><W76/><G68/><T38/><D133/><U104/><E134/><V58/><F70/><W83/><G115/><T69/><D74/><U57/><E73/><V95/><F85/><W53/><G98/><T103/><D105/><U119/><E104/><V7/><F58/><W94/><G94/><T29/><D29/><U14/><E129/><N who="3" m="49770" /><G53/><T48/><D38/><U60/><E119/><V72/><F72/><W125/><G125/><T54/><D103/><U23/><REACH who="1" step="1"/><E113/><REACH who="1" ten="153,391,253,193" step="2"/><V9/><F39/><W13/><G5/><T11/><D71/><U27/><E27/><V18/><F7/><W42/><G76/><T34/><D69/><U35/><E35/><V131/><F131/><W102/><G77/><T33/><D33/><U56/><E56/><V99/><F32/><W117/><G117/><T6/><D34/><U37/><E37/><V40/><F36/><W111/><G111/><T17/><D59/><U91/><E91/><V49/><F26/><W124/><G124/><T47/><D6/><U16/><E16/><V120/><F18/><W107/><G107/><T127/><D17/><U22/><E22/><V25/><F19/><W82/><G102/><T12/><D127/><U112/><E112/><V97/><F120/><W108/><G108/><T3/><D101/><U93/><AGARI ba="3,1" hai="4,10,14,21,23,44,51,52,57,60,64,84,88,93" machi="93" ten="20,16000,3" yaku="1,1,0,1,7,1,8,1,52,1,54,2,53,1" doraHai="43" doraHaiUra="89" who="1" fromWho="1" sc="153,-43,391,179,253,-83,193,-43" /><INIT seed="3,0,0,4,4,62" ten="110,570,170,150" oya="3" hai0="64,1,103,99,118,115,42,135,109,124,19,9,59" hai1="87,67,132,121,38,40,56,125,26,57,98,120,30" hai2="16,17,7,18,10,131,134,71,65,0,22,83,27" hai3="14,128,79,122,36,112,116,119,13,108,114,15,68"/><W81/><G68/><T12/><D118/><N who="3" m="45097" /><G36/><T52/><D135/><U50/><E87/><V39/><F39/><W93/><G93/><T44/><D124/><U106/><E125/><V75/><F134/><W76/><G81/><T111/><D1/><U35/><E132/><V102/><F131/><W11/><G128/><T126/><D126/><U47/><E57/><V6/><F102/><W97/><G97/><T73/><D73/><U95/><E106/><V21/><F75/><W3/><G79/><T85/><D115/><N who="3" m="44073" /><G76/><T86/><D86/><U113/><E113/><V60/><F83/><W37/><G37/><T70/><D85/><U69/><E69/><V29/><REACH who="2" step="1"/><F6/><REACH who="2" ten="110,570,160,150" step="2"/><N who="3" m="1503" /><G122/><T88/><D103/><U34/><E121/><V101/><F101/><W51/><G51/><T25/><D111/><AGARI ba="0,1" hai="13,14,15,108,111" m="1503,44073,45097" machi="111" ten="40,3900,0" yaku="34,2" doraHai="62" who="3" fromWho="0" sc="110,-39,570,0,160,0,150,49" /><INIT seed="3,1,0,4,5,73" ten="71,570,160,199" oya="3" hai0="100,110,3,7,101,37,62,40,102,134,99,74,117" hai1="92,31,75,53,135,47,125,0,12,87,66,121,129" hai2="60,82,65,88,98,24,27,63,90,83,52,17,16" hai3="50,131,81,55,85,77,36,127,23,35,70,20,11"/><W97/><G35/><T51/><D117/><U18/><E75/><V72/><F72/><W4/><G70/><T1/><D110/><U30/><E121/><V84/><F98/><W122/><G131/><T114/><D134/><U42/><E0/><V22/><F65/><W118/><G36/><T43/><D114/><U95/><E66/><V58/><F60/><W38/><G38/><T45/><D40/><U49/><E125/><V13/><F24/><W46/><G127/><T15/><D74/><U124/><E129/><V29/><F29/><N who="1" m="10761" /><E135/><V133/><F133/><W64/><G64/><T113/><D113/><U14/><E14/><V78/><REACH who="2" step="1"/><F82/><REACH who="2" ten="71,570,150,199" step="2"/><W80/><G80/><T9/><D62/><U33/><E124/><V130/><F130/><W68/><G68/><T111/><D99/><U116/><E87/><V69/><F69/><W86/><G97/><T48/><REACH who="0" step="1"/><D111/><REACH who="0" ten="61,570,150,199" step="2"/><U44/><E116/><V96/><F96/><W28/><G118/><T76/><D76/><U61/><E61/><V104/><F104/><W126/><G126/><T41/><D41/><U109/><E42/><V2/><F2/><AGARI ba="1,2" hai="1,2,3,7,9,15,37,43,45,48,51,100,101,102" machi="2" ten="40,1300,0" yaku="1,1,53,0" doraHai="73" doraHaiUra="115" who="0" fromWho="2" sc="61,36,570,0,150,-16,199,0" /><INIT seed="4,0,0,4,4,105" ten="97,570,134,199" oya="0" hai0="86,67,10,100,27,38,96,79,53,5,71,113,31" hai1="92,103,12,94,14,84,78,115,129,95,56,37,49" hai2="69,44,26,8,15,41,61,97,7,81,55,20,91" hai3="131,34,63,119,109,25,128,72,3,43,45,87,48"/><T116/><D116/><U47/><E37/><V83/><F69/><W68/><G3/><T99/><D113/><U132/><E132/><V123/><F123/><W77/><G87/><T80/><D38/><U89/><E129/><V1/><F1/><W88/><G119/><T98/><D53/><U32/><E32/><V90/><F55/><W134/><G109/><T122/><D122/><U133/><E78/><V114/><F114/><W117/><G117/><T85/><D85/><U35/><E35/><V111/><F111/><W118/><G118/><T57/><D71/><U125/><E125/><V74/><F74/><W23/><G34/><T40/><D40/><U124/><E133/><V50/><F61/><W120/><G134/><T52/><D67/><U17/><E124/><V135/><F135/><W29/><G120/><T22/><D100/><U6/><E103/><V66/><F66/><W54/><G68/><T58/><REACH who="0" step="1"/><D52/><REACH who="0" ten="87,570,134,199" step="2"/><U42/><E115/><V73/><F97/><W126/><G126/><T107/><D107/><U76/><E42/><V13/><F41/><W16/><G43/><T104/><D104/><U101/><E101/><V93/><F50/><W51/><G51/><T11/><D11/><N who="1" m="4471" /><E49/><V9/><F8/><W33/><G48/><T30/><D30/><U121/><E121/><V108/><F9/><W70/><G70/><T36/><D36/><U59/><E47/><V39/><F44/><W82/><G45/><T106/><D106/><U130/><E84/><V4/><F39/><W28/><G28/><T112/><D112/><U75/><E59/><V2/><F108/><RYUUKYOKU ba="0,1" sc="87,30,570,-10,134,-10,199,-10" hai0="5,10,22,27,31,57,58,79,80,86,96,98,99" /><INIT seed="4,1,1,4,4,103" ten="117,560,124,189" oya="0" hai0="111,93,102,134,45,13,49,84,90,133,24,100,42" hai1="104,78,22,130,21,62,0,70,81,125,50,74,57" hai2="85,16,129,113,55,92,56,76,91,131,39,17,35" hai3="106,110,11,1,40,29,73,9,46,8,121,37,107"/><T47/><D111/><U112/><E0/><V64/><F64/><W6/><G110/><T132/><D24/><U26/><E130/><N who="2" m="49675" /><F39/><W12/><G121/><T101/><D45/><U58/><E125/><V10/><F35/><W135/><G29/><T27/><D27/><U105/><E112/><V79/><F113/><W67/><G135/><T114/><D114/><U7/><E7/><V33/><F33/><W72/><G67/><T59/><D59/><U65/><E22/><V71/><F71/><W32/><G32/><T31/><D31/><U69/><E70/><V123/><F123/><W20/><G20/><T122/><D122/><U41/><E58/><V18/><F10/><W98/><G9/><T44/><D44/><U19/><REACH who="1" step="1"/><E57/><REACH who="1" ten="117,550,124,189" step="2"/><V87/><F85/><W60/><G60/><AGARI ba="1,2" hai="16,17,18,55,56,60,76,79,87,91,92" m="49675" machi="60" ten="30,2000,0" yaku="19,1,54,1" doraHai="103" who="2" fromWho="3" sc="117,0,550,0,124,43,189,-23" /><INIT seed="5,0,0,4,2,85" ten="117,550,167,166" oya="1" hai0="118,25,87,93,8,37,51,49,129,64,28,105,29" hai1="124,67,60,75,120,126,99,43,101,98,76,121,42" hai2="3,130,33,114,123,117,111,119,32,122,21,82,79" hai3="50,72,16,27,106,65,57,23,12,71,73,18,58"/><U70/><E99/><V97/><F97/><W61/><G106/><T20/><D118/><N who="2" m="45066" /><F3/><W91/><G73/><T116/><D116/><U34/><E34/><N who="2" m="13419" /><F82/><W19/><G72/><T55/><D105/><N who="1" m="63671" /><E43/><V90/><F90/><W133/><G133/><T86/><D37/><U5/><E42/><V100/><F100/><W108/><G108/><T62/><D129/><U35/><E5/><V109/><F79/><W31/><G71/><T4/><D29/><U83/><E35/><V26/><F21/><W53/><REACH who="3" step="1"/><G91/><REACH who="3" ten="117,550,167,156" step="2"/><T10/><D93/><U48/><E48/><V112/><F130/><W52/><G52/><T77/><D49/><U0/><E0/><V88/><F88/><W69/><G69/><T44/><D77/><U81/><E83/><V131/><F131/><W104/><G104/><T39/><D39/><U54/><E54/><V15/><F15/><AGARI ba="0,1" hai="12,15,16,18,19,23,27,31,50,53,57,58,61,65" machi="15" ten="40,8000,1" yaku="1,1,8,1,54,1,53,1" doraHai="85" doraHaiUra="22" who="3" fromWho="2" sc="117,0,550,0,167,-80,156,90" /><INIT seed="6,0,0,3,0,42" ten="117,550,87,246" oya="2" hai0="83,92,75,69,62,12,115,63,54,126,110,86,73" hai1="129,94,14,95,132,37,43,103,109,119,130,46,45" hai2="78,36,135,4,112,29,134,79,123,80,105,58,82" hai3="74,81,25,72,11,102,26,77,52,56,49,20,100"/><V38/><F58/><W51/><G26/><T70/><D110/><U55/><E119/><V60/><F29/><W64/><G11/><T0/><D0/><U87/><E132/><V18/><F123/><W27/><G72/><T89/><D115/><U66/><E66/><V114/><F60/><W9/><G27/><T35/><D126/><U40/><E109/><V5/><REACH who="2" step="1"/><F18/><REACH who="2" ten="117,550,77,246" step="2"/><W88/><G64/><T17/><D62/><U31/><E31/><V84/><F84/><W101/><G74/><T76/><D73/><U22/><E87/><V118/><F118/><W10/><G49/><T19/><D19/><U125/><E125/><V117/><F117/><W21/><G77/><T59/><REACH who="0" step="1"/><D35/><REACH who="0" ten="107,550,77,246" step="2"/><U50/><E130/><V33/><F33/><W91/><G91/><T107/><D107/><AGARI ba="0,2" hai="4,5,36,38,78,79,80,82,105,107,112,114,134,135" machi="107" ten="25,4800,0" yaku="1,1,22,2,53,0" doraHai="42" doraHaiUra="16" who="2" fromWho="0" sc="107,-48,550,0,77,68,246,0" /><INIT seed="6,1,0,1,4,52" ten="59,550,145,246" oya="2" hai0="79,126,30,119,112,85,106,127,91,28,38,105,130" hai1="22,92,11,63,31,46,4,71,121,75,73,81,3" hai2="118,131,100,133,32,49,107,62,114,68,39,135,109" hai3="116,103,0,61,25,89,51,47,108,20,18,35,33"/><V65/><RYUUKYOKU type="yao9" ba="1,0" sc="59,0,550,0,145,0,246,0" hai2="32,39,49,62,65,68,100,107,109,114,118,131,133,135" /><INIT seed="6,2,0,2,5,93" ten="59,550,145,246" oya="2" hai0="52,39,62,23,0,42,99,65,45,66,81,37,82" hai1="6,20,13,100,117,126,112,111,27,34,106,10,69" hai2="28,57,88,129,86,134,2,119,60,29,44,83,105" hai3="95,73,76,41,80,78,22,89,15,26,46,116,122"/><V9/><F119/><W49/><G122/><T33/><D33/><U24/><E69/><V125/><F105/><W103/><G78/><T55/><D0/><U84/><E117/><V30/><F125/><W16/><G116/><T102/><D37/><U53/><E53/><V17/><F134/><W48/><G103/><T47/><D66/><U108/><E84/><V35/><F35/><W11/><G41/><T25/><D47/><U107/><E107/><V79/><F129/><W43/><G43/><T118/><D81/><U130/><E100/><V91/><F44/><W101/><G101/><T109/><D82/><U123/><E112/><V113/><F113/><W85/><G46/><T32/><D32/><U51/><E51/><V135/><F135/><W132/><G132/><T54/><D109/><U18/><E106/><V7/><REACH who="2" step="1"/><F17/><AGARI ba="2,0" hai="11,15,16,17,22,26,48,49,73,76,80,85,89,95" machi="17" ten="30,2000,0" yaku="7,1,54,1" doraHai="93" who="3" fromWho="2" sc="59,0,550,0,145,-26,246,26" /><INIT seed="7,0,0,4,0,53" ten="59,550,119,272" oya="3" hai0="99,10,87,38,71,7,21,91,124,0,16,73,63" hai1="79,39,97,46,61,12,105,27,37,110,107,84,94" hai2="60,64,42,3,48,65,104,49,82,15,115,54,78" hai3="92,18,88,121,132,32,30,119,85,68,40,90,128"/><W14/><G119/><T102/><D124/><U77/><E27/><V5/><F104/><N who="1" m="40009" /><E61/><V44/><F3/><W29/><G128/><T6/><D73/><U111/><E46/><V33/><F33/><W56/><G132/><T41/><D6/><U66/><E12/><V23/><F115/><W22/><G121/><T20/><D38/><N who="1" m="14347" /><E84/><V125/><F125/><W101/><G68/><T114/><D114/><U76/><E94/><V67/><F23/><W86/><G32/><T34/><D34/><U8/><E97/><V11/><F60/><W4/><G101/><T112/><D112/><U103/><E66/><V50/><REACH who="2" step="1"/><F54/><REACH who="2" ten="59,550,109,272" step="2"/><W109/><G109/><N who="1" m="41482" /><E103/><V100/><F100/><W24/><G40/><T36/><D21/><U134/><E134/><V123/><F123/><W13/><G30/><T135/><D135/><U83/><E83/><V113/><F113/><W59/><G29/><T133/><D133/><U98/><E98/><V35/><F35/><W52/><G52/><T126/><D126/><U28/><E28/><V81/><F81/><N who="3" m="49455" /><G24/><T127/><D127/><U43/><E43/><V26/><F26/><W19/><G4/><T57/><D41/><U117/><E117/><V2/><F2/><W74/><G74/><AGARI ba="0,1" hai="5,11,15,42,44,48,49,50,64,65,67,74,78,82" machi="74" ten="40,1300,0" yaku="1,1,53,0" doraHai="53" doraHaiUra="55" who="2" fromWho="3" sc="59,0,550,0,109,23,272,-13" owari="59,-44.1,550,65.0,132,-26.8,259,5.9" /></mjloggm>