<mjloggm ver="2.3"><GO type="41" lobby="0"/><UN n0="%60%60%60%60%60%60%60" n1="%E2%93%9D%4C%75%63%6B%79%4A" n2="%E8%87%AA%E5%88%86%E3%81%AE%E6%99%82%E9%96%93%E5%B8%AF%E3%81%B8" n3="%E7%81%AB%E5%8F%A3%E4%BB%98%E8%BF%91" dan="13,16,15,14" rate="1865.84,2153.92,2000.86,1913.25" sx="M,M,M,M"/><TAIKYOKU oya="0"/><INIT seed="0,0,0,2,0,111" ten="250,250,250,250" oya="0" hai0="55,118,56,121,36,21,87,129,92,76,84,66,104" hai1="101,79,31,65,40,8,54,16,125,60,12,61,94" hai2="134,82,114,77,10,117,131,100,5,6,18,24,39" hai3="130,13,43,19,28,14,88,3,103,47,9,89,86"/><T110/><D110/><U59/><E125/><V63/><F39/><W97/><G130/><T11/><D129/><U72/><E31/><V99/><F131/><W95/><G3/><T52/><D36/><U33/><E33/><V22/><F134/><W57/><G28/><T98/><D104/><U75/><E40/><V74/><F117/><W80/><G57/><T17/><D121/><U69/><REACH who="1" step="1"/><E79/><REACH who="1" ten="250,240,250,250" step="2"/><V64/><F114/><W50/><REACH who="3" step="1"/><G14/><REACH who="3" ten="250,240,250,240" step="2"/><T58/><D118/><U126/><E126/><V70/><REACH who="2" step="1"/><F10/><REACH who="2" ten="250,240,240,240" step="2"/><W35/><G35/><T102/><D11/><U123/><E123/><V119/><F119/><W1/><G1/><T15/><D76/><AGARI ba="0,3" hai="9,13,19,43,47,50,76,80,86,88,89,95,97,103" machi="76" ten="30,8000,1" yaku="1,1,7,1,8,1,54,1,53,1" doraHai="111" doraHaiUra="73" who="3" fromWho="0" sc="250,-80,240,0,240,0,240,110" /><INIT seed="1,0,0,0,3,62" ten="170,240,240,350" oya="1" hai0="27,2,9,60,28,18,53,45,109,5,90,63,129" hai1="46,66,41,39,15,64,32,125,116,134,96,16,48" hai2="117,108,38,40,122,93,33,61,71,115,112,78,42" hai3="133,4,35,75,76,130,121,82,72,105,69,21,34"/><U3/><E116/><V106/><F106/><W84/><G121/><T124/><D129/><U77/><E3/><V110/><F33/><W10/><G105/><T56/><D124/><U73/><E32/><V26/><F26/><W19/><G69/><T49/><D109/><N who="2" m="42090" /><F78/><W97/><G35/><T50/><D63/><U92/><E39/><V87/><F87/><W22/><G34/><T132/><D132/><U8/><E125/><V118/><F93/><W83/><G133/><T20/><D45/><U25/><E134/><V54/><F122/><W100/><G130/><T135/><D135/><U31/><E73/><V114/><F38/><W57/><G57/><T107/><D107/><U7/><E77/><V11/><F11/><W128/><G128/><T1/><D1/><U14/><E25/><V6/><F6/><W65/><G65/><T29/><D29/><U17/><E31/><V89/><F89/><W127/><G127/><T43/><D43/><N who="2" m="16426" /><F71/><W36/><G36/><T102/><D102/><N who="1" m="60679" /><E17/><V95/><F95/><W24/><G22/><AGARI ba="0,0" hai="7,8,14,15,16,22,41,46,48,64,66" m="60679" machi="22" ten="30,11600,0" yaku="8,1,52,2,54,1" doraHai="62" who="1" fromWho="3" sc="170,0,240,116,240,0,350,-116" /><INIT seed="1,1,0,3,1,115" ten="170,356,240,234" oya="1" hai0="56,4,35,18,15,30,116,32,97,130,114,26,77" hai1="31,135,131,19,111,66,98,27,117,45,60,40,6" hai2="125,36,33,58,59,0,87,61,112,11,110,95,8" hai3="47,22,76,55,126,124,3,86,48,109,103,79,93"/><U92/><E135/><V42/><F112/><W74/><G74/><T72/><D114/><U65/><E131/><V1/><F33/><W63/><G3/><T120/><D130/><U44/><E6/><V105/><F105/><W24/><G109/><T57/><D120/><U90/><E111/><V51/><F36/><W41/><G103/><T2/><D35/><U46/><E19/><V102/><F125/><W5/><G5/><T123/><D123/><U89/><E117/><V94/><F110/><W132/><G132/><T75/><D97/><U100/><E40/><V43/><F51/><W17/><G93/><T68/><D68/><U16/><E66/><V83/><F87/><W113/><G113/><T108/><D108/><U38/><E38/><V80/><REACH who="2" step="1"/><F102/><REACH who="2" ten="170,356,230,234" step="2"/><W73/><G73/><T85/><D85/><U53/><E53/><V37/><F37/><W12/><G126/><T14/><D75/><U81/><E81/><V82/><F82/><W9/><G124/><T129/><D129/><U133/><E133/><V50/><F50/><W25/><G86/><T104/><D104/><U78/><E78/><V20/><F20/><W99/><G79/><T106/><D106/><U34/><E90/><V101/><F101/><W62/><G76/><T70/><D77/><U64/><E100/><V128/><F128/><W84/><G84/><T7/><D72/><U13/><REACH who="1" step="1"/><E60/><AGARI ba="1,1" hai="0,1,8,11,42,43,58,59,60,61,80,83,94,95" machi="60" ten="25,3200,0" yaku="1,1,22,2,53,0" doraHai="115" doraHaiUra="69" who="2" fromWho="1" sc="170,0,356,-35,230,45,234,0" /><INIT seed="2,0,0,1,5,9" ten="170,321,275,234" oya="2" hai0="105,33,100,68,49,61,1,109,102,127,19,72,54" hai1="85,32,62,44,10,58,23,129,89,118,98,15,84" hai2="3,71,134,83,112,106,21,56,67,126,77,41,30" hai3="26,7,79,95,130,55,28,60,110,81,122,80,93"/><V92/><F112/><W53/><G130/><T125/><D72/><U87/><E32/><V63/><F106/><W66/><G122/><T117/><D109/><U37/><E118/><V50/><F126/><N who="0" m="48138" /><D1/><U91/><E129/><V124/><F124/><W96/><G110/><T75/><D75/><U17/><E37/><V78/><F3/><W97/><G7/><T11/><D33/><U27/><E44/><N who="2" m="25871" /><F71/><W94/><G53/><T8/><D117/><U101/><E101/><N who="0" m="39017" /><D19/><U120/><E98/><V119/><F134/><W90/><G55/><T51/><D51/><U40/><E40/><V2/><F2/><W39/><G39/><T108/><D105/><U29/><REACH who="1" step="1"/><E120/><REACH who="1" ten="170,311,275,234" step="2"/><V35/><F35/><W46/><G96/><T104/><D108/><U116/><E116/><V42/><F119/><W59/><G97/><T36/><D36/><U48/><E48/><V14/><F42/><W107/><G46/><N who="0" m="27959" /><D104/><U25/><E25/><V6/><F63/><W12/><G107/><T64/><AGARI ba="0,1" hai="8,11,61,64,68" m="27959,39017,48138" machi="64" ten="30,1100,0" yaku="18,1" doraHai="9" who="0" fromWho="0" sc="170,21,311,-3,275,-5,234,-3" /><INIT seed="3,0,0,3,5,59" ten="191,308,270,231" oya="3" hai0="65,60,52,51,108,89,58,30,78,103,64,16,61" hai1="7,36,129,69,134,23,101,40,55,84,12,91,104" hai2="31,98,117,79,13,116,135,94,93,14,106,4,1" hai3="76,20,28,50,18,75,123,19,5,42,102,2,107"/><W80/><G123/><T9/><D108/><U0/><E69/><V10/><F135/><W125/><G125/><T49/><D78/><U92/><E0/><V118/><F31/><W71/><G71/><T17/><D30/><U86/><E36/><V24/><F24/><W15/><G28/><T110/><D110/><U119/><E40/><V115/><F115/><W111/><G111/><T121/><D103/><U81/><E129/><V45/><F106/><W120/><G120/><T33/><D121/><U87/><E7/><V105/><F105/><W38/><G50/><T83/><D49/><U32/><E32/><V74/><F94/><W114/><G114/><T97/><D33/><U34/><E119/><V25/><F25/><W11/><G19/><N who="0" m="7243" /><D9/><U95/><E104/><V39/><F39/><W68/><G107/><T35/><D35/><U47/><E34/><V122/><F45/><N who="3" m="23767" /><G68/><T96/><D83/><U100/><E81/><V6/><F122/><W82/><G82/><T109/><D109/><U57/><E47/><V27/><F27/><W67/><G67/><N who="0" m="25675" /><D89/><U3/><E91/><V8/><F1/><W48/><G48/><T44/><D44/><U130/><E101/><AGARI ba="0,0" hai="2,5,11,15,18,20,75,76,80,101,102" m="23767" machi="101" ten="30,1500,0" yaku="25,1" doraHai="59" who="3" fromWho="1" sc="191,0,308,-15,270,0,231,15" /><INIT seed="3,1,0,0,5,39" ten="191,293,270,246" oya="3" hai0="69,131,65,58,78,21,43,64,114,45,57,61,49" hai1="54,85,7,132,101,73,8,63,124,17,81,66,129" hai2="60,35,70,51,108,96,86,10,37,3,88,111,24" hai3="82,14,126,91,98,93,116,97,133,105,95,122,19"/><W62/><G122/><T117/><D78/><U26/><E129/><V48/><F37/><W4/><G133/><T128/><D21/><U106/><E73/><V2/><F96/><W67/><G126/><T31/><D31/><U113/><E113/><V27/><F70/><W18/><G116/><T80/><D80/><U16/><E54/><V112/><F60/><W120/><G120/><T23/><D23/><U5/><E132/><V76/><F76/><W110/><G110/><N who="2" m="42025" /><F112/><W44/><G105/><T135/><D135/><U25/><E101/><V41/><F10/><W119/><G119/><T75/><D75/><U28/><E106/><V123/><F123/><W103/><G44/><N who="0" m="25759" /><D114/><U33/><E26/><N who="2" m="9771" /><F35/><W83/><G4/><T29/><D29/><U47/><E7/><V6/><F6/><W11/><G19/><T127/><D117/><U71/><E124/><V22/><F22/><W92/><REACH who="3" step="1"/><G93/><REACH who="3" ten="191,293,270,236" step="2"/><T125/><D125/><U32/><E33/><V38/><F3/><W121/><G121/><T72/><D127/><U107/><E107/><V30/><F2/><W109/><G109/><T0/><D0/><U15/><REACH who="1" step="1"/><E47/><REACH who="1" ten="191,283,270,236" step="2"/><N who="2" m="23991" /><F30/><W74/><G74/><T53/><D72/><U89/><AGARI ba="1,2" hai="5,8,15,16,17,25,28,32,63,66,71,81,85,89" machi="89" ten="20,5200,0" yaku="1,1,0,1,7,1,54,1,53,0" doraHai="39" doraHaiUra="40" who="1" fromWho="1" sc="191,-14,283,75,270,-14,236,-27" /><INIT seed="4,0,0,5,2,89" ten="177,358,256,209" oya="0" hai0="92,94,60,133,15,134,87,24,32,84,61,100,29" hai1="7,91,93,44,26,33,23,103,52,3,28,78,12" hai2="17,16,47,6,80,37,51,107,115,55,125,95,127" hai3="56,99,62,76,25,21,40,54,35,14,83,58,123"/><T48/><D100/><U111/><E111/><V42/><F107/><W97/><G123/><T65/><D87/><U131/><E131/><V57/><F115/><W129/><G129/><T110/><D110/><U18/><E78/><V46/><F6/><W113/><G113/><T72/><D72/><U106/><E106/><V5/><F5/><W22/><G35/><T71/><D60/><U66/><E66/><V34/><F34/><W96/><G40/><T105/><D105/><U8/><E103/><V70/><F70/><W30/><G14/><T119/><D119/><U85/><E44/><V88/><F80/><W104/><G22/><T68/><D68/><U130/><E130/><V13/><F47/><W36/><G36/><T121/><D121/><U114/><E114/><V86/><REACH who="2" step="1"/><F17/><REACH who="2" ten="177,358,246,209" step="2"/><W109/><G104/><T27/><D27/><U38/><E38/><V20/><AGARI ba="0,1" hai="13,16,20,37,42,46,51,55,57,86,88,95,125,127" machi="20" ten="30,16000,3" yaku="1,1,2,1,0,1,25,2,52,1,54,2,53,2" doraHai="89" doraHaiUra="135" who="2" fromWho="2" sc="177,-80,358,-40,246,170,209,-40" /><INIT seed="5,0,0,5,3,54" ten="97,318,416,169" oya="1" hai0="102,88,133,23,117,12,71,39,10,114,99,32,104" hai1="118,125,64,52,17,76,105,47,70,111,36,16,92" hai2="46,103,42,97,107,109,8,0,37,2,93,48,61" hai3="34,60,40,80,13,77,90,116,29,68,33,94,78"/><U130/><E105/><V7/><F109/><W49/><G116/><T127/><D117/><U20/><E118/><V113/><F113/><W115/><G115/><T38/><D114/><U62/><E111/><V121/><F121/><W27/><G33/><T21/><D32/><U45/><E76/><V95/><F0/><W55/><G40/><T41/><D71/><U83/><E83/><V110/><F110/><W72/><G78/><T67/><D67/><U35/><E35/><V53/><REACH who="2" step="1"/><F61/><REACH who="2" ten="97,318,406,169" step="2"/><W129/><G60/><T89/><D133/><U18/><E125/><V86/><F86/><W96/><G129/><T59/><D127/><U101/><E130/><V63/><F63/><W58/><G68/><T9/><D99/><N who="1" m="59623" /><E70/><V44/><AGARI ba="0,1" hai="2,7,8,37,42,44,46,48,53,93,95,97,103,107" machi="44" ten="20,2700,0" yaku="1,1,0,1,7,1,53,0" doraHai="54" doraHaiUra="85" who="2" fromWho="2" sc="97,-7,318,-13,406,37,169,-7" /><INIT seed="6,0,0,5,1,94" ten="90,305,443,162" oya="2" hai0="92,98,39,112,33,30,63,45,71,78,88,70,103" hai1="15,12,25,66,126,23,97,7,100,72,2,56,17" hai2="135,34,123,55,41,116,52,51,24,20,44,54,32" hai3="80,95,74,16,85,124,125,26,27,59,118,64,48"/><V105/><F116/><W91/><G118/><T130/><D112/><U104/><E72/><V75/><F123/><W49/><G64/><T93/><D130/><U6/><E126/><N who="3" m="48746" /><G59/><T38/><D78/><U47/><E2/><V31/><F135/><W127/><N who="3" m="48754" /><W3/><DORA hai="22" /><G3/><T8/><D45/><U117/><E117/><V28/><F105/><W1/><G1/><T115/><D115/><U109/><E109/><V84/><F75/><W79/><G27/><T60/><D33/><U96/><E97/><V37/><F31/><W68/><G68/><T107/><D30/><U61/><REACH who="1" step="1"/><E47/><REACH who="1" ten="90,295,443,162" step="2"/><V89/><REACH who="2" step="1"/><F37/><REACH who="2" ten="90,295,433,162" step="2"/><W4/><G74/><T106/><D38/><U120/><E120/><V11/><F11/><W87/><G4/><AGARI ba="0,2" hai="4,6,7,12,15,17,23,25,56,61,66,96,100,104" machi="4" ten="40,5200,0" yaku="1,1,52,2,53,0" doraHai="94,22" doraHaiUra="134,77" who="1" fromWho="3" sc="90,0,295,72,433,0,162,-52" /><INIT seed="7,0,0,5,5,48" ten="90,367,433,110" oya="3" hai0="97,0,125,43,40,109,34,30,57,127,124,106,56" hai1="133,35,26,4,58,83,95,14,53,104,73,22,29" hai2="79,52,32,36,39,108,101,93,6,7,102,122,68" hai3="62,24,41,119,131,63,90,5,88,98,3,64,134"/><W126/><G126/><T86/><D109/><U11/><E104/><V65/><F108/><W89/><G119/><T66/><D0/><U16/><E133/><V87/><F32/><W84/><G131/><T27/><D86/><U37/><E37/><V19/><F68/><W20/><G134/><T94/><D106/><U8/><E95/><V67/><F39/><W28/><G3/><T59/><REACH who="0" step="1"/><D66/><REACH who="0" ten="80,367,433,110" step="2"/><U76/><E4/><V77/><F87/><W81/><G64/><T23/><D23/><U99/><E99/><V105/><F65/><W31/><G98/><T115/><D115/><U47/><E47/><V46/><F67/><W17/><G41/><T49/><D49/><AGARI ba="0,1" hai="8,11,14,16,22,26,29,35,49,53,58,73,76,83" machi="49" ten="30,3900,0" yaku="7,1,52,1,54,1" doraHai="48" who="1" fromWho="0" sc="80,-39,367,49,433,0,110,0" owari="41,-45.9,416,21.6,433,53.3,110,-29.0" /></mjloggm>