<mjloggm ver="2.3"><GO type="41" lobby="0"/><UN n0="%E2%93%9D%4C%75%63%6B%79%4A" n1="%68%69%73%75%69%6B%6F%68" n2="%4E%6F%76%65%6C" n3="%77%61%69%64%6F%74" dan="16,13,14,15" rate="2150.26,1930.84,1941.44,1895.21" sx="M,M,M,M"/><TAIKYOKU oya="0"/><INIT seed="0,0,0,0,0,70" ten="250,250,250,250" oya="0" hai0="55,59,62,73,89,60,90,34,14,108,135,51,56" hai1="7,95,46,120,127,96,121,105,77,133,33,67,40" hai2="57,61,76,11,39,37,131,75,113,44,26,8,3" hai3="41,21,29,65,20,31,128,54,4,25,24,86,98"/><T19/><D34/><U10/><E105/><V74/><F113/><W12/><G128/><T36/><D73/><U69/><E33/><V118/><F11/><W107/><G41/><T47/><D135/><U122/><E133/><V112/><F112/><W66/><G107/><T84/><D108/><U134/><E127/><V6/><F131/><W52/><G98/><T81/><D36/><N who="2" m="13898" /><F44/><W88/><G4/><T5/><D5/><U116/><E134/><V101/><F101/><W53/><REACH who="3" step="1"/><G12/><REACH who="3" ten="250,250,250,240" step="2"/><T104/><D104/><U72/><E120/><V126/><F26/><W43/><G43/><T16/><D90/><U0/><E122/><V99/><F99/><W64/><G64/><N who="0" m="39007" /><D14/><U109/><E7/><V110/><F118/><W13/><G13/><T102/><D102/><U111/><E116/><V94/><F3/><W2/><G2/><T38/><D38/><U82/><E0/><V91/><F6/><W103/><G103/><T49/><D51/><U114/><E111/><V18/><F18/><W80/><AGARI ba="0,1" hai="20,21,24,25,29,31,52,53,54,65,66,80,86,88" machi="80" ten="30,12000,2" yaku="1,1,0,1,9,1,8,1,54,2,53,1" doraHai="70" doraHaiUra="87" who="3" fromWho="3" sc="250,-60,250,-30,250,-30,240,130" /><INIT seed="1,0,0,1,1,124" ten="190,220,220,370" oya="1" hai0="79,101,90,65,10,89,32,20,95,39,62,60,13" hai1="37,19,7,63,33,112,42,73,96,92,56,122,28" hai2="113,106,74,130,123,45,8,31,107,5,131,135,67" hai3="121,126,100,68,110,6,3,117,54,9,134,93,118"/><U40/><E112/><V30/><F123/><W46/><G68/><T81/><D32/><U49/><E122/><V43/><F74/><W102/><G126/><T59/><D39/><U64/><E73/><V71/><F67/><W51/><G121/><T58/><D20/><U16/><E37/><V48/><F71/><W116/><G134/><T0/><D0/><U119/><E119/><V50/><F135/><W91/><REACH who="3" step="1"/><G110/><REACH who="3" ten="190,220,220,360" step="2"/><T83/><D79/><U114/><E114/><V2/><F113/><W97/><AGARI ba="0,1" hai="3,6,9,46,51,54,91,93,97,100,102,116,117,118" machi="97" ten="30,7900,0" yaku="1,1,2,1,0,1,12,1,53,0" doraHai="124" doraHaiUra="125" who="3" fromWho="3" sc="190,-20,220,-39,220,-20,360,89" /><INIT seed="2,0,0,4,2,35" ten="170,181,200,449" oya="2" hai0="102,38,110,107,67,26,21,20,41,47,120,36,83" hai1="8,61,22,133,9,85,13,58,27,84,114,82,77" hai2="116,16,25,101,93,113,126,54,56,111,72,5,106" hai3="70,105,43,12,76,24,121,42,31,65,39,62,129"/><V108/><F116/><W100/><G121/><T132/><D120/><U99/><E114/><V66/><F113/><W122/><G122/><T98/><D110/><N who="2" m="42026" /><F72/><W81/><G129/><T14/><D132/><U97/><E133/><V7/><F106/><W45/><G12/><T96/><D67/><U52/><E84/><V130/><F66/><W50/><G39/><T79/><D98/><U117/><E117/><V34/><F126/><W18/><G18/><T32/><D38/><U51/><E9/><V4/><F130/><W88/><G88/><T23/><D32/><U69/><E69/><V3/><F101/><W68/><G68/><T103/><D103/><U75/><E75/><V87/><F93/><W10/><G10/><T71/><D71/><U33/><E33/><V44/><F87/><W123/><G123/><T28/><REACH who="0" step="1"/><D14/><REACH who="0" ten="160,181,200,449" step="2"/><U55/><E13/><V135/><F135/><W59/><G100/><T89/><D89/><U91/><E91/><V78/><F78/><W60/><G105/><T134/><D134/><U46/><REACH who="1" step="1"/><E8/><REACH who="1" ten="160,171,200,449" step="2"/><N who="2" m="2079" /><F34/><W19/><G76/><T125/><D125/><U37/><E37/><V17/><F25/><W15/><G70/><T29/><D29/><AGARI ba="0,2" hai="22,27,29,46,51,52,55,58,61,77,82,85,97,99" machi="29" ten="30,7700,0" yaku="1,1,7,1,8,1,54,1,53,0" doraHai="35" doraHaiUra="90" who="1" fromWho="0" sc="160,-77,171,97,200,0,449,0" /><INIT seed="3,0,0,5,1,24" ten="83,268,200,449" oya="3" hai0="132,41,82,73,85,44,135,125,91,121,55,15,50" hai1="127,117,42,109,25,49,38,65,118,5,12,99,112" hai2="103,23,0,54,66,98,21,57,7,27,30,114,56" hai3="10,107,88,6,4,40,63,18,134,47,101,2,89"/><W20/><G134/><T119/><D121/><U45/><E112/><V58/><F114/><W34/><G34/><T33/><D119/><N who="1" m="45579" /><E109/><V71/><F71/><W83/><G63/><T129/><D73/><U35/><E127/><V37/><F37/><W126/><G126/><T102/><D125/><U110/><E110/><V86/><F86/><W68/><G68/><T104/><D33/><U124/><E124/><V19/><F7/><W76/><G6/><T116/><D116/><U131/><E131/><V53/><F0/><W26/><G101/><T32/><D32/><U46/><E65/><V59/><F66/><W122/><G107/><T133/><D129/><U105/><E5/><V3/><F3/><W78/><G122/><T29/><D15/><U79/><E12/><V80/><F80/><W92/><G92/><T77/><D102/><N who="1" m="62687" /><E79/><V96/><F103/><W94/><G94/><T123/><D123/><U106/><E106/><V60/><REACH who="2" step="1"/><F54/><REACH who="2" ten="83,268,190,449" step="2"/><W74/><G78/><T128/><D104/><U95/><E95/><V14/><AGARI ba="0,1" hai="14,19,21,23,27,30,53,56,57,58,59,60,96,98" machi="14" ten="30,8000,1" yaku="1,1,2,1,0,1,8,1,52,1,53,0" doraHai="24" doraHaiUra="84" who="2" fromWho="2" sc="83,-20,268,-20,190,90,449,-40" /><INIT seed="4,0,0,1,3,116" ten="63,248,280,409" oya="0" hai0="113,129,37,42,43,47,18,16,109,65,108,36,15" hai1="48,9,22,20,3,105,97,64,25,66,14,55,112" hai2="74,131,4,50,39,95,72,111,132,126,87,88,127" hai3="12,123,46,94,58,75,2,44,38,6,27,110,83"/><T82/><D129/><U86/><E3/><V56/><F39/><W59/><G123/><T41/><D65/><U52/><E112/><V133/><F4/><W29/><G110/><N who="0" m="42603" /><D113/><U68/><E86/><V24/><F24/><W119/><G119/><T28/><D28/><U53/><E48/><V89/><F56/><W98/><G2/><T121/><D121/><U90/><E68/><V33/><F50/><W101/><G75/><N who="2" m="28713" /><F33/><W106/><G83/><T11/><D82/><U70/><E70/><V19/><F19/><N who="0" m="7210" /><D47/><U54/><E105/><V128/><F89/><W5/><G38/><N who="0" m="14955" /><D11/><U23/><N who="1" m="13312" /><DORA hai="61" /><U81/><E25/><V13/><F13/><AGARI ba="0,0" hai="13,15,41,42,43" m="14955,7210,42603" machi="13" ten="40,12000,1" yaku="28,2,10,1,54,1" doraHai="116,61" who="0" fromWho="2" sc="63,120,248,0,280,-120,409,0" /><INIT seed="4,1,0,4,0,67" ten="183,248,160,409" oya="0" hai0="80,90,132,74,135,41,24,125,30,134,73,18,71" hai1="123,88,40,31,77,50,16,54,22,99,58,102,113" hai2="45,46,49,19,4,60,129,14,65,108,37,55,124" hai3="78,100,63,39,103,97,44,25,96,84,23,106,79"/><T92/><D41/><U27/><E123/><V133/><F108/><W42/><G63/><T105/><D105/><U29/><E77/><V62/><F4/><W110/><G110/><T52/><D125/><U118/><E118/><V11/><F129/><W3/><G3/><T95/><D18/><U109/><E109/><V6/><F133/><W128/><G128/><T107/><D107/><U36/><E113/><V0/><F124/><W1/><G1/><T38/><D38/><U66/><E66/><V43/><REACH who="2" step="1"/><F65/><REACH who="2" ten="183,248,150,409" step="2"/><W122/><G122/><T91/><D135/><U86/><E36/><V114/><F114/><W131/><G131/><T75/><D134/><U13/><E40/><V32/><F32/><W35/><G35/><T7/><D7/><U2/><E2/><V85/><F85/><W70/><G84/><T34/><D132/><U69/><E99/><V76/><F76/><W28/><G79/><T64/><D64/><U130/><E130/><V33/><F33/><W10/><G78/><T15/><D75/><U5/><E5/><V115/><F115/><W101/><G96/><T21/><D74/><U104/><E104/><V94/><F94/><W82/><G106/><T111/><D73/><U47/><E102/><V126/><F126/><W9/><G97/><T56/><D111/><U8/><E69/><V26/><F26/><W120/><G70/><T93/><D71/><U59/><E29/><V72/><F72/><W127/><G120/><T83/><D34/><U61/><E61/><V53/><F53/><W119/><G127/><T68/><D68/><U12/><E12/><RYUUKYOKU ba="1,1" sc="183,-15,248,15,150,15,409,-15" hai1="8,13,16,22,27,31,47,50,54,58,59,86,88" hai2="0,6,11,14,19,37,43,45,46,49,55,60,62" /><INIT seed="5,2,1,2,4,47" ten="168,263,165,394" oya="1" hai0="67,86,133,84,38,122,92,76,131,116,50,105,85" hai1="17,14,24,94,48,65,40,20,117,54,104,72,123" hai2="59,64,62,90,110,75,6,7,89,135,93,4,128" hai3="27,23,73,52,31,68,25,44,42,34,57,103,16"/><U115/><E104/><V8/><F110/><W61/><G73/><T78/><D38/><U102/><E117/><V22/><F75/><W13/><G68/><T33/><D33/><U55/><E123/><V82/><F135/><W109/><G109/><T108/><D108/><U87/><E72/><V119/><F128/><W43/><G103/><T96/><D67/><U35/><E115/><V58/><F119/><W83/><G83/><T12/><D116/><U126/><E126/><V91/><F82/><W2/><G2/><T114/><D12/><U49/><E65/><V29/><F58/><W80/><G80/><T5/><D5/><U32/><E32/><V41/><F41/><W79/><G79/><T125/><D125/><U71/><E71/><V112/><F112/><W81/><G81/><T9/><D9/><N who="1" m="6351" /><E35/><V56/><F56/><W120/><G120/><T129/><D114/><U127/><E40/><V74/><F74/><W70/><G70/><T46/><D105/><U100/><E127/><V97/><REACH who="2" step="1"/><F8/><REACH who="2" ten="168,263,155,394" step="2"/><W63/><G43/><N who="0" m="24927" /><D122/><U101/><E55/><V18/><F18/><W30/><G34/><T19/><D19/><N who="1" m="12319" /><E54/><V98/><F98/><W11/><G11/><T10/><D10/><U45/><E45/><V36/><F36/><W88/><G42/><T15/><D133/><U37/><E37/><V118/><F118/><W39/><G39/><T134/><D134/><U111/><E111/><V51/><F51/><N who="1" m="19529" /><E87/><V113/><F113/><W107/><G44/><T60/><D86/><U130/><E130/><V124/><F124/><W66/><G107/><T106/><D131/><RYUUKYOKU ba="2,2" sc="168,-15,263,15,155,15,394,-15" hai1="94,100,101,102" hai2="4,6,7,22,29,59,62,64,89,90,91,93,97" /><INIT seed="5,3,2,2,1,129" ten="153,278,170,379" oya="1" hai0="127,59,134,93,101,107,108,84,64,6,125,7,43" hai1="132,119,135,90,41,100,46,61,15,23,56,24,124" hai2="99,52,105,77,25,115,20,44,70,35,74,130,85" hai3="104,72,51,14,95,48,49,110,57,98,133,66,62"/><U82/><E119/><V4/><F35/><W37/><G37/><T63/><D108/><U123/><E123/><V106/><F74/><W81/><G104/><T97/><D43/><U91/><E124/><N who="0" m="47689" /><D134/><N who="1" m="51243" /><E100/><V31/><F70/><W94/><G133/><T42/><D42/><U28/><E15/><V0/><F130/><W120/><G120/><T96/><D84/><U112/><E112/><V22/><F4/><W121/><G110/><T122/><D122/><U21/><E21/><V111/><F0/><W39/><G121/><T118/><D118/><U19/><E28/><V18/><F111/><W73/><G39/><T50/><D50/><N who="1" m="26959" /><E82/><V32/><F20/><W3/><G3/><T58/><D59/><U86/><E86/><V12/><F99/><W76/><G73/><T33/><D33/><U45/><E45/><V5/><F5/><W36/><G14/><T114/><D114/><U16/><E16/><V13/><F13/><W54/><G36/><T29/><D29/><U126/><E126/><V55/><F115/><W65/><G95/><T92/><D93/><U17/><E17/><V27/><F12/><W67/><G94/><T53/><D7/><U8/><E8/><V113/><F113/><W11/><G11/><T75/><D6/><U68/><E68/><V83/><REACH who="2" step="1"/><F44/><REACH who="2" ten="153,278,160,379" step="2"/><W26/><G26/><T78/><D97/><U88/><E91/><V128/><F128/><W47/><G98/><T117/><D117/><U102/><E102/><V116/><F116/><W60/><G47/><T80/><D92/><U109/><E109/><V103/><F103/><W1/><G1/><RYUUKYOKU ba="3,3" sc="153,0,278,0,160,0,379,0" hai0="53,58,63,64,75,78,80,96,101,107" hai1="19,23,24,56,61,88,90" hai2="18,22,25,27,31,32,52,55,77,83,85,105,106" hai3="48,49,51,54,57,60,62,65,66,67,72,76,81" /><INIT seed="5,4,3,4,0,70" ten="153,278,160,379" oya="1" hai0="18,85,100,87,58,99,21,56,127,53,82,15,14" hai1="83,10,50,37,111,73,81,71,49,17,44,108,118" hai2="11,120,2,114,36,7,52,125,63,41,97,80,5" hai3="95,113,119,28,45,27,60,12,84,91,105,88,34"/><U9/><E118/><V8/><F120/><W19/><G105/><T35/><D35/><U109/><E71/><V51/><F125/><W4/><G119/><T33/><D33/><U123/><E123/><V68/><F97/><W110/><G110/><T3/><D3/><U132/><E132/><V55/><F80/><N who="1" m="30793" /><E73/><V117/><F117/><W92/><G113/><T106/><D127/><U102/><E102/><V32/><F32/><W62/><G45/><T75/><D58/><U69/><E69/><V78/><F78/><W112/><G4/><T23/><D23/><U128/><E128/><V29/><F29/><W24/><G24/><T107/><D107/><U54/><E37/><V43/><F114/><W72/><G72/><T64/><D64/><U65/><E65/><V104/><F104/><W30/><G30/><T13/><D75/><U93/><E93/><V135/><F135/><W59/><G59/><T98/><D99/><U0/><E0/><V89/><F89/><W42/><G42/><T86/><REACH who="0" step="1"/><D82/><REACH who="0" ten="143,278,160,379" step="2"/><U46/><E17/><V6/><F2/><W103/><G112/><T22/><D22/><U67/><E67/><V116/><F116/><W133/><G133/><T126/><D126/><U31/><E31/><V76/><F68/><W101/><G34/><T96/><D96/><U134/><E134/><V124/><F124/><W130/><G130/><T129/><D129/><U1/><E1/><V121/><F76/><W61/><G91/><T25/><D25/><U48/><E54/><V26/><F55/><W16/><G28/><T79/><D79/><U38/><E46/><RYUUKYOKU ba="4,4" sc="143,15,278,15,160,-15,379,-15" hai0="13,14,15,18,21,53,56,85,86,87,98,100,106" hai1="9,10,38,44,48,49,50,108,109,111" /><INIT seed="5,5,4,2,1,86" ten="158,293,145,364" oya="1" hai0="94,78,69,16,76,9,97,112,95,36,68,27,117" hai1="54,26,0,8,70,14,104,75,30,21,62,49,108" hai2="101,42,121,106,91,11,56,38,2,109,22,4,7" hai3="110,34,55,5,61,124,100,89,35,44,130,48,24"/><U111/><E75/><V1/><F121/><W31/><G110/><N who="1" m="42026" /><E104/><V90/><F109/><W71/><G124/><T53/><D36/><U65/><E0/><V133/><F133/><W120/><G120/><T29/><D117/><U64/><E62/><V18/><F42/><W23/><G130/><T127/><D95/><U17/><E70/><V41/><F41/><W12/><G100/><T131/><D112/><U113/><E113/><V116/><F38/><W57/><G71/><T40/><D40/><U134/><E134/><V50/><F116/><W32/><G5/><T19/><D69/><U20/><E8/><V66/><F101/><W132/><G132/><T74/><D68/><U102/><E102/><V125/><F106/><W105/><G105/><T43/><D43/><U119/><E119/><V98/><F125/><W25/><G12/><T39/><D39/><U93/><E93/><V52/><F66/><W72/><G72/><T28/><D74/><U67/><E67/><V135/><F98/><W88/><REACH who="3" step="1"/><G25/><REACH who="3" ten="158,293,145,354" step="2"/><T92/><D27/><U96/><E96/><V129/><F129/><W123/><G123/><T58/><D131/><U33/><E33/><V63/><F135/><W114/><G114/><T3/><D127/><U37/><E37/><V82/><F7/><W13/><G13/><T46/><D97/><U77/><E77/><V60/><F2/><W107/><G107/><T6/><D3/><U59/><AGARI ba="5,5" hai="14,17,20,21,26,30,49,54,59,64,65" m="42026" machi="59" ten="30,1500,0" yaku="10,1" doraHai="86" who="1" fromWho="1" sc="158,-10,293,80,145,-10,354,-10" /><INIT seed="5,6,0,0,3,0" ten="148,373,135,344" oya="1" hai0="86,28,84,85,15,24,77,127,50,67,130,88,6" hai1="23,95,38,47,113,58,52,56,134,27,96,16,87" hai2="114,51,18,13,48,10,102,105,22,55,29,43,82" hai3="11,122,91,116,99,64,49,89,45,65,131,108,8"/><U76/><E113/><V4/><F114/><W35/><G35/><T115/><D115/><U46/><E134/><V37/><F37/><W133/><G122/><T78/><D67/><N who="3" m="25673" /><G108/><T3/><D3/><U26/><E38/><V41/><F105/><W98/><G133/><T32/><D127/><U1/><E1/><V101/><F29/><W17/><G116/><T2/><D2/><U25/><E58/><V124/><F124/><W104/><G104/><T93/><D130/><U126/><E126/><V40/><F82/><W19/><G131/><T80/><D50/><N who="1" m="30743" /><E87/><V83/><F83/><W12/><G19/><T107/><D107/><U21/><E76/><V123/><F123/><W92/><G11/><T30/><D30/><N who="1" m="17711" /><E26/><V68/><F68/><W60/><G60/><T39/><D39/><U42/><E42/><V118/><F118/><W111/><G111/><T69/><D69/><U59/><E59/><V71/><F71/><W79/><G79/><T129/><D129/><U106/><E106/><V135/><F135/><W109/><G109/><T34/><D34/><U72/><E72/><V100/><REACH who="2" step="1"/><F55/><REACH who="2" ten="148,373,125,344" step="2"/><N who="3" m="30127" /><G91/><AGARI ba="6,1" hai="16,23,27,46,47,91,95,96" m="17711,30743" machi="91" ten="30,5800,0" yaku="8,1,54,2" doraHai="0" who="1" fromWho="3" sc="148,0,373,86,125,0,344,-76" /><INIT seed="5,7,0,2,2,121" ten="148,459,125,268" oya="1" hai0="119,102,5,22,60,14,95,55,130,98,135,41,52" hai1="108,8,33,29,37,13,111,100,53,118,23,81,120" hai2="83,34,45,39,70,113,57,110,78,67,88,43,36" hai3="89,128,2,116,9,87,48,69,105,16,104,114,112"/><U79/><E118/><V40/><F34/><W68/><G116/><T28/><D119/><U82/><E120/><V50/><F88/><W126/><G126/><T92/><D135/><U17/><E37/><N who="2" m="14411" /><F78/><W107/><G128/><T93/><D41/><N who="2" m="15946" /><F83/><N who="3" m="49407" /><G48/><T30/><D130/><U65/><E65/><V61/><F113/><N who="3" m="43627" /><G2/><T19/><D5/><U12/><E33/><V76/><F76/><W86/><G86/><T96/><D95/><U133/><E133/><V20/><F20/><W131/><G131/><T44/><D44/><U15/><E100/><V49/><F110/><N who="1" m="42025" /><E29/><N who="0" m="11369" /><D60/><U71/><E71/><V35/><F35/><W46/><G46/><T85/><D85/><N who="1" m="48319" /><E82/><V132/><F132/><W24/><G24/><T32/><D32/><U127/><E127/><V51/><F45/><W90/><G90/><AGARI ba="7,0" hai="14,19,22,52,55,90,92,93,96,98,102" m="11369" machi="90" ten="30,2000,0" yaku="8,1,54,1" doraHai="121" who="0" fromWho="3" sc="148,41,459,0,125,0,268,-41" /><INIT seed="6,0,0,1,1,9" ten="189,459,125,227" oya="2" hai0="41,13,36,20,83,43,50,33,110,25,22,88,89" hai1="15,102,94,47,123,99,85,29,109,87,112,118,84" hai2="105,78,37,12,96,129,6,90,122,52,49,16,31" hai3="107,57,17,39,108,93,82,70,61,120,34,26,104"/><V1/><F122/><W35/><G70/><T66/><D33/><U117/><E109/><V106/><F37/><W72/><G39/><T11/><D110/><U131/><E123/><V97/><F78/><W95/><G120/><T27/><D66/><U132/><E112/><V80/><F31/><W111/><G82/><T128/><D128/><U64/><E131/><V62/><F62/><W73/><G61/><T7/><D36/><U127/><E132/><V63/><F63/><W58/><G26/><T91/><D83/><U4/><E127/><V76/><F129/><W55/><G55/><T0/><D0/><U74/><E74/><V2/><F6/><W59/><G59/><T75/><D75/><U121/><E121/><V53/><F53/><W67/><G67/><T5/><D7/><U44/><E64/><V38/><F38/><W14/><G17/><N who="0" m="12751" /><D50/><U46/><REACH who="1" step="1"/><E29/><AGARI ba="0,0" hai="5,11,13,20,25,29,41,43,88,89,91" m="12751" machi="29" ten="30,3900,0" yaku="8,1,52,1,54,1" doraHai="9" who="0" fromWho="1" sc="189,39,459,-39,125,0,227,0" /><INIT seed="7,0,0,0,0,81" ten="228,420,125,227" oya="3" hai0="79,68,111,22,61,52,24,90,69,32,56,40,94" hai1="113,75,4,130,28,119,120,96,100,70,91,85,127" hai2="34,45,36,5,99,104,11,3,123,77,16,8,23" hai3="92,112,58,10,80,30,98,47,12,6,54,1,106"/><W67/><G106/><T21/><D111/><U38/><E38/><V86/><F123/><W78/><G112/><T82/><D32/><U97/><E70/><V41/><F34/><W53/><G30/><T131/><D40/><U14/><E120/><V49/><F8/><W73/><G47/><T66/><D131/><U64/><E64/><V25/><F104/><W116/><G116/><T125/><D125/><U71/><E71/><V62/><F99/><W20/><G20/><T65/><D69/><U107/><E113/><V118/><F118/><W60/><G1/><T124/><D124/><U35/><E127/><V122/><F122/><W105/><G105/><T114/><D22/><U13/><E75/><V126/><F126/><W109/><G109/><T101/><D101/><AGARI ba="0,0" hai="6,10,12,53,54,58,60,67,73,78,80,92,98,101" machi="101" ten="30,1500,0" yaku="7,1" doraHai="81" who="3" fromWho="0" sc="228,-15,420,0,125,0,227,15" /><INIT seed="7,1,0,1,4,39" ten="213,420,125,242" oya="3" hai0="86,44,62,66,48,74,127,36,133,55,77,112,135" hai1="2,4,129,72,98,93,3,108,46,57,92,101,118" hai2="43,13,85,90,100,19,26,63,40,75,16,121,56" hai3="126,10,58,105,34,104,9,29,73,84,115,99,78"/><W113/><G58/><T30/><D30/><U103/><E108/><V67/><F75/><W80/><G29/><T131/><D131/><U107/><E72/><V24/><F100/><N who="3" m="62495" /><G34/><T68/><D86/><U79/><E79/><V128/><F128/><W42/><G105/><T38/><D112/><N who="3" m="43081" /><G126/><T14/><D14/><U27/><E107/><V125/><F125/><W65/><G65/><T49/><D127/><U8/><E129/><V120/><F120/><W11/><G84/><T53/><D77/><U124/><E124/><V76/><F76/><W69/><G69/><T21/><D21/><U59/><E59/><V51/><F121/><W22/><G22/><T15/><D15/><U1/><E1/><V130/><F130/><W60/><G60/><T88/><D74/><U47/><E57/><V50/><F50/><W102/><G102/><T134/><D88/><U110/><E101/><V64/><F64/><W71/><G71/><T18/><D18/><N who="2" m="6698" /><F13/><W95/><G95/><T106/><D106/><U37/><E93/><N who="2" m="54479" /><F51/><W119/><G119/><T6/><D6/><U28/><E4/><V54/><F67/><W132/><G132/><T23/><D23/><U35/><E28/><V32/><F32/><W117/><G117/><T91/><D91/><U123/><E92/><V31/><F31/><W25/><G25/><AGARI ba="1,0" hai="24,25,26,40,43,54,56,63" m="54479,6698" machi="25" ten="30,7700,0" yaku="8,1,52,2,54,1" doraHai="39" who="2" fromWho="3" sc="213,0,420,0,125,80,242,-80" owari="213,1.3,420,52.0,205,-19.5,162,-33.8" /></mjloggm>