<mjloggm ver="2.3"><GO type="41" lobby="0"/><UN n0="%E2%93%9D%4C%75%63%6B%79%4A" n1="%74%73%75%63%68%69%6E%6F" n2="%E3%81%B5%E3%83%BC%E3%81%BF%E3%83%BC%32%33%31%30" n3="%52%34%32%35" dan="18,14,13,13" rate="2160.86,1875.38,1834.72,1817.74" sx="M,M,M,M"/><TAIKYOKU oya="0"/><INIT seed="0,0,0,4,4,35" ten="250,250,250,250" oya="0" hai0="97,53,79,18,36,68,43,95,123,10,19,23,37" hai1="121,11,2,38,96,65,24,134,29,81,106,112,85" hai2="39,55,87,49,17,32,60,75,57,28,73,61,122" hai3="30,82,94,6,78,8,86,70,54,130,99,20,59"/><T22/><D123/><U1/><E121/><V76/><F122/><W34/><G34/><T16/><D68/><U131/><E38/><V9/><F39/><W108/><G70/><T5/><D79/><U119/><E119/><V66/><F61/><W40/><G40/><T133/><D133/><U62/><E134/><V31/><F75/><W128/><G108/><T84/><D84/><U45/><E45/><V98/><F98/><W115/><G20/><T33/><D33/><U100/><E11/><V42/><F42/><W12/><G30/><T102/><D53/><U103/><E103/><V110/><F73/><W126/><G126/><T125/><D125/><U51/><E51/><V117/><F110/><W105/><G105/><T52/><D52/><U129/><E112/><V27/><F117/><W0/><G0/><T92/><D95/><U44/><E44/><V46/><F32/><W83/><G83/><T4/><D5/><U127/><E127/><V58/><F46/><W64/><G64/><T114/><D114/><U124/><E124/><V93/><F93/><W80/><G80/><T101/><D102/><U63/><E63/><V118/><F118/><W69/><G69/><T109/><D109/><U71/><E24/><V25/><F25/><W67/><G67/><T7/><D7/><U47/><E47/><V88/><F27/><W91/><REACH who="3" step="1"/><G115/><REACH who="3" ten="250,250,250,240" step="2"/><T132/><D132/><U77/><REACH who="1" step="1"/><E29/><REACH who="1" ten="250,240,250,240" step="2"/><V104/><F28/><W21/><G21/><N who="0" m="7691" /><D43/><U15/><E15/><N who="2" m="7407" /><F31/><W3/><G3/><AGARI ba="0,2" hai="1,2,3,62,65,71,77,81,85,96,100,106,129,131" machi="3" ten="40,8000,1" yaku="1,1,52,3,53,0" doraHai="35" doraHaiUra="50" who="1" fromWho="3" sc="250,0,240,100,250,0,240,-80" /><INIT seed="1,0,0,3,2,133" ten="250,340,250,160" oya="1" hai0="108,51,0,39,112,101,22,127,131,70,64,104,44" hai1="67,46,53,110,89,24,132,31,8,15,25,81,116" hai2="134,86,17,11,9,96,36,7,35,62,68,76,125" hai3="69,128,14,45,88,2,19,91,82,23,80,48,66"/><U47/><E116/><V73/><F36/><W85/><G2/><T56/><D0/><U26/><E132/><V103/><F134/><W54/><G128/><T118/><D104/><U27/><E67/><V117/><F35/><W77/><G69/><T55/><D101/><U71/><E71/><V50/><F73/><W121/><G121/><T18/><D112/><U74/><E74/><V60/><F50/><W16/><G66/><T113/><D113/><U84/><E27/><V5/><F86/><W95/><G91/><T61/><D108/><U29/><E46/><V1/><F17/><W119/><G119/><T52/><D131/><U98/><E98/><V40/><F40/><W34/><G34/><T28/><D28/><U33/><E110/><V105/><F76/><W42/><G77/><T32/><D32/><U49/><REACH who="1" step="1"/><E33/><REACH who="1" ten="250,330,250,160" step="2"/><V75/><F75/><W41/><REACH who="3" step="1"/><G19/><AGARI ba="0,1" hai="8,15,19,24,25,26,29,31,47,49,53,81,84,89" machi="19" ten="40,12000,1" yaku="1,1,2,1,25,2,8,1,53,0" doraHai="133" doraHaiUra="30" who="1" fromWho="3" sc="250,0,330,130,250,0,160,-120" /><INIT seed="1,1,0,5,4,76" ten="250,460,250,40" oya="1" hai0="56,58,47,124,127,66,60,91,131,102,119,104,83" hai1="21,57,130,38,45,105,132,55,22,4,128,32,54" hai2="122,135,86,133,106,44,65,69,121,37,67,97,87" hai3="72,98,53,17,7,71,94,15,89,117,88,50,61"/><U3/><E105/><V114/><F106/><W59/><G72/><T79/><D119/><U85/><E32/><V118/><F97/><W12/><G117/><T33/><D33/><U103/><E103/><V13/><F118/><W63/><G71/><T96/><D131/><U109/><E132/><V126/><F126/><N who="0" m="48170" /><D47/><U41/><E54/><V62/><F65/><W129/><G129/><T115/><D91/><U64/><E64/><V110/><F110/><W95/><G7/><T42/><D42/><U134/><E134/><N who="2" m="51211" /><F114/><W26/><G26/><T6/><D6/><U36/><E36/><V10/><F44/><W46/><G63/><T18/><D18/><U8/><E109/><V80/><F87/><W108/><G17/><T75/><D115/><U30/><E30/><V34/><F34/><W52/><REACH who="3" step="1"/><G108/><REACH who="3" ten="250,460,250,30" step="2"/><T48/><D48/><U39/><E128/><V1/><F37/><W16/><G16/><T35/><D35/><U27/><E39/><V100/><F122/><W116/><G116/><T92/><D104/><U113/><E113/><V19/><F121/><W123/><G123/><T101/><D102/><U23/><E27/><V51/><F100/><W107/><G107/><T40/><D40/><U99/><E130/><V112/><F112/><W2/><G2/><T77/><D79/><U125/><E125/><V93/><F1/><W20/><G20/><T68/><AGARI ba="1,1" hai="56,58,60,66,68,75,77,83,92,96,101" m="48170" machi="68" ten="30,2000,0" yaku="18,1,52,1" doraHai="76" who="0" fromWho="0" sc="250,33,460,-11,250,-6,30,-6" /><INIT seed="2,0,0,0,1,15" ten="283,449,244,24" oya="2" hai0="30,116,102,96,27,63,64,62,85,48,128,25,91" hai1="117,17,103,31,130,35,67,87,32,76,118,28,2" hai2="20,86,89,132,13,6,45,84,71,95,44,57,98" hai3="19,29,110,65,75,120,72,121,81,131,112,10,39"/><V66/><F71/><W49/><G39/><T5/><D116/><U46/><E103/><V12/><F132/><W54/><G110/><T52/><D5/><U47/><E67/><V4/><F4/><W68/><G131/><T70/><D63/><U114/><E130/><V122/><F122/><W99/><G29/><T9/><D9/><U105/><E114/><V40/><F44/><W133/><G133/><T97/><D128/><U129/><E129/><V43/><F43/><W24/><G112/><T125/><D125/><U90/><E76/><V92/><F57/><W80/><G99/><T34/><D27/><U56/><E56/><V55/><F55/><W100/><G100/><T50/><D97/><U94/><E2/><V73/><F66/><W107/><G107/><T8/><D8/><U23/><E105/><V79/><F73/><W59/><G65/><T18/><D18/><U58/><E58/><V3/><F3/><W101/><G68/><T51/><D85/><U69/><E69/><V37/><F6/><W104/><G101/><T14/><D14/><U106/><E106/><V108/><F108/><W83/><G104/><N who="0" m="63559" /><D91/><U21/><E21/><V115/><F115/><W111/><G111/><T77/><D77/><U123/><E123/><V113/><F113/><W109/><G109/><T22/><D22/><U7/><E7/><V38/><F37/><W33/><G33/><N who="1" m="12874" /><E117/><V61/><F61/><W74/><REACH who="3" step="1"/><G10/><REACH who="3" ten="283,449,244,14" step="2"/><T82/><D70/><U134/><E134/><V53/><F38/><W41/><G41/><T124/><D64/><U1/><E118/><V0/><F98/><RYUUKYOKU ba="0,1" sc="283,-10,449,-10,244,-10,14,30" hai3="19,24,49,54,59,72,74,75,80,81,83,120,121" /><INIT seed="3,1,1,2,5,81" ten="273,439,234,44" oya="3" hai0="21,37,0,105,46,119,123,3,27,66,50,88,82" hai1="29,32,7,11,39,114,53,56,78,42,133,80,4" hai2="22,45,126,102,97,121,116,101,127,16,23,100,25" hai3="95,40,135,132,72,18,63,131,118,64,92,104,55"/><W38/><G118/><T111/><D119/><U109/><E109/><V113/><F116/><W14/><G104/><T61/><D37/><U99/><E99/><V15/><F113/><W76/><G131/><T112/><D123/><U34/><E29/><V6/><F6/><W71/><G40/><T115/><D105/><U30/><E30/><N who="2" m="17719" /><F121/><W91/><G38/><T1/><D111/><U103/><E7/><V43/><F45/><W77/><G72/><T120/><D21/><U125/><E103/><V24/><F43/><W35/><G35/><T90/><D27/><U9/><E9/><V59/><F59/><W28/><G28/><T117/><D120/><U86/><E125/><N who="2" m="47627" /><F24/><W110/><G55/><N who="0" m="30167" /><D117/><U122/><E133/><N who="3" m="51274" /><G110/><T79/><D115/><U17/><E114/><V83/><F83/><W57/><G71/><T67/><D82/><U98/><E122/><V20/><F23/><N who="3" m="11735" /><G95/><AGARI ba="1,1" hai="15,16,20,95,97,100,101,102" m="47627,17719" machi="95" ten="30,2000,0" yaku="18,1,54,1" doraHai="81" who="2" fromWho="3" sc="273,0,439,0,234,33,44,-23" /><INIT seed="4,0,0,5,3,92" ten="273,439,267,21" oya="0" hai0="98,13,23,19,103,134,68,93,18,76,39,66,31" hai1="110,78,35,56,59,50,63,87,130,108,20,123,21" hai2="43,94,27,97,120,11,16,54,53,51,109,6,80" hai3="88,114,100,81,8,132,74,1,32,69,58,26,46"/><T48/><D39/><U64/><E123/><V131/><F109/><W3/><G69/><T60/><D134/><U127/><E35/><V77/><F131/><W124/><G132/><T72/><D19/><U128/><E127/><V105/><F105/><W44/><G124/><T49/><REACH who="0" step="1"/><D31/><REACH who="0" ten="263,439,267,21" step="2"/><U75/><E128/><V121/><F120/><W52/><G114/><T118/><D118/><U57/><E130/><V73/><F121/><W0/><G32/><T9/><D9/><U135/><E135/><V22/><F43/><W106/><G26/><T5/><D5/><U17/><E108/><V37/><F37/><W116/><G116/><T96/><D96/><U70/><E110/><V85/><F11/><W34/><G34/><T36/><D36/><U25/><E21/><V40/><F6/><W55/><G8/><T84/><D84/><U125/><E87/><V83/><F73/><W90/><G106/><T129/><D129/><U47/><E125/><V99/><F99/><W102/><G74/><T42/><D42/><U107/><E107/><V91/><F80/><AGARI ba="0,1" hai="13,18,23,48,49,60,66,68,72,76,80,93,98,103" machi="80" ten="40,3900,0" yaku="1,1,52,1,53,0" doraHai="92" doraHaiUra="111" who="0" fromWho="2" sc="263,49,439,0,267,-39,21,0" /><INIT seed="4,1,0,5,0,60" ten="312,439,228,21" oya="0" hai0="125,79,115,13,7,108,77,95,9,116,121,66,18" hai1="40,134,86,114,127,41,110,96,19,124,3,64,100" hai2="109,31,58,67,29,128,118,25,46,2,65,53,42" hai3="89,52,104,11,38,99,45,101,36,34,51,78,4"/><T80/><D121/><U43/><E110/><V102/><F109/><W87/><G34/><T82/><D108/><U93/><E3/><V90/><F128/><W62/><G78/><T10/><D116/><U76/><E134/><V85/><F102/><W71/><G71/><T27/><D115/><U57/><E19/><V23/><F2/><W111/><G111/><T106/><D106/><U16/><E16/><V50/><F29/><W92/><REACH who="3" step="1"/><G62/><REACH who="3" ten="312,439,228,11" step="2"/><T15/><D79/><U33/><E33/><V117/><F118/><W98/><G98/><T30/><D77/><U129/><E114/><V17/><F117/><W132/><G132/><T75/><D75/><U32/><E32/><V122/><F122/><W91/><G91/><T35/><D125/><U83/><E129/><V55/><F31/><W14/><AGARI ba="1,1" hai="4,11,14,36,38,45,51,52,87,89,92,99,101,104" machi="14" ten="20,8000,1" yaku="1,1,0,1,7,1,54,1,53,1" doraHai="60" doraHaiUra="6" who="3" fromWho="3" sc="312,-41,439,-21,228,-21,11,93" /><INIT seed="5,0,0,4,4,43" ten="271,418,207,104" oya="1" hai0="88,2,22,112,63,130,128,55,111,38,57,18,30" hai1="131,132,122,84,108,119,39,107,21,54,25,133,116" hai2="75,29,12,51,106,134,117,120,135,34,62,35,123" hai3="48,52,0,113,109,99,100,40,115,61,49,66,127"/><U7/><E107/><V8/><F106/><W89/><G0/><T93/><D111/><U87/><E108/><V70/><F75/><W47/><G109/><T105/><D105/><U81/><E122/><V72/><F72/><W20/><G127/><T67/><D30/><U125/><E125/><V64/><F117/><W36/><G89/><T5/><D38/><U102/><E102/><V27/><F34/><W44/><G20/><T73/><D73/><U94/><E7/><V50/><F50/><N who="3" m="28743" /><G99/><T53/><D112/><N who="3" m="43081" /><G100/><T79/><D79/><U6/><E116/><V77/><F77/><W23/><G23/><T78/><D78/><U19/><E119/><V74/><F74/><W33/><G33/><T32/><D32/><U71/><E6/><V16/><F51/><W65/><G65/><T58/><D67/><U45/><E39/><V60/><F60/><W13/><G13/><T4/><D2/><U101/><E101/><V46/><F123/><W10/><G10/><T3/><D3/><U126/><E126/><V83/><F120/><W92/><G92/><T98/><D5/><U41/><E94/><V95/><F95/><W97/><G97/><T96/><D4/><U1/><E1/><V121/><F121/><W129/><G129/><T26/><D98/><U31/><E131/><V24/><F35/><W118/><G118/><T103/><D103/><U17/><E21/><V69/><F29/><W11/><G11/><T15/><D15/><U104/><E31/><V80/><F8/><W86/><G86/><T9/><D9/><U68/><E84/><V76/><F12/><RYUUKYOKU ba="0,0" sc="271,15,418,-15,207,-15,104,15" hai0="18,22,26,53,55,57,58,63,88,93,96,128,130" hai3="36,40,47,48,49,61,66" /><INIT seed="6,1,0,5,1,80" ten="286,403,192,119" oya="2" hai0="39,78,131,83,48,88,43,84,124,46,10,103,18" hai1="33,102,99,101,128,67,14,65,49,63,15,30,73" hai2="111,115,72,44,8,109,11,75,79,121,82,116,134" hai3="120,70,16,47,100,94,52,123,125,77,24,118,93"/><V34/><F34/><W29/><G118/><T71/><D71/><U53/><E73/><V89/><F116/><W38/><G70/><T26/><D131/><U3/><E3/><V62/><F121/><W132/><G125/><T81/><D124/><U122/><E101/><V32/><F32/><W112/><G112/><T106/><D106/><U69/><E65/><V35/><F35/><W13/><G132/><T107/><D107/><U119/><E128/><V133/><F115/><W97/><G77/><T76/><D103/><U1/><E1/><V22/><F62/><W27/><G38/><T56/><D39/><U40/><E40/><V58/><F58/><W21/><G93/><T41/><D43/><U66/><E66/><V127/><F44/><W45/><G45/><T60/><D83/><U55/><E55/><V135/><F127/><W86/><G86/><T92/><D81/><U9/><E9/><N who="2" m="3659" /><F89/><W74/><G74/><T98/><D98/><U68/><E68/><V105/><F105/><W90/><G100/><T6/><D6/><U59/><E122/><V130/><F130/><W108/><G108/><N who="2" m="41545" /><F72/><W54/><G27/><T114/><D26/><N who="1" m="18647" /><E119/><V87/><F75/><W129/><G129/><T61/><D114/><U17/><E17/><V31/><F31/><W91/><G90/><T126/><D126/><U96/><E96/><V0/><F0/><W95/><G95/><T42/><D92/><U7/><E7/><V64/><F64/><W113/><G113/><T110/><D110/><U104/><AGARI ba="1,0" hai="14,15,49,53,59,63,67,69,99,102,104" m="18647" machi="104" ten="30,1100,0" yaku="25,1" doraHai="80" who="1" fromWho="1" sc="286,-4,403,14,192,-6,119,-4" /><INIT seed="7,0,0,0,3,23" ten="282,417,186,115" oya="3" hai0="94,29,39,8,80,78,68,116,129,130,7,73,56" hai1="103,125,52,99,102,123,66,131,58,65,71,72,37" hai2="124,50,15,19,63,108,53,69,77,121,21,105,35" hai3="61,34,18,3,74,119,112,79,114,109,13,47,88"/><W93/><G3/><T51/><D68/><U22/><E37/><V85/><F105/><W76/><G119/><T43/><D94/><U115/><E115/><N who="3" m="44074" /><G34/><T1/><D51/><U14/><E72/><V98/><F124/><W135/><G135/><T30/><D56/><U90/><E125/><V122/><F108/><W91/><G109/><T110/><D110/><U70/><E70/><V24/><F98/><N who="3" m="57639" /><G74/><T27/><D30/><U32/><E32/><V128/><F128/><W41/><G91/><T101/><D101/><U36/><E131/><V16/><F35/><W38/><G61/><T5/><D7/><U49/><E90/><V92/><F92/><W6/><G6/><T31/><D116/><U118/><E123/><N who="2" m="47115" /><F77/><W28/><G28/><T64/><D31/><U87/><E118/><V59/><F85/><W60/><G60/><T9/><D130/><U12/><E87/><V107/><F107/><W81/><G81/><T120/><D120/><U4/><E4/><V113/><F113/><W95/><G95/><T17/><D129/><U2/><E2/><V84/><F84/><W57/><G57/><T100/><D5/><U104/><E102/><V55/><F69/><W117/><G117/><T89/><D89/><U96/><E71/><V10/><F63/><W83/><G83/><T86/><D86/><U111/><E111/><V67/><F67/><W134/><G134/><T48/><D64/><U75/><E75/><V0/><F0/><W40/><G40/><T106/><D1/><U62/><E62/><V26/><F55/><W33/><G33/><T45/><D73/><RYUUKYOKU ba="0,0" sc="282,-15,417,-15,186,15,115,15" hai2="10,15,16,19,21,24,26,50,53,59" hai3="13,18,38,41,47,76,79" /><INIT seed="7,1,0,5,5,127" ten="267,402,201,130" oya="3" hai0="116,54,19,57,114,108,26,56,95,38,71,82,72" hai1="28,80,59,0,98,132,11,25,124,101,111,84,62" hai2="110,133,68,96,9,23,93,37,36,97,27,51,16" hai3="123,3,90,109,33,65,55,1,67,66,60,128,129"/><W77/><G33/><T41/><D57/><U104/><E132/><V69/><F110/><W30/><G123/><T135/><D95/><U81/><E124/><V34/><F133/><W40/><G109/><T58/><D58/><U70/><E70/><V20/><F34/><W86/><G30/><T94/><D94/><U131/><E131/><N who="3" m="50250" /><G77/><T42/><D26/><U83/><E11/><V61/><F9/><W106/><G40/><T32/><D42/><U49/><E49/><V18/><F61/><W115/><G106/><T87/><D41/><U5/><E5/><V44/><F37/><W73/><G73/><T126/><D72/><U7/><E7/><V4/><F36/><W100/><G100/><T31/><D31/><U43/><E43/><V35/><F35/><W102/><G102/><T134/><D32/><U76/><E0/><N who="3" m="74" /><G115/><T46/><D114/><U91/><E76/><V8/><F27/><W53/><G60/><T10/><D135/><U2/><E2/><V63/><F63/><W119/><G119/><T99/><D116/><U39/><E39/><V113/><F113/><W48/><G48/><T22/><D134/><U24/><E111/><V89/><F51/><W130/><N who="3" m="50258" /><W64/><N who="3" m="16384" /><DORA hai="85" /><DORA hai="12" /><W125/><G125/><T15/><D126/><U50/><E50/><V118/><F118/><W47/><G47/><T122/><D46/><U74/><E74/><V79/><F79/><W88/><G90/><T121/><D108/><U117/><E117/><V107/><F107/><W112/><G112/><T105/><D105/><U120/><E104/><V52/><F89/><RYUUKYOKU ba="1,0" sc="267,-10,402,-10,201,-10,130,30" hai3="53,55,86,88" /><INIT seed="7,2,0,2,2,119" ten="257,392,191,160" oya="3" hai0="53,30,34,50,33,76,114,17,45,10,101,98,82" hai1="95,35,80,71,129,91,37,131,22,42,0,43,88" hai2="20,54,12,86,65,15,122,93,62,61,133,81,90" hai3="105,89,32,40,70,38,39,121,21,44,24,57,72"/><W8/><G105/><T18/><D30/><U49/><E35/><V87/><F133/><W73/><G32/><T115/><D34/><U111/><E0/><V126/><F126/><W75/><G70/><T55/><D55/><U64/><E111/><V59/><F122/><W97/><G8/><T104/><D33/><U96/><E49/><V118/><F20/><W3/><G3/><T4/><D4/><U5/><E5/><V46/><F46/><W113/><G113/><N who="0" m="43019" /><D10/><U14/><E37/><V25/><F25/><W117/><G117/><T103/><D103/><U84/><E64/><V26/><F26/><W116/><G116/><T132/><D132/><U100/><E100/><V94/><F118/><W31/><G121/><T58/><D45/><U28/><E71/><V27/><F27/><W48/><REACH who="3" step="1"/><G57/><REACH who="3" ten="257,392,191,150" step="2"/><T68/><D68/><U36/><E129/><V7/><F7/><W123/><G123/><T6/><D6/><U69/><E131/><V108/><F108/><W19/><G19/><T83/><D18/><U52/><E69/><V60/><F12/><W107/><G107/><T41/><D17/><U16/><E28/><V56/><F15/><W47/><G47/><N who="0" m="25967" /><D76/><U99/><E14/><V110/><F110/><W125/><G125/><T11/><D11/><U127/><E127/><V1/><F1/><W9/><G9/><T77/><D77/><U74/><E16/><V67/><F56/><W85/><G85/><T2/><D2/><U134/><E84/><V23/><F87/><W112/><G112/><T13/><D13/><U128/><E134/><V92/><F23/><RYUUKYOKU ba="2,1" sc="257,10,392,-30,191,10,150,10" hai0="53,58,82,83,98,101,104" hai2="54,59,60,61,62,65,67,81,86,90,92,93,94" hai3="21,24,31,38,39,40,44,48,72,73,75,89,97" /><INIT seed="7,3,1,3,0,79" ten="267,362,201,160" oya="3" hai0="84,82,45,87,78,35,95,96,9,108,99,76,69" hai1="118,131,105,51,65,53,81,55,11,19,25,32,29" hai2="56,14,1,93,46,66,63,67,121,133,6,70,42" hai3="97,52,98,18,7,26,12,34,59,114,60,92,13"/><W77/><G114/><T0/><D35/><U17/><E105/><V8/><F133/><W101/><G77/><T10/><D69/><U73/><E73/><V71/><F121/><W89/><G7/><T115/><D0/><U21/><E65/><V88/><F67/><W112/><G112/><T109/><D45/><U61/><E32/><V39/><REACH who="2" step="1"/><F1/><REACH who="2" ten="267,362,191,160" step="2"/><W16/><G34/><T20/><D115/><U68/><E118/><V120/><F120/><W116/><G116/><T57/><D109/><U5/><E131/><V41/><F41/><W23/><REACH who="3" step="1"/><G18/><REACH who="3" ten="267,362,191,150" step="2"/><T2/><D108/><U15/><E19/><V132/><F132/><W24/><G24/><T126/><D2/><U80/><E17/><V107/><F107/><AGARI ba="3,3" hai="12,13,16,23,26,52,59,60,89,92,97,98,101,107" machi="107" ten="30,18000,2" yaku="1,1,7,1,25,2,54,2,53,0" doraHai="79" doraHaiUra="28" who="3" fromWho="2" sc="267,0,362,0,191,-189,150,219" owari="267,-13.3,362,16.2,2,-49.8,369,46.9" /></mjloggm>