<mjloggm ver="2.3"><GO type="41" lobby="0"/><UN n0="%E3%81%8A%E7%8C%BF%E3%83%90%E3%83%8A%E3%83%8A" n1="%E2%93%9D%4C%75%63%6B%79%4A" n2="%46%41%52%45%57%45%4C%4C" n3="%2D%E2%96%B3%2D" dan="14,17,14,13" rate="1922.03,2150.57,1917.07,1985.17" sx="M,M,F,M"/><TAIKYOKU oya="0"/><INIT seed="0,0,0,5,2,47" ten="250,250,250,250" oya="0" hai0="93,109,71,76,8,120,13,52,18,115,36,113,41" hai1="2,49,0,5,132,84,23,98,64,53,74,11,87" hai2="27,58,67,122,96,15,55,72,123,51,43,17,91" hai3="61,106,117,29,34,7,127,73,100,97,104,107,63"/><T75/><D71/><U32/><E32/><V102/><F72/><W128/><G117/><T21/><D120/><U135/><E74/><V129/><F129/><W33/><G128/><T62/><D93/><U50/><E64/><V40/><F27/><W57/><G73/><T56/><D21/><U31/><E53/><V19/><F67/><W116/><G116/><T25/><D25/><N who="1" m="16831" /><E98/><V38/><F91/><W6/><G127/><T9/><D9/><U77/><E2/><V20/><F19/><W46/><G63/><T134/><D109/><U95/><E77/><V24/><F24/><W112/><G112/><T66/><D66/><U39/><E39/><V80/><F80/><W118/><G118/><T22/><D8/><U89/><E87/><V16/><F17/><W54/><G29/><T125/><D125/><U12/><E0/><V79/><F79/><W126/><G126/><T108/><D108/><U85/><E85/><V26/><F26/><W78/><G78/><T42/><D36/><U121/><E121/><V44/><REACH who="2" step="1"/><F40/><REACH who="2" ten="250,250,240,250" step="2"/><W1/><G6/><T68/><D113/><U70/><E70/><V10/><F10/><W81/><G81/><T14/><D115/><U130/><E130/><V59/><F59/><W48/><G7/><T4/><D68/><U30/><E30/><V86/><F86/><W119/><G119/><T114/><D114/><U131/><E131/><V35/><F35/><W101/><G34/><T88/><D75/><U103/><E103/><V133/><F133/><AGARI ba="0,1" hai="5,11,12,49,50,84,89,95,132,133,135" m="16831" machi="133" ten="30,3900,0" yaku="20,1,52,2" doraHai="47" who="1" fromWho="2" sc="250,0,250,49,240,-39,250,0" /><INIT seed="1,0,0,0,1,32" ten="250,299,201,250" oya="1" hai0="35,99,53,22,63,43,67,42,23,93,119,135,27" hai1="79,30,87,80,66,56,85,127,73,7,123,38,1" hai2="76,98,10,107,100,19,52,84,44,40,69,96,51" hai3="90,114,18,48,134,125,94,68,61,49,118,20,0"/><U113/><E123/><V102/><F69/><W104/><G114/><T75/><D119/><U50/><E113/><V77/><F84/><W13/><G104/><T71/><D75/><U132/><E132/><V11/><F40/><W95/><G118/><T108/><D108/><U111/><E30/><V83/><F19/><W81/><G134/><T121/><D121/><U106/><E106/><V37/><F37/><W46/><G125/><T82/><D82/><U54/><E127/><V91/><F91/><W97/><G68/><T116/><D116/><U124/><E124/><V62/><F62/><W74/><G61/><T89/><D135/><U55/><E66/><V21/><F21/><W64/><G64/><T45/><D35/><U110/><E55/><V8/><REACH who="2" step="1"/><F83/><REACH who="2" ten="250,299,191,250" step="2"/><W26/><G90/><T17/><D23/><U115/><E38/><V5/><F5/><W105/><G49/><T103/><D43/><U33/><E33/><V41/><F41/><W109/><G48/><T59/><D42/><U122/><E122/><V128/><F128/><W4/><G109/><N who="1" m="41482" /><E115/><V14/><F14/><W130/><G13/><T86/><D71/><U131/><E131/><V3/><F3/><W101/><G18/><T24/><D67/><U12/><E12/><V112/><F112/><W15/><G20/><T70/><D70/><U57/><E57/><V117/><F117/><W58/><G0/><T36/><D36/><U2/><E2/><V31/><F31/><W16/><G58/><T129/><D129/><U88/><E88/><V29/><F29/><W72/><G130/><T28/><D28/><RYUUKYOKU ba="0,1" sc="250,-15,299,15,191,15,250,-15" hai1="1,7,50,54,56,73,79,80,85,87" hai2="8,10,11,44,51,52,76,77,96,98,100,102,107" /><INIT seed="1,1,1,5,1,92" ten="235,314,206,235" oya="1" hai0="72,62,32,132,99,96,106,20,117,22,55,69,8" hai1="110,100,11,24,9,29,76,79,31,61,36,14,77" hai2="58,25,86,12,123,71,135,85,84,33,42,16,13" hai3="133,43,48,10,97,115,101,23,134,74,88,60,40"/><U121/><E121/><V94/><F71/><W125/><G74/><T7/><D72/><U39/><E100/><V90/><F135/><N who="3" m="51723" /><G115/><T91/><D106/><U49/><E49/><V34/><F42/><W73/><G73/><T95/><D32/><U124/><E124/><V64/><F123/><W130/><G125/><T128/><D69/><U108/><E61/><V131/><F131/><W112/><G130/><T67/><D67/><U82/><E82/><V6/><F13/><W5/><G112/><T111/><D117/><U118/><E24/><V2/><F64/><W3/><G60/><T57/><D111/><N who="1" m="42539" /><E14/><V46/><F46/><W51/><G23/><N who="0" m="8747" /><D132/><U75/><E75/><V28/><F34/><W83/><G48/><T30/><D128/><U4/><E4/><V38/><F38/><N who="1" m="14377" /><E118/><V15/><F15/><W68/><G51/><T89/><D7/><U35/><E35/><V120/><F120/><W102/><G68/><T104/><D104/><U119/><E119/><V122/><F122/><W81/><G102/><T109/><D109/><U50/><E50/><V21/><F58/><W54/><G101/><T59/><D57/><U70/><E70/><V113/><F113/><W98/><G83/><T116/><D116/><U114/><E114/><V45/><F45/><W18/><G81/><T0/><D59/><U105/><E105/><V103/><F103/><W44/><G3/><T41/><D62/><U56/><E56/><V17/><F17/><W93/><G5/><T63/><D0/><U129/><E129/><V19/><F19/><W78/><G18/><T27/><D63/><RYUUKYOKU ba="1,1" sc="235,-15,314,15,206,15,235,-15" hai1="9,11,29,31,76,77,79" hai2="2,6,12,16,21,25,28,33,84,85,86,90,94" /><INIT seed="1,2,1,3,0,52" ten="220,329,221,220" oya="1" hai0="127,2,135,67,100,86,49,7,47,92,68,60,91" hai1="120,26,114,13,23,51,80,88,125,17,3,105,108" hai2="61,65,89,20,90,103,124,11,44,34,116,6,102" hai3="74,111,21,16,48,25,22,126,77,70,40,128,24"/><U33/><E120/><V109/><F34/><W37/><G37/><T5/><D100/><U106/><E114/><V62/><F116/><W104/><G70/><T63/><D135/><U41/><E3/><V123/><F123/><W121/><G121/><T0/><D127/><U118/><E118/><V117/><F117/><W57/><G104/><T30/><D30/><U107/><E125/><V93/><F124/><W38/><G126/><T99/><D60/><U42/><E108/><V83/><F20/><W94/><G111/><T69/><D69/><U132/><E132/><V87/><F44/><W9/><G128/><T84/><D2/><U54/><E33/><V8/><F62/><W110/><G110/><T78/><D0/><U129/><E26/><V96/><F109/><W15/><G38/><T29/><D29/><U14/><E14/><V73/><F73/><W45/><G74/><T122/><D122/><U64/><E64/><V81/><F81/><W85/><G57/><T27/><D27/><N who="3" m="10313" /><G94/><T82/><D99/><U112/><E112/><V71/><F11/><W39/><G39/><T43/><AGARI ba="2,1" hai="5,7,43,47,49,63,67,68,78,82,84,86,91,92" machi="43" ten="20,1500,0" yaku="0,1,7,1" doraHai="52" who="0" fromWho="0" sc="220,31,329,-9,221,-6,220,-6" /><INIT seed="2,0,0,3,2,116" ten="251,320,215,214" oya="2" hai0="38,78,34,76,41,43,17,125,99,33,87,40,98" hai1="113,29,27,69,51,46,115,63,44,128,2,106,110" hai2="122,31,97,11,35,60,77,105,5,13,126,86,92" hai3="82,0,95,91,133,16,21,68,96,59,90,127,107"/><V72/><F126/><W55/><G68/><T3/><D87/><U25/><E2/><V94/><F72/><W7/><G127/><T30/><D30/><U47/><E106/><V42/><F105/><W36/><G36/><T132/><D3/><U67/><E27/><V73/><F73/><W15/><G133/><T134/><D17/><U104/><E104/><V57/><F42/><W120/><G120/><T9/><D9/><U28/><E29/><V61/><F122/><W20/><G107/><T48/><D48/><U80/><E110/><V37/><F37/><W111/><G111/><T84/><D84/><U109/><E128/><V130/><F130/><W93/><G82/><T1/><D1/><U124/><E109/><V108/><F108/><W6/><G21/><T12/><D12/><U65/><E67/><V64/><F35/><N who="0" m="13322" /><D125/><U100/><E100/><V89/><F31/><W71/><G71/><T123/><D123/><U4/><E4/><V18/><F61/><W45/><G45/><T62/><D62/><U24/><E25/><V58/><F5/><W75/><G75/><T49/><D49/><U119/><E51/><V85/><F77/><N who="0" m="29802" /><D38/><U50/><E50/><V23/><F57/><W52/><G0/><T32/><N who="0" m="13330" /><T26/><DORA hai="102" /><D26/><U135/><E24/><V70/><F70/><W74/><G74/><T10/><D10/><U118/><E28/><V117/><F117/><N who="1" m="44553" /><E124/><V8/><REACH who="2" step="1"/><F85/><REACH who="2" ten="251,320,205,214" step="2"/><N who="3" m="52431" /><G59/><T83/><D83/><U54/><E80/><V79/><F79/><W101/><G7/><T131/><D131/><U112/><E135/><AGARI ba="0,1" hai="40,41,43,98,99,132,134,135" m="29802,13330" machi="135" ten="50,6400,0" yaku="28,2,20,1" doraHai="116,102" who="0" fromWho="1" sc="251,74,320,-64,205,0,214,0" /><INIT seed="3,0,0,5,2,40" ten="325,256,205,214" oya="3" hai0="77,132,113,92,13,68,70,5,100,119,0,86,95" hai1="96,135,112,125,15,39,63,25,47,67,54,84,78" hai2="65,88,31,52,53,59,60,129,46,108,32,87,8" hai3="50,79,24,133,85,45,134,26,3,16,10,55,9"/><W126/><G126/><T75/><D119/><U49/><E112/><V37/><F108/><W76/><G3/><T123/><D0/><U98/><E125/><V91/><F129/><W89/><G134/><T82/><D132/><U22/><E39/><V74/><F74/><W90/><G133/><T2/><D123/><U101/><E135/><V80/><F8/><W104/><G104/><T62/><D2/><U14/><E84/><V94/><F32/><W73/><G73/><T66/><D70/><U33/><E78/><N who="3" m="29738" /><G90/><T41/><D113/><U71/><E33/><V36/><F31/><W111/><G111/><T12/><D75/><U20/><E22/><V120/><F120/><W38/><G38/><T115/><D115/><U72/><E72/><V35/><F35/><W4/><G4/><T99/><D5/><U34/><E34/><V83/><F83/><N who="3" m="49343" /><G10/><T11/><D11/><U44/><E98/><V122/><F122/><W127/><G127/><T130/><D130/><U58/><E15/><AGARI ba="0,0" hai="9,15,16,24,26,45,50,55" m="49343,29738" machi="15" ten="30,11600,0" yaku="25,1,8,1,52,1,54,1" doraHai="40" who="3" fromWho="1" sc="325,0,256,-116,205,0,214,116" /><INIT seed="3,1,0,3,0,21" ten="325,140,205,330" oya="3" hai0="66,133,76,6,2,114,4,10,87,53,56,47,101" hai1="96,30,12,68,93,103,74,129,19,34,60,22,111" hai2="59,118,125,38,64,36,113,89,119,121,77,97,27" hai3="75,107,55,105,15,57,49,124,48,43,79,8,131"/><W72/><G124/><T54/><D133/><U9/><E111/><V102/><F113/><W94/><G131/><T42/><D114/><U92/><E74/><V99/><F125/><W65/><G65/><T95/><D6/><U127/><E127/><V126/><F126/><W116/><G116/><T51/><D76/><U32/><E129/><V63/><F77/><W7/><G94/><T0/><D2/><U29/><E34/><V20/><F121/><W84/><G84/><T134/><D134/><U71/><E32/><V39/><F89/><W31/><G79/><T78/><D101/><U67/><E71/><V120/><F120/><W69/><G69/><T73/><D73/><U132/><E132/><V123/><F123/><W5/><G5/><T85/><D85/><U24/><REACH who="1" step="1"/><E93/><REACH who="1" ten="325,130,205,330" step="2"/><V83/><F83/><W52/><G75/><T61/><REACH who="0" step="1"/><D95/><REACH who="0" ten="315,130,205,330" step="2"/><U115/><E115/><V46/><F119/><W35/><G72/><T26/><D26/><U13/><E13/><V50/><F118/><W110/><G15/><T33/><D33/><U11/><E11/><V81/><F81/><AGARI ba="1,2" hai="0,4,10,42,47,51,53,54,56,61,66,78,81,87" machi="81" ten="40,1300,0" yaku="1,1,53,0" doraHai="21" doraHaiUra="128" who="0" fromWho="2" sc="315,36,130,0,205,-16,330,0" /><INIT seed="4,0,0,4,3,4" ten="351,130,189,330" oya="0" hai0="116,135,66,129,57,28,30,81,94,44,126,97,60" hai1="87,52,37,3,122,95,59,102,72,56,50,18,20" hai2="33,40,54,82,22,43,32,46,83,64,128,55,9" hai3="15,133,17,76,6,16,110,29,53,2,34,1,127"/><T89/><D116/><U13/><E122/><V63/><F128/><W65/><G65/><T38/><D129/><U80/><E37/><V24/><F33/><W48/><G76/><T115/><D135/><U114/><E3/><V119/><F32/><W73/><G110/><T88/><D126/><U25/><E72/><V61/><F119/><W101/><G73/><T105/><D105/><U103/><E114/><V118/><F118/><W130/><G101/><T58/><D115/><U49/><E95/><V79/><F43/><W8/><G130/><T86/><D38/><U107/><E107/><V111/><F111/><W23/><G127/><T39/><D39/><U71/><E71/><V67/><F67/><W91/><G133/><T31/><REACH who="0" step="1"/><D57/><REACH who="0" ten="341,130,189,330" step="2"/><U134/><E134/><V98/><F46/><AGARI ba="0,1" hai="28,30,31,44,46,58,60,66,81,86,88,89,94,97" machi="46" ten="40,12000,1" yaku="1,1,2,1,8,1,54,1,53,0" doraHai="4" doraHaiUra="5" who="0" fromWho="2" sc="341,130,130,0,189,-120,330,0" /><INIT seed="4,1,0,2,5,59" ten="471,130,69,330" oya="0" hai0="27,135,52,8,106,29,130,16,90,131,42,35,44" hai1="34,112,38,51,96,81,66,5,72,125,3,19,89" hai2="71,86,113,129,100,24,102,108,54,128,126,40,87" hai3="39,20,2,28,45,123,133,110,69,97,119,120,122"/><T7/><D106/><U134/><E38/><V23/><F71/><W121/><G2/><T0/><D90/><U85/><E34/><V98/><F40/><W26/><N who="3" m="30720" /><DORA hai="103" /><W80/><G110/><T21/><D135/><U118/><E72/><V88/><F108/><W93/><G119/><T65/><D65/><U76/><E125/><V92/><F126/><W94/><G133/><T64/><D64/><U114/><E19/><V63/><F113/><N who="1" m="43625" /><E51/><V77/><F129/><W109/><G109/><T58/><D44/><U30/><E30/><V53/><F128/><W47/><G80/><T36/><D42/><U91/><E66/><V78/><F87/><W10/><G69/><T104/><D36/><U6/><E3/><V67/><F77/><W37/><G10/><T50/><REACH who="0" step="1"/><D104/><REACH who="0" ten="461,130,69,330" step="2"/><U82/><E134/><V127/><F127/><W74/><G39/><T31/><D31/><U70/><E70/><V84/><F78/><W79/><G37/><T68/><D68/><U41/><E41/><V49/><F102/><N who="3" m="60719" /><G94/><T33/><D33/><U48/><E76/><V55/><F100/><W107/><G107/><T60/><D60/><U111/><E111/><V73/><F49/><W14/><G47/><T15/><AGARI ba="1,1" hai="0,7,8,15,16,21,27,29,35,50,52,58,130,131" machi="15" ten="30,24000,3" yaku="1,1,0,1,24,2,54,2,53,2" doraHai="59,103" doraHaiUra="1,11" who="0" fromWho="0" sc="461,253,130,-81,69,-81,330,-81" owari="714,81.4,49,-35.1,-12,-51.2,249,4.9" /></mjloggm>