<mjloggm ver="2.3"><GO type="41" lobby="0"/><UN n0="%E6%9D%A3%E3%81%AE%E5%A4%A9%E7%8B%97" n1="%4D%75%73%68%72%6F%6F%6D" n2="%E2%93%9D%4C%75%63%6B%79%4A" n3="%E3%81%9F%E3%81%8B%E3%81%AF%E3%81%97%E3%81%AA%E3%81%AA%E3%81%BF" dan="15,14,17,14" rate="1983.81,2006.40,2183.61,1967.92" sx="M,M,M,F"/><TAIKYOKU oya="0"/><INIT seed="0,0,0,4,0,85" ten="250,250,250,250" oya="0" hai0="43,58,45,90,22,113,20,109,111,3,19,124,88" hai1="95,24,51,9,122,36,25,48,87,123,17,10,132" hai2="8,106,18,32,129,55,102,75,5,114,72,107,65" hai3="119,117,30,126,53,130,116,39,103,37,112,69,15"/><T82/><D113/><U134/><E87/><V59/><F114/><W108/><G112/><T71/><D71/><U6/><E95/><V2/><F32/><W135/><G103/><T99/><D3/><U105/><E105/><V118/><F129/><W34/><G15/><N who="0" m="9343" /><D124/><U121/><E36/><V93/><F65/><W23/><G23/><T49/><D82/><U120/><N who="1" m="30720" /><DORA hai="54" /><U96/><E96/><V125/><F118/><W76/><G76/><T70/><D70/><U79/><E79/><V78/><F18/><W80/><G80/><T84/><D99/><U115/><E115/><V12/><F2/><W0/><G0/><T56/><D22/><U35/><E35/><V14/><F125/><W73/><G69/><T91/><D84/><U1/><E17/><V98/><F14/><W133/><G73/><T97/><D97/><U110/><E110/><AGARI ba="0,0" hai="43,45,49,56,58,88,90,91,109,110,111" m="9343" machi="110" ten="30,24000,3" yaku="14,1,10,1,52,5,54,1" doraHai="85,54" who="0" fromWho="1" sc="250,240,250,-240,250,0,250,0" /><INIT seed="0,1,0,5,2,43" ten="490,10,250,250" oya="0" hai0="79,35,107,49,103,19,10,11,9,121,63,76,36" hai1="27,42,29,48,2,6,126,114,112,89,101,115,66" hai2="117,84,109,120,135,5,131,102,133,57,20,129,53" hai3="54,87,4,37,58,123,62,39,78,40,0,85,99"/><T24/><D36/><U90/><E101/><V124/><F5/><W77/><G123/><T68/><D121/><U65/><E126/><V25/><F120/><W83/><G0/><T55/><D19/><U106/><E106/><V97/><F84/><W50/><G4/><T23/><D35/><U61/><E2/><V46/><F109/><W52/><G99/><T67/><D103/><U30/><E6/><V14/><F14/><W1/><G40/><T51/><D107/><U44/><E65/><V45/><F117/><W18/><G18/><T92/><D92/><U118/><E118/><V12/><F12/><W105/><G1/><T17/><REACH who="0" step="1"/><D51/><REACH who="0" ten="480,10,250,250" step="2"/><U95/><E95/><N who="2" m="58687" /><F124/><W7/><G105/><T74/><D74/><U98/><E98/><V134/><F131/><W128/><G128/><T22/><D22/><N who="1" m="15607" /><E30/><N who="2" m="17703" /><F129/><W56/><G7/><T104/><D104/><U110/><E110/><V71/><F71/><AGARI ba="1,1" hai="42,44,48,61,66,71,89,90,112,114,115" m="15607" machi="71" ten="30,2000,0" yaku="11,1,52,1" doraHai="43" who="1" fromWho="2" sc="480,0,10,33,250,-23,250,0" /><INIT seed="1,0,0,1,4,109" ten="480,43,227,250" oya="1" hai0="115,9,87,48,118,27,53,101,68,71,40,51,102" hai1="108,38,126,114,2,17,50,46,134,105,91,77,117" hai2="5,29,11,81,98,28,95,84,13,128,6,26,10" hai3="97,75,132,106,7,63,49,61,76,42,74,72,113"/><U54/><E114/><V67/><F128/><W130/><G130/><T73/><D73/><U70/><E117/><V129/><F129/><W36/><G113/><T37/><D115/><U93/><E108/><V80/><F67/><W79/><G132/><T45/><D118/><U69/><E134/><V119/><F119/><W65/><G36/><T112/><D112/><U96/><E126/><V66/><F66/><W78/><G7/><T89/><D48/><U15/><E2/><V88/><F81/><W110/><G110/><T62/><D27/><U85/><E38/><V35/><F29/><W99/><G106/><T122/><D9/><U94/><E105/><V20/><F35/><W14/><G14/><T12/><D12/><U60/><E60/><V56/><F56/><W120/><G120/><T83/><D122/><U1/><E1/><V3/><REACH who="2" step="1"/><F80/><REACH who="2" ten="480,43,217,250" step="2"/><W125/><G65/><N who="0" m="41015" /><D71/><U90/><REACH who="1" step="1"/><E77/><REACH who="1" ten="480,33,217,250" step="2"/><V31/><F31/><W116/><G78/><T64/><D64/><U19/><E19/><V25/><F25/><W21/><G79/><T23/><D37/><U104/><E104/><V100/><F100/><W59/><G76/><T41/><D102/><U82/><E82/><V135/><F135/><W16/><G116/><T123/><D101/><U133/><E133/><V47/><F47/><W22/><G75/><T103/><D103/><U33/><E33/><V55/><F55/><W30/><G74/><T111/><D53/><U121/><E121/><V32/><F32/><W92/><G72/><T39/><D45/><U18/><E18/><V58/><F58/><W52/><G59/><RYUUKYOKU ba="0,2" sc="480,-15,33,15,217,15,250,-15" hai1="15,17,46,50,54,69,70,85,90,91,93,94,96" hai2="3,5,6,10,11,13,20,26,28,84,88,95,98" /><INIT seed="1,1,2,3,0,92" ten="465,48,232,235" oya="1" hai0="37,2,134,110,42,114,97,52,4,82,22,70,62" hai1="111,117,67,126,29,90,56,6,17,13,94,118,81" hai2="25,64,107,30,38,44,133,7,115,80,35,43,72" hai3="119,76,57,132,20,69,123,105,74,96,120,61,95"/><U16/><E126/><V104/><F115/><W84/><G132/><T48/><D114/><U28/><E111/><V21/><F21/><W135/><G135/><T71/><D134/><U49/><E118/><V102/><F133/><W27/><G69/><T99/><D110/><U108/><E117/><V15/><F64/><W47/><G105/><T58/><D71/><U46/><E108/><V87/><F72/><W19/><G74/><T86/><D22/><U79/><E56/><V54/><F54/><W45/><G119/><T66/><D4/><U91/><E67/><V103/><F107/><W3/><G3/><T34/><D2/><U53/><E6/><V11/><REACH who="2" step="1"/><F104/><REACH who="2" ten="465,48,222,235" step="2"/><W39/><G123/><T100/><D34/><U122/><E122/><V5/><F5/><W113/><G120/><T125/><D125/><U73/><E17/><V65/><F65/><W83/><G113/><T24/><D24/><U51/><E94/><V41/><F41/><W85/><G39/><T36/><D36/><U59/><E28/><V75/><F75/><W124/><G124/><T112/><D112/><U106/><E29/><V55/><F55/><W9/><G9/><T127/><D127/><U33/><E33/><V68/><F68/><W63/><G19/><T109/><D109/><U0/><E106/><V131/><F131/><W10/><G10/><T93/><D37/><U40/><REACH who="1" step="1"/><E0/><REACH who="1" ten="465,38,222,235" step="2"/><V50/><F50/><W130/><G130/><T116/><D116/><U128/><E128/><V1/><F1/><W98/><G95/><T121/><D93/><U18/><E18/><V26/><F26/><RYUUKYOKU ba="1,4" sc="465,-15,38,15,222,15,235,-15" hai1="13,16,40,46,49,51,53,59,73,79,81,90,91" hai2="7,11,15,25,30,35,38,43,44,80,87,102,103" /><INIT seed="1,2,4,1,0,90" ten="450,53,237,220" oya="1" hai0="33,92,134,12,114,20,39,10,58,118,25,17,59" hai1="119,127,115,30,78,69,103,123,41,47,81,44,27" hai2="83,13,38,5,116,117,28,77,133,46,3,42,60" hai3="24,19,109,54,4,124,53,85,37,131,2,32,0"/><U107/><E119/><V49/><F13/><W106/><G109/><T113/><D118/><U70/><E115/><V21/><F49/><W98/><G124/><T22/><D39/><U9/><E127/><V128/><F128/><W108/><G108/><T26/><D134/><U18/><E123/><V36/><F38/><W61/><G37/><T93/><D10/><U80/><E80/><V82/><F83/><W11/><G0/><T101/><D101/><U31/><E31/><V29/><F60/><W111/><G111/><T130/><D12/><U120/><E18/><V100/><F100/><W97/><G131/><T14/><D14/><U104/><E9/><N who="2" m="2239" /><F133/><W62/><G106/><T79/><D130/><U126/><E126/><V89/><F89/><W121/><G121/><T50/><D50/><U64/><E120/><V94/><F94/><W45/><G62/><T55/><D79/><U125/><E125/><V74/><F29/><W63/><G61/><T6/><D6/><U57/><E57/><V68/><F68/><N who="1" m="26217" /><E64/><V51/><F51/><W66/><G66/><T23/><D33/><N who="1" m="20703" /><E103/><V16/><F16/><W88/><G63/><T75/><D17/><U76/><E76/><V84/><F84/><W34/><G19/><T132/><D132/><U86/><E47/><V129/><F129/><W8/><G45/><T112/><D75/><U135/><E135/><V65/><F65/><W67/><G67/><T43/><D43/><U122/><E122/><V102/><F102/><W48/><G48/><N who="0" m="31079" /><D59/><U15/><E15/><V40/><F42/><W87/><G34/><T71/><D71/><RYUUKYOKU ba="2,4" sc="450,10,53,10,237,10,220,-30" hai0="20,22,23,25,26,92,93,112,113,114" hai1="41,44,78,81,86,104,107" hai2="21,28,36,40,46,74,77,82,116,117" /><INIT seed="1,3,4,0,0,98" ten="460,63,247,190" oya="1" hai0="114,120,55,49,89,65,130,12,69,35,127,88,103" hai1="54,80,24,32,7,131,50,83,21,27,20,75,94" hai2="66,67,64,45,26,40,101,70,73,31,59,129,92" hai3="0,19,46,135,108,3,116,97,91,25,78,102,30"/><U113/><E113/><V71/><F73/><W81/><G108/><T90/><D114/><U82/><E131/><V117/><F117/><W86/><G116/><T107/><D127/><U84/><E7/><V132/><F129/><W42/><G135/><T17/><D35/><U14/><E75/><V95/><F59/><W124/><G19/><T39/><D39/><U6/><E32/><V105/><F105/><W119/><G119/><T16/><D130/><U38/><E38/><V104/><F104/><W36/><G91/><T128/><D128/><U9/><E94/><V63/><F95/><W53/><G53/><T4/><D69/><U13/><E84/><V74/><F74/><W8/><G8/><N who="0" m="4103" /><D107/><U62/><E62/><V56/><F132/><W34/><G124/><T96/><D65/><U44/><REACH who="1" step="1"/><E13/><REACH who="1" ten="460,53,247,190" step="2"/><V110/><F71/><W18/><G18/><T100/><D120/><U134/><E134/><V15/><F15/><W11/><G3/><T68/><D96/><U29/><E29/><V111/><F31/><W41/><G0/><T76/><D68/><U126/><E126/><V121/><F70/><W5/><G97/><T10/><D17/><U118/><E118/><V48/><F121/><W109/><G5/><T23/><D10/><U87/><E87/><V93/><F111/><W51/><G11/><T58/><D76/><U61/><E61/><V115/><F115/><W85/><G85/><T37/><D37/><U122/><E122/><V72/><F72/><W47/><G109/><T123/><D123/><U112/><E112/><V2/><F110/><W22/><G34/><RYUUKYOKU ba="3,5" sc="460,10,53,10,247,-30,190,10" hai0="16,23,49,55,58,88,89,90,100,103" hai1="6,9,14,20,21,24,27,44,50,54,80,82,83" hai3="22,25,30,36,41,42,46,47,51,78,81,86,102" /><INIT seed="1,4,5,2,3,128" ten="470,63,217,200" oya="1" hai0="55,34,13,104,115,22,31,132,10,36,68,23,131" hai1="95,84,35,88,33,41,82,21,37,114,86,20,67" hai2="50,56,46,61,74,8,63,97,43,65,52,54,122" hai3="129,75,80,77,98,102,32,117,78,44,123,119,90"/><U111/><E114/><V101/><F74/><W3/><G123/><T57/><D115/><U103/><E111/><V2/><F122/><W116/><G129/><T19/><D68/><U135/><E135/><V112/><F112/><W29/><G3/><T93/><D104/><U51/><E37/><V94/><F2/><W28/><G32/><T87/><D36/><U6/><E67/><V99/><F8/><W121/><G121/><T89/><D131/><U105/><E105/><V81/><F81/><N who="3" m="45247" /><G44/><T39/><D132/><U127/><E127/><V48/><F99/><W118/><N who="3" m="29696" /><DORA hai="47" /><W40/><G40/><T30/><D39/><U38/><E38/><V72/><F72/><N who="3" m="43079" /><G90/><T26/><REACH who="0" step="1"/><D31/><REACH who="0" ten="460,63,217,200" step="2"/><U18/><E6/><V60/><REACH who="2" step="1"/><F43/><REACH who="2" ten="460,63,207,200" step="2"/><W27/><G29/><T108/><D108/><U14/><E41/><V120/><F120/><W59/><G28/><T4/><D4/><U110/><E110/><V73/><F73/><W42/><G42/><T5/><D5/><U12/><E18/><V96/><F96/><W125/><G98/><T79/><D79/><U70/><E33/><V85/><F85/><W24/><G125/><T66/><D66/><AGARI ba="4,7" hai="46,48,50,52,54,56,60,61,63,65,66,94,97,101" machi="66" ten="40,8000,1" yaku="1,1,8,1,52,2,54,1,53,0" doraHai="128,47" doraHaiUra="83,113" who="2" fromWho="0" sc="460,-92,63,0,207,162,200,0" /><INIT seed="2,0,0,1,0,29" ten="368,63,369,200" oya="2" hai0="73,24,115,3,66,26,40,99,21,54,79,36,91" hai1="4,5,102,93,95,67,28,124,82,125,44,13,111" hai2="64,51,103,113,7,58,97,25,10,94,56,35,130" hai3="16,120,59,33,86,75,49,101,34,2,68,80,37"/><V69/><F113/><W17/><G120/><T131/><D115/><U63/><E111/><V39/><F39/><W134/><G37/><T122/><D122/><U133/><E133/><V121/><F121/><W71/><G75/><T52/><D3/><U32/><E44/><V20/><F130/><W9/><G134/><T129/><D66/><U57/><E82/><V0/><F35/><W118/><G118/><T62/><D79/><U31/><E31/><V74/><F74/><W41/><G101/><T14/><D73/><U70/><E57/><V85/><F85/><W106/><G106/><T50/><D62/><U15/><E95/><V81/><F81/><W107/><G107/><T127/><D127/><U77/><E77/><V61/><REACH who="2" step="1"/><F51/><REACH who="2" ten="368,63,359,200" step="2"/><W119/><G86/><T135/><D36/><U116/><E116/><V100/><F100/><W72/><G80/><T45/><D135/><U98/><E15/><V11/><F11/><W114/><G72/><T53/><D131/><U46/><E46/><V60/><F60/><W18/><G119/><T43/><D129/><U1/><E13/><V108/><F108/><W19/><G2/><T55/><N who="0" m="13312" /><DORA hai="22" /><T27/><D50/><U48/><E48/><V78/><F78/><W90/><G49/><T128/><D128/><U6/><REACH who="1" step="1"/><E1/><REACH who="1" ten="368,53,359,200" step="2"/><V8/><F8/><W132/><G9/><T126/><D45/><U38/><E38/><V83/><F83/><W88/><G132/><T76/><D76/><U23/><E23/><V96/><F96/><W42/><G33/><T87/><D99/><U112/><E112/><V30/><AGARI ba="0,2" hai="0,7,10,20,25,30,56,58,61,64,69,94,97,103" machi="30" ten="20,12000,1" yaku="1,1,5,1,0,1,7,1,52,1,53,0" doraHai="29,22" doraHaiUra="109,123" who="2" fromWho="2" sc="368,-40,53,-40,359,140,200,-40" /><INIT seed="2,1,0,2,1,51" ten="328,13,499,160" oya="2" hai0="122,17,49,68,35,31,120,92,48,59,5,102,11" hai1="37,83,52,4,53,127,10,3,39,118,126,106,125" hai2="129,64,81,57,56,73,65,75,85,76,134,112,33" hai3="132,63,2,82,96,13,78,74,8,46,91,42,61"/><V30/><F112/><W69/><G2/><T36/><D36/><N who="1" m="13899" /><E106/><V105/><F129/><W15/><G132/><T27/><D68/><U28/><E28/><V88/><F134/><W98/><G15/><T24/><D49/><U66/><E66/><V45/><F105/><W114/><G114/><T18/><D18/><U116/><E83/><V44/><F33/><W20/><G20/><T119/><D119/><AGARI ba="1,0" hai="3,4,10,52,53,116,118,119,125,126,127" m="13899" machi="119" ten="40,8000,1" yaku="18,1,52,2,54,1" doraHai="51" who="1" fromWho="0" sc="328,-83,13,83,499,0,160,0" /><INIT seed="3,0,0,4,1,121" ten="245,96,499,160" oya="3" hai0="58,104,108,74,127,85,110,109,41,84,130,31,9" hai1="29,112,56,17,51,91,89,52,15,86,46,77,22" hai2="5,93,72,111,12,118,36,100,132,49,42,71,21" hai3="135,96,80,69,102,43,1,39,7,6,60,76,32"/><W66/><G135/><T27/><D74/><U0/><E112/><V16/><F118/><W81/><G32/><N who="0" m="20607" /><D104/><U63/><E0/><V11/><F71/><W83/><G1/><T92/><D130/><U94/><E29/><V120/><F36/><W3/><G3/><T125/><D41/><U124/><E124/><N who="0" m="47689" /><D9/><U119/><E119/><V38/><F72/><W35/><G35/><T114/><D114/><U54/><E89/><V28/><F38/><W26/><G26/><T33/><D33/><U68/><E68/><V90/><F120/><W101/><G76/><AGARI ba="0,0" hai="15,17,22,46,51,52,54,56,63,76,77,86,91,94" machi="76" ten="40,2600,0" yaku="8,1,54,1" doraHai="121" who="1" fromWho="3" sc="245,0,96,26,499,0,160,-26" /><INIT seed="4,0,0,0,0,64" ten="245,122,499,134" oya="0" hai0="87,112,92,46,113,77,18,51,68,33,96,125,123" hai1="85,55,79,4,45,16,102,42,101,76,38,121,35" hai2="6,117,7,122,107,131,83,11,86,108,73,84,52" hai3="80,50,19,17,63,129,56,70,111,44,13,104,130"/><T99/><D123/><U115/><E121/><V36/><F122/><W3/><G111/><T120/><D120/><U27/><E4/><V10/><F108/><W31/><G3/><T54/><D125/><U78/><E115/><N who="0" m="44105" /><D33/><U23/><E35/><V15/><F107/><W47/><G31/><T114/><N who="0" m="44113" /><T119/><DORA hai="62" /><D119/><U12/><E27/><V133/><F36/><W1/><G1/><T24/><D68/><U58/><REACH who="1" step="1"/><E85/><REACH who="1" ten="245,112,499,134" step="2"/><V66/><F86/><W37/><G129/><T103/><D99/><U2/><E2/><V124/><F84/><W126/><G130/><T72/><D87/><U59/><E59/><V5/><F131/><W88/><G56/><T134/><D134/><U69/><E69/><V49/><F133/><W8/><G70/><T135/><D135/><U53/><E53/><V32/><F32/><W9/><G126/><T105/><D24/><U89/><E89/><V118/><F124/><W95/><G80/><N who="0" m="45095" /><D18/><U74/><E74/><V82/><F73/><W98/><G19/><T48/><D48/><AGARI ba="0,1" hai="12,16,23,38,42,45,48,55,58,76,78,79,101,102" machi="48" ten="40,5200,0" yaku="1,1,54,1,53,1" doraHai="64,62" doraHaiUra="43,90" who="1" fromWho="0" sc="245,-52,112,62,499,0,134,0" /><INIT seed="5,0,0,3,1,105" ten="193,174,499,134" oya="1" hai0="64,36,21,127,54,102,0,107,22,50,7,104,58" hai1="3,122,27,44,33,91,118,4,77,19,93,114,68" hai2="106,75,85,45,95,52,125,65,94,51,120,71,39" hai3="128,9,88,96,17,130,78,56,79,92,119,28,53"/><U134/><E118/><V83/><F120/><W100/><G119/><T10/><D36/><U108/><E122/><V61/><F106/><W6/><G28/><T117/><D117/><U38/><E114/><V70/><F125/><W89/><G17/><T109/><D109/><U124/><E124/><V98/><F71/><W41/><G41/><T59/><D127/><U23/><E134/><V121/><F121/><W113/><G113/><T35/><D35/><U2/><E108/><V80/><F39/><W69/><G69/><T48/><D102/><U37/><E68/><V74/><F83/><W26/><G26/><T72/><D72/><U123/><E123/><V31/><F31/><W30/><G30/><T25/><D22/><U47/><E33/><V67/><F67/><W5/><G79/><T101/><D101/><U76/><E37/><V86/><F86/><W111/><G78/><T42/><D64/><U13/><E2/><V16/><F16/><W60/><G111/><T82/><D82/><U46/><E38/><V40/><F40/><W29/><G29/><N who="0" m="17583" /><D42/><U11/><REACH who="1" step="1"/><E3/><REACH who="1" ten="193,164,499,134" step="2"/><V32/><F32/><W20/><G130/><T63/><D0/><U115/><E115/><V55/><F70/><W1/><G128/><T62/><D104/><U14/><E14/><V12/><F12/><W90/><G6/><T129/><D107/><U112/><E112/><V81/><F75/><W99/><G5/><T131/><D129/><U87/><AGARI ba="0,1" hai="4,11,13,19,23,27,44,46,47,76,77,87,91,93" machi="87" ten="30,6000,0" yaku="1,1,0,1,8,1,53,0" doraHai="105" doraHaiUra="97" who="1" fromWho="1" sc="193,-20,164,70,499,-20,134,-20" /><INIT seed="5,1,0,4,3,27" ten="173,234,479,114" oya="1" hai0="39,117,80,7,120,12,20,135,71,125,106,35,103" hai1="17,65,21,41,88,54,113,75,116,104,128,131,91" hai2="114,63,129,84,85,1,16,57,15,64,78,52,101" hai3="123,3,25,30,118,9,14,111,83,43,70,33,86"/><U82/><E116/><V60/><F1/><W2/><G70/><T127/><D117/><U112/><E104/><V110/><F110/><W94/><G118/><T49/><D39/><U4/><E65/><V81/><F129/><N who="1" m="49737" /><E41/><V51/><F114/><N who="1" m="44137" /><E4/><V47/><F101/><W124/><G124/><T32/><D71/><U79/><E54/><V62/><REACH who="2" step="1"/><F85/><REACH who="2" ten="173,234,469,114" step="2"/><W26/><G111/><T38/><D103/><U31/><E31/><V93/><F93/><W87/><G94/><T34/><D106/><U40/><E40/><V69/><F69/><W6/><G43/><T45/><D125/><U97/><E97/><V108/><F108/><W18/><G87/><T8/><D127/><U28/><E28/><V121/><F121/><W77/><REACH who="3" step="1"/><G123/><REACH who="3" ten="173,234,469,104" step="2"/><T72/><D120/><U130/><E130/><V56/><F56/><W37/><G37/><T119/><D38/><U67/><E75/><V92/><F92/><W29/><G29/><T13/><D119/><U76/><E82/><V46/><F46/><W102/><G102/><T89/><D72/><U133/><E133/><V115/><F115/><W99/><G99/><T122/><D135/><U105/><E105/><V0/><F0/><W132/><G132/><T107/><D122/><U50/><E50/><V48/><F48/><W44/><G44/><T5/><D107/><U68/><E68/><V134/><F134/><W53/><G53/><T90/><D80/><U95/><E67/><V61/><F61/><W73/><G73/><T11/><D49/><U66/><E95/><V96/><F96/><W100/><G100/><T23/><D45/><RYUUKYOKU ba="1,2" sc="173,10,234,-30,469,10,104,10" hai0="5,7,8,11,12,13,20,23,32,34,35,89,90" hai2="15,16,47,51,52,57,60,62,63,64,78,81,84" hai3="2,3,6,9,14,18,25,26,30,33,77,83,86" /><INIT seed="6,2,2,0,5,15" ten="183,204,479,114" oya="2" hai0="32,59,75,79,35,95,105,119,4,106,68,57,123" hai1="10,36,14,133,1,7,85,73,111,108,16,90,20" hai2="103,44,50,45,82,29,53,112,18,48,102,42,132" hai3="83,91,126,67,77,11,21,41,121,31,88,134,117"/><V110/><F110/><W125/><G117/><T118/><D123/><U107/><E133/><V84/><F132/><W40/><G134/><T25/><D68/><U120/><E120/><V74/><F74/><W72/><G121/><T78/><D4/><U65/><E73/><V69/><F69/><W22/><G67/><T87/><D25/><U92/><E36/><V43/><F112/><W62/><G62/><T30/><D30/><U122/><E122/><V27/><F53/><W38/><G11/><T66/><D95/><U3/><E107/><V6/><F6/><W8/><G8/><T56/><D87/><U130/><E65/><V12/><F27/><W5/><G5/><T13/><D13/><U86/><E1/><V51/><F51/><W124/><G31/><T54/><D54/><U93/><E130/><V0/><F0/><W76/><G38/><T60/><D66/><U61/><E61/><V23/><F29/><W58/><G58/><T89/><D89/><AGARI ba="2,2" hai="3,7,10,14,16,20,85,86,89,90,92,93,108,111" machi="89" ten="40,5200,0" yaku="9,1,52,1,54,1" doraHai="15" who="1" fromWho="0" sc="183,-58,204,78,479,0,114,0" /><AGARI ba="2,0" hai="12,18,23,42,43,44,45,48,50,82,84,89,102,103" machi="89" ten="30,11600,0" yaku="7,1,9,1,8,1,52,1" doraHai="15" who="2" fromWho="0" sc="125,-116,282,0,479,116,114,0" /><INIT seed="6,3,0,5,2,48" ten="9,282,595,114" oya="2" hai0="35,90,86,95,6,45,22,110,26,72,39,91,76" hai1="93,117,3,70,29,119,49,47,37,50,99,7,30" hai2="78,114,121,134,64,108,12,96,118,97,67,94,56" hai3="5,66,65,77,58,84,43,98,44,113,11,18,102"/><V106/><F121/><W120/><G120/><T124/><D110/><U62/><E37/><V79/><F118/><W40/><G18/><T105/><D35/><U73/><E73/><V85/><F114/><W24/><G24/><T132/><D124/><U82/><E82/><V92/><F106/><W46/><G113/><T13/><D105/><U75/><E75/><V15/><F56/><W89/><G77/><T38/><D132/><U36/><E36/><V68/><F68/><W100/><G58/><T21/><D90/><U74/><E74/><V127/><F127/><W103/><G98/><T54/><D76/><U34/><E70/><V107/><F107/><W81/><G43/><T109/><D72/><U59/><E3/><V112/><F112/><W126/><G44/><T63/><D109/><U125/><E7/><V28/><F28/><W32/><G32/><T135/><D135/><U60/><E125/><V116/><F116/><W104/><G104/><T115/><D115/><U4/><E4/><V80/><F108/><W14/><G126/><T111/><D111/><U69/><E69/><V133/><F85/><W27/><G27/><T42/><D39/><U31/><E34/><V1/><F80/><W20/><G20/><T33/><D33/><U87/><E87/><V130/><F1/><W10/><G10/><N who="0" m="4311" /><D26/><U16/><E119/><V61/><F61/><N who="1" m="23657" /><E117/><V2/><F2/><W17/><G5/><T131/><D131/><AGARI ba="3,0" hai="12,15,64,67,78,79,92,94,96,97,130,131,133,134" machi="131" ten="25,2400,0" yaku="22,2" doraHai="48" who="2" fromWho="0" sc="9,-33,282,0,595,33,114,0" owari="-24,-52.4,282,8.2,628,72.8,114,-28.6" /></mjloggm>