<mjloggm ver="2.3"><GO type="41" lobby="0"/><UN n0="%54%68%65%6D%69%73" n1="%E3%83%95%E3%82%AF%E3%82%BF%E3%83%AD%E3%83%BC" n2="%E2%93%9D%4C%75%63%6B%79%4A" n3="%74%61%63%68%79%6F%6E%30" dan="13,14,16,14" rate="1974.05,1807.47,2168.66,1937.97" sx="F,M,M,M"/><TAIKYOKU oya="0"/><INIT seed="0,0,0,1,2,115" ten="250,250,250,250" oya="0" hai0="3,6,93,38,2,101,36,32,76,8,123,66,91" hai1="97,43,83,50,11,125,68,53,112,12,59,69,130" hai2="132,89,49,131,121,41,108,7,19,107,18,31,88" hai3="90,87,58,10,92,105,111,133,127,40,28,47,70"/><T17/><D123/><U104/><E112/><V51/><F121/><W96/><G70/><T77/><D3/><U100/><E130/><V16/><F107/><W45/><G111/><T128/><D128/><U29/><E125/><V106/><F131/><W109/><G109/><T15/><D101/><U5/><E29/><V25/><F108/><W27/><G127/><T102/><D102/><U129/><E129/><V23/><F106/><W119/><G119/><T64/><D32/><U52/><E43/><V20/><F7/><W61/><G133/><T24/><D38/><U56/><REACH who="1" step="1"/><E83/><REACH who="1" ten="250,240,250,250" step="2"/><V103/><F132/><W37/><G40/><T81/><D36/><U118/><E118/><V78/><F41/><W34/><G37/><T22/><D2/><U79/><E79/><N who="0" m="30281" /><D81/><U67/><E67/><V57/><F78/><W13/><G105/><T126/><D126/><U75/><E75/><V116/><F116/><W72/><G72/><T95/><D95/><U86/><E86/><AGARI ba="0,1" hai="6,8,15,17,22,24,64,66,86,91,93" m="30281" machi="86" ten="30,1500,0" yaku="8,1" doraHai="115" who="0" fromWho="1" sc="250,25,240,-15,250,0,250,0" /><INIT seed="0,1,0,2,4,16" ten="275,225,250,250" oya="0" hai0="65,96,28,11,123,78,126,92,19,14,121,17,107" hai1="29,24,18,116,76,118,4,5,125,59,37,93,7" hai2="80,120,130,128,134,67,69,103,62,91,52,38,12" hai3="8,64,84,110,111,83,26,45,106,104,119,79,39"/><T35/><D107/><U97/><E125/><V113/><F103/><W51/><G39/><T10/><D126/><U101/><E37/><V9/><F113/><W129/><G119/><T58/><D78/><U20/><E76/><V50/><F38/><W117/><G117/><T6/><D35/><U124/><E124/><V15/><F120/><W72/><G72/><T133/><D133/><U48/><REACH who="1" step="1"/><E29/><REACH who="1" ten="275,215,250,250" step="2"/><V33/><F134/><W41/><G129/><N who="2" m="49769" /><F33/><W127/><G127/><T61/><D28/><U86/><E86/><N who="2" m="50631" /><F9/><W30/><G8/><T21/><D11/><U27/><E27/><V98/><F98/><W53/><G64/><T88/><REACH who="0" step="1"/><D17/><REACH who="0" ten="265,215,250,250" step="2"/><U32/><E32/><V112/><F112/><W0/><G104/><T70/><D70/><U87/><E87/><V100/><F100/><W77/><G106/><T63/><D63/><U89/><E89/><V85/><F85/><W115/><G115/><T42/><D42/><U74/><E74/><V131/><F131/><W95/><G41/><T135/><D135/><U108/><E108/><V68/><F69/><W46/><G77/><T22/><D22/><U25/><E25/><AGARI ba="1,2" hai="6,10,14,19,21,25,58,61,65,88,92,96,121,123" machi="25" ten="30,11600,0" yaku="1,1,7,1,52,1,54,1,53,0" doraHai="16" doraHaiUra="109" who="0" fromWho="1" sc="265,139,215,-119,250,0,250,0" /><INIT seed="0,2,0,2,2,80" ten="404,96,250,250" oya="0" hai0="118,15,37,81,75,127,1,57,32,97,78,134,72" hai1="40,42,70,98,112,46,50,107,8,92,101,119,34" hai2="131,113,22,52,31,73,85,117,102,71,2,74,35" hai3="20,126,39,82,133,11,83,124,91,10,109,132,55"/><T28/><D118/><U41/><E119/><V105/><F117/><W5/><G39/><T108/><D1/><U61/><E112/><V69/><F22/><W29/><G55/><T110/><D37/><U125/><E125/><N who="3" m="48234" /><G91/><T122/><D122/><U104/><E34/><V26/><F131/><W24/><G83/><T30/><D134/><N who="3" m="51817" /><G82/><T99/><D127/><U123/><E123/><V76/><F113/><W54/><G54/><T17/><D57/><U77/><E77/><V38/><F38/><W56/><G56/><T12/><D12/><U44/><E8/><N who="3" m="3114" /><G109/><N who="0" m="42091" /><D75/><U25/><E25/><V9/><F74/><W84/><G84/><N who="0" m="48183" /><D32/><U45/><REACH who="1" step="1"/><E50/><REACH who="1" ten="404,86,250,250" step="2"/><V115/><F35/><W65/><G65/><AGARI ba="2,1" hai="40,41,42,44,45,46,61,65,70,92,98,101,104,107" machi="65" ten="40,2600,0" yaku="1,1,2,1,53,0" doraHai="80" doraHaiUra="13" who="1" fromWho="3" sc="404,0,86,42,250,0,250,-32" /><INIT seed="1,0,0,1,0,81" ten="404,128,250,218" oya="1" hai0="133,102,2,35,55,12,73,70,111,83,54,5,72" hai1="39,6,101,38,135,8,57,87,16,4,21,79,128" hai2="85,18,63,53,134,29,94,80,109,25,42,44,88" hai3="3,65,49,82,11,48,123,117,52,0,51,116,104"/><U119/><E119/><N who="3" m="45642" /><G104/><T28/><D70/><U106/><E128/><V131/><F131/><W20/><G123/><T114/><D114/><U7/><E135/><V40/><F109/><W30/><G65/><T13/><D111/><U126/><E126/><V118/><F118/><W75/><G11/><T43/><D43/><U84/><E79/><V122/><F122/><W124/><G124/><T89/><D2/><N who="3" m="553" /><G30/><T41/><D41/><U50/><E8/><V130/><F134/><W47/><G20/><T60/><D28/><U36/><E106/><V14/><F130/><W58/><G47/><T127/><D35/><U9/><E101/><V125/><F125/><W132/><G132/><T103/><D127/><U66/><E9/><N who="2" m="6479" /><F94/><W68/><G68/><T26/><D103/><U74/><E74/><V99/><F99/><W90/><G75/><T19/><D102/><U61/><REACH who="1" step="1"/><E50/><REACH who="1" ten="404,118,250,218" step="2"/><N who="2" m="28871" /><F63/><W96/><G96/><T27/><D60/><U98/><E98/><V46/><F46/><W56/><G56/><T108/><D73/><U97/><E97/><V59/><F59/><W67/><G67/><T64/><D64/><U17/><E17/><V78/><F78/><W115/><G115/><T71/><D19/><U77/><E77/><V69/><F69/><W113/><G113/><T112/><D71/><U15/><AGARI ba="0,1" hai="4,6,7,15,16,21,36,38,39,57,61,66,84,87" machi="15" ten="40,12000,1" yaku="1,1,0,1,52,2,54,1,53,0" doraHai="81" doraHaiUra="93" who="1" fromWho="1" sc="404,-40,118,130,250,-40,218,-40" /><INIT seed="1,1,0,5,3,48" ten="364,248,210,178" oya="1" hai0="121,53,65,95,36,109,24,17,114,132,120,4,49" hai1="93,51,92,77,30,26,78,42,19,25,1,12,56" hai2="70,3,124,39,103,38,82,97,116,130,41,35,58" hai3="44,8,88,27,94,99,74,7,90,135,118,16,28"/><U40/><E1/><V2/><F116/><W129/><G74/><T22/><D36/><U72/><E40/><V108/><F35/><W119/><G135/><T13/><D114/><U87/><E72/><V32/><F32/><W50/><G129/><T67/><D132/><U71/><E71/><V54/><F70/><W79/><G79/><N who="1" m="30218" /><E30/><V55/><F82/><W9/><G90/><T47/><D109/><U66/><E42/><V23/><F124/><W29/><G29/><T0/><D0/><U59/><E59/><V64/><F108/><W69/><G69/><T134/><D134/><U5/><E5/><V106/><F130/><W123/><G123/><N who="0" m="47179" /><D95/><N who="1" m="36427" /><E87/><V10/><F3/><W57/><G57/><T104/><D104/><U21/><E66/><V110/><F110/><W18/><G7/><T75/><D75/><U80/><E80/><V11/><F2/><W85/><G85/><T31/><D4/><U46/><E46/><V60/><F39/><W101/><G101/><T14/><D13/><U96/><E96/><V122/><F122/><W20/><G119/><T15/><D15/><U86/><E86/><V128/><F128/><W100/><G100/><T91/><D91/><U89/><E89/><V117/><F117/><W131/><G131/><T73/><D73/><U112/><E112/><V133/><F133/><W34/><G118/><T61/><D61/><U83/><E83/><V125/><F60/><W127/><G127/><T115/><D115/><U63/><E63/><V98/><F125/><W102/><G102/><T107/><D107/><U84/><E84/><V105/><F106/><RYUUKYOKU ba="1,0" sc="364,15,248,15,210,-15,178,-15" hai0="14,17,22,24,31,47,49,53,65,67" hai1="12,19,21,25,26,51,56" /><INIT seed="1,2,0,5,2,98" ten="379,263,195,163" oya="1" hai0="122,10,91,128,54,82,29,49,37,36,64,79,60" hai1="50,112,116,78,43,117,95,111,11,28,132,97,90" hai2="110,45,121,135,17,13,124,103,38,27,113,39,32" hai3="77,75,72,33,134,66,1,9,92,24,3,6,40"/><U125/><E112/><V99/><F113/><W96/><G134/><T69/><D128/><U62/><E132/><V7/><F135/><W85/><G1/><T84/><D122/><U20/><E125/><V0/><F121/><W109/><G109/><T56/><D29/><U23/><E111/><V30/><F110/><W104/><G104/><T61/><D10/><U67/><E78/><V2/><F124/><W118/><G118/><T70/><D79/><U106/><E106/><V83/><F83/><W120/><G120/><T68/><D68/><U101/><E11/><N who="2" m="2551" /><F45/><W25/><G40/><T26/><D26/><U126/><E126/><V87/><F87/><W133/><G133/><T12/><D12/><U44/><E90/><V53/><F53/><W57/><G33/><T31/><D31/><U52/><E43/><V22/><F0/><W129/><G129/><T18/><D18/><U65/><E65/><AGARI ba="2,0" hai="36,37,49,54,56,60,61,64,65,69,70,82,84,91" machi="65" ten="40,1300,0" yaku="9,1" doraHai="98" who="0" fromWho="1" sc="379,19,263,-19,195,0,163,0" /><INIT seed="2,0,0,4,2,85" ten="398,244,195,163" oya="2" hai0="66,134,42,90,132,40,65,3,24,67,21,74,110" hai1="105,10,60,101,32,129,57,89,18,113,11,107,6" hai2="84,52,45,126,34,2,131,43,61,117,4,9,30" hai3="93,70,46,19,5,1,124,51,92,96,22,56,77"/><V27/><F126/><W31/><G70/><T78/><D3/><U88/><E113/><V97/><F131/><W82/><G124/><T41/><D110/><U83/><E129/><V75/><F75/><W127/><G127/><T36/><D78/><U118/><E118/><V53/><F117/><W128/><G128/><T59/><D74/><U95/><E32/><V15/><F97/><W37/><G37/><T28/><D36/><U33/><E33/><V44/><F45/><W50/><G31/><T20/><D59/><U29/><E29/><V73/><F73/><W7/><G1/><T47/><D47/><U87/><E18/><V119/><F119/><W116/><G93/><T133/><D21/><U79/><E101/><V114/><F114/><W72/><G116/><T80/><D80/><U14/><E11/><V17/><F61/><W102/><G56/><T121/><D121/><U62/><E62/><V39/><REACH who="2" step="1"/><F84/><REACH who="2" ten="398,244,185,163" step="2"/><W8/><G51/><T99/><D99/><U76/><E76/><V135/><F135/><W123/><G123/><T26/><D42/><U58/><E60/><V91/><F91/><W55/><G8/><AGARI ba="0,1" hai="2,4,8,9,15,17,27,30,34,39,43,44,52,53" machi="8" ten="30,5800,0" yaku="1,1,7,1,54,1,53,0" doraHai="85" doraHaiUra="64" who="2" fromWho="3" sc="398,0,244,0,185,68,163,-58" /><INIT seed="2,1,0,3,2,48" ten="398,244,253,105" oya="2" hai0="72,100,33,8,5,69,11,26,57,110,12,52,85" hai1="30,19,43,117,131,56,89,130,83,18,88,102,109" hai2="112,49,22,95,27,111,64,50,91,37,135,4,23" hai3="13,133,121,46,67,81,74,132,86,126,77,20,103"/><V129/><F112/><W128/><G67/><T42/><D72/><U61/><E117/><V125/><F37/><W101/><G46/><T10/><D69/><U80/><E109/><V96/><F135/><N who="3" m="51787" /><G13/><T116/><D110/><U73/><E102/><N who="3" m="38922" /><G20/><T68/><D68/><U58/><E43/><V55/><F125/><W15/><G15/><T41/><D100/><U78/><E30/><V79/><F129/><N who="1" m="49161" /><E83/><V62/><F111/><W122/><G128/><T47/><D116/><U127/><E127/><V24/><F4/><W75/><G126/><T0/><D0/><U99/><E99/><V36/><F36/><W54/><G54/><T21/><D33/><U2/><E2/><V94/><F64/><W40/><G40/><N who="0" m="15467" /><D85/><U17/><E58/><V90/><F96/><W107/><G107/><T31/><D47/><U29/><E29/><V3/><F3/><W134/><N who="3" m="51795" /><W76/><DORA hai="25" /><G77/><T118/><D118/><U9/><E9/><V59/><F79/><W124/><G124/><T51/><AGARI ba="1,0" hai="5,8,10,11,12,21,26,31,51,52,57" m="15467" machi="51" ten="30,7900,0" yaku="8,1,52,2,54,1" doraHai="48,25" who="0" fromWho="0" sc="398,82,244,-21,253,-40,105,-21" /><INIT seed="3,0,0,1,3,94" ten="480,223,213,84" oya="3" hai0="46,24,66,71,52,57,75,8,135,83,18,123,134" hai1="116,113,72,9,16,129,33,5,102,130,61,63,10" hai2="79,93,6,0,112,100,2,59,40,69,11,53,29" hai3="128,84,121,3,39,77,124,125,30,32,37,85,131"/><W1/><G77/><T62/><D123/><U31/><E113/><V120/><F69/><W51/><G51/><T22/><D75/><U13/><E72/><V76/><F2/><N who="3" m="523" /><G30/><T14/><D83/><U96/><E116/><V98/><F112/><W36/><G121/><T119/><D119/><U38/><E38/><V86/><F120/><W115/><G115/><T21/><D46/><U65/><E5/><V43/><F29/><W45/><G45/><T90/><D90/><U50/><E50/><V108/><F108/><W104/><G104/><T111/><D111/><U41/><E41/><V54/><F54/><W109/><G109/><T35/><D35/><U17/><E17/><V106/><F79/><W25/><G25/><T101/><D101/><U97/><E97/><V74/><F74/><W42/><G42/><T7/><D22/><U133/><E9/><V27/><F27/><W26/><G26/><T49/><AGARI ba="0,0" hai="7,8,14,18,21,24,49,52,57,62,66,71,134,135" machi="49" ten="30,2000,0" yaku="0,1,54,1" doraHai="94" who="0" fromWho="0" sc="480,20,223,-5,213,-5,84,-10" /><INIT seed="4,0,0,2,1,73" ten="500,218,208,74" oya="0" hai0="4,5,131,96,89,85,20,105,39,126,37,64,54" hai1="43,48,40,17,21,9,108,117,27,91,80,69,2" hai2="56,31,93,15,124,35,61,33,38,12,116,82,135" hai3="78,11,75,25,109,79,0,71,129,114,23,120,133"/><T132/><D64/><U8/><E108/><V6/><F38/><W13/><G79/><T104/><D126/><U47/><E117/><V66/><F135/><W32/><G78/><T100/><D100/><U46/><E69/><V125/><F31/><W10/><G11/><T92/><D132/><U84/><REACH who="1" step="1"/><E2/><REACH who="1" ten="500,208,208,74" step="2"/><V83/><F116/><W122/><G10/><T28/><D131/><U121/><E121/><V42/><F125/><W62/><G13/><T128/><D128/><U134/><E134/><V67/><F124/><W57/><G25/><T127/><D127/><U81/><E81/><V49/><F83/><W76/><G0/><T26/><D105/><U7/><E7/><V58/><F82/><W65/><G120/><T118/><D118/><U70/><E70/><V111/><F6/><W90/><G71/><T36/><D104/><U107/><E107/><V59/><F111/><W30/><G129/><T86/><D5/><U51/><AGARI ba="0,1" hai="8,9,17,21,27,40,43,46,47,48,51,80,84,91" machi="51" ten="20,8000,1" yaku="1,1,0,1,7,1,9,1,8,1,53,0" doraHai="73" doraHaiUra="88" who="1" fromWho="1" sc="500,-40,208,90,208,-20,74,-20" /><INIT seed="5,0,0,2,0,53" ten="460,298,188,54" oya="1" hai0="36,4,129,47,96,94,50,103,123,86,39,110,88" hai1="117,33,52,112,12,125,70,82,5,56,75,38,105" hai2="115,72,1,81,122,83,57,97,22,78,21,107,13" hai3="130,31,35,16,19,25,26,41,27,34,89,23,71"/><U24/><E117/><V18/><F122/><W135/><G71/><T64/><D110/><U68/><E38/><V104/><F1/><W44/><G135/><T128/><D4/><U120/><E120/><V37/><F37/><W95/><G130/><N who="0" m="50283" /><D64/><U121/><E121/><V46/><F46/><W28/><G44/><T80/><D123/><U79/><E105/><V59/><F115/><W116/><G116/><T29/><D29/><U111/><E112/><V85/><F22/><W87/><REACH who="3" step="1"/><G41/><AGARI ba="0,0" hai="36,39,41,47,50,80,86,88,94,96,103" m="50283" machi="41" ten="30,2000,0" yaku="19,1,54,1" doraHai="53" who="0" fromWho="3" sc="460,20,298,0,188,0,54,-20" /><INIT seed="6,0,0,4,2,127" ten="480,298,188,34" oya="2" hai0="17,31,21,73,120,4,100,60,12,45,77,30,25" hai1="85,23,107,118,128,53,116,56,28,75,67,36,58" hai2="90,87,26,7,0,37,102,46,2,131,93,63,83" hai3="98,88,104,1,65,115,78,130,44,126,69,50,76"/><V6/><F2/><W124/><G1/><T55/><D100/><U11/><E75/><V22/><F0/><W3/><G3/><T68/><D73/><U43/><E107/><V20/><F22/><W29/><G29/><T80/><D120/><U71/><E11/><V125/><F125/><N who="3" m="48235" /><G104/><T61/><D68/><U59/><E85/><V119/><F119/><N who="1" m="45609" /><E28/><V74/><F63/><N who="3" m="40127" /><G115/><T134/><D134/><U94/><E94/><V129/><F37/><W109/><G109/><T99/><D99/><U110/><E23/><V15/><F46/><W38/><G38/><T51/><D4/><U16/><E16/><V24/><F7/><W92/><G130/><N who="2" m="49673" /><F6/><W32/><G32/><T52/><D31/><U108/><E128/><V49/><F49/><W5/><G5/><T41/><D61/><N who="1" m="40431" /><E53/><AGARI ba="0,0" hai="44,50,53,76,78,88,92,98" m="40127,48235" machi="53" ten="30,2000,0" yaku="18,1,54,1" doraHai="127" who="3" fromWho="1" sc="480,0,298,-20,188,0,34,20" /><INIT seed="7,0,0,5,2,125" ten="480,278,188,54" oya="3" hai0="74,68,114,131,86,55,22,116,66,98,28,121,3" hai1="61,117,104,56,91,73,112,106,129,130,48,53,133" hai2="81,41,6,40,79,115,109,49,19,127,124,122,118" hai3="42,46,119,0,43,33,23,82,60,135,80,92,100"/><W37/><G119/><T5/><D121/><U16/><E117/><V103/><F118/><W113/><G33/><T94/><D74/><U7/><E7/><V110/><F115/><W59/><G0/><T21/><D114/><U8/><E112/><V126/><F122/><W25/><G113/><T90/><D116/><U72/><E133/><V65/><F65/><N who="3" m="39071" /><G135/><T97/><D3/><U84/><E73/><N who="2" m="43247" /><F6/><W102/><G100/><T95/><D5/><U76/><E76/><V18/><F103/><W62/><G62/><T58/><D131/><N who="1" m="50187" /><E72/><V20/><F49/><N who="3" m="26839" /><G43/><N who="2" m="16457" /><F20/><W24/><G37/><T12/><D68/><U9/><E61/><V132/><F132/><W14/><G14/><T26/><D66/><U45/><E45/><V105/><F105/><N who="1" m="40553" /><E16/><AGARI ba="0,0" hai="16,18,19,109,110,124,126,127" m="16457,43247" machi="16" ten="40,2600,0" yaku="18,1,54,1" doraHai="125" who="2" fromWho="1" sc="480,0,278,-26,188,26,54,0" owari="480,58.0,252,5.2,214,-18.6,54,-44.6" /></mjloggm>