<mjloggm ver="2.3"><GO type="9" lobby="0"/><UN n0="%4E%6F%4E%61%6D%65" n1="%E3%81%A8%E3%81%BE%E3%81%A8%34" n2="%E2%93%9D%4C%75%63%6B%79%4A" n3="%69%74%65%7A%61%41" dan="0,12,9,10" rate="1500.00,1672.10,1760.55,1807.83" sx="M,M,M,M"/><TAIKYOKU oya="0"/><INIT seed="0,0,0,1,1,40" ten="250,250,250,250" oya="0" hai0="120,85,64,73,55,37,71,110,9,119,89,94,45" hai1="58,23,127,87,61,78,74,86,19,96,8,6,128" hai2="63,70,125,80,95,98,34,76,69,113,38,109,133" hai3="46,132,126,131,44,83,28,17,36,60,5,2,10"/><T53/><D120/><U130/><E127/><V49/><F38/><W116/><G116/><T81/><D119/><U18/><E74/><V48/><F113/><W59/><G126/><T43/><D110/><U111/><E96/><V67/><F109/><W22/><G131/><N who="1" m="50218" /><E111/><V121/><F34/><W114/><G114/><T93/><D73/><U21/><E78/><V75/><F121/><W42/><G132/><T68/><D71/><U100/><E100/><V7/><F125/><W84/><G28/><T108/><D108/><U99/><E99/><V104/><F70/><W66/><G42/><T24/><D24/><U52/><E6/><V20/><F7/><W54/><G66/><T77/><D9/><U79/><E79/><V122/><F133/><W4/><G4/><T88/><D89/><U25/><E8/><V62/><F104/><W39/><G39/><T31/><D31/><U91/><E91/><V135/><F122/><W106/><G36/><T90/><D90/><U26/><AGARI ba="0,0" hai="18,19,21,23,25,26,52,58,61,86,87" m="50218" machi="26" ten="30,2000,0" yaku="19,1,54,1" doraHai="40" who="1" fromWho="1" sc="250,-10,250,20,250,-5,250,-5" /><INIT seed="1,0,0,2,1,126" ten="240,270,245,245" oya="1" hai0="79,128,135,120,47,112,109,106,57,103,113,39,94" hai1="6,56,37,49,14,92,75,51,65,44,64,111,97" hai2="61,89,101,41,21,125,59,42,124,66,8,30,62" hai3="78,63,46,43,24,33,1,28,123,134,55,31,83"/><U25/><E75/><V58/><F101/><W107/><G123/><T11/><D120/><U0/><E0/><V13/><F89/><W32/><G134/><T86/><D135/><U130/><E37/><V52/><F30/><W115/><G115/><T2/><D109/><U74/><E74/><V60/><F21/><W85/><G1/><T67/><D67/><U27/><E111/><V104/><F104/><W105/><G55/><T131/><D57/><U50/><E44/><V93/><F93/><W76/><G63/><T108/><D108/><U71/><E71/><V132/><F132/><W5/><G5/><N who="0" m="1463" /><D94/><U91/><E130/><N who="0" m="49705" /><D86/><U98/><E56/><V10/><F62/><W36/><G76/><T20/><D79/><U72/><E72/><V129/><F129/><W96/><G96/><N who="0" m="61799" /><D20/><U38/><E38/><V77/><F77/><W7/><G7/><T35/><D35/><U12/><E6/><V29/><F10/><W118/><G105/><T69/><D69/><U119/><E119/><V70/><F70/><W102/><G107/><T82/><D82/><U9/><E9/><V121/><F121/><W100/><G118/><T48/><D39/><U73/><E73/><V90/><F66/><N who="1" m="25705" /><E98/><V53/><F8/><W68/><G68/><T110/><D110/><U80/><E80/><V26/><F59/><W117/><G117/><T17/><D17/><U84/><E84/><V95/><F58/><W16/><G16/><T23/><D23/><U87/><E87/><V3/><F61/><W88/><G78/><T99/><D99/><U22/><E22/><V18/><F60/><RYUUKYOKU ba="0,0" sc="240,10,270,10,245,-30,245,10" hai0="47,48,112,113" hai1="12,14,25,27,49,50,51,91,92,97" hai3="24,28,31,32,33,36,43,46,83,85,88,100,102" /><INIT seed="1,1,0,1,4,8" ten="250,280,215,255" oya="1" hai0="21,93,122,39,109,57,68,10,29,14,25,43,91" hai1="85,82,74,16,99,78,17,117,36,79,114,133,3" hai2="92,87,75,131,49,101,15,67,38,130,95,33,105" hai3="4,5,124,11,83,120,12,128,61,32,113,45,111"/><U19/><E114/><V66/><F38/><W63/><G113/><T1/><D68/><U119/><E36/><V103/><F33/><W116/><G120/><T58/><D109/><U110/><E3/><V7/><F75/><W56/><G32/><T62/><D122/><U134/><E99/><V30/><F30/><W20/><G111/><T6/><D43/><U41/><E41/><V76/><F76/><W135/><G128/><N who="2" m="49193" /><F49/><W71/><G71/><T51/><D51/><U94/><E94/><N who="2" m="35883" /><F87/><W129/><G129/><T55/><D39/><U0/><E0/><V54/><F54/><W98/><G63/><T37/><D37/><U104/><E104/><V27/><F27/><W80/><G61/><T118/><D118/><U52/><E74/><V106/><F7/><W127/><G4/><T126/><D126/><U89/><E110/><V102/><F15/><W2/><G116/><T13/><D58/><U132/><E119/><V18/><F18/><N who="3" m="10311" /><G56/><T44/><D44/><U108/><E108/><V23/><F23/><W123/><G45/><T50/><D50/><U115/><E115/><V88/><F88/><W42/><G42/><T70/><D70/><U77/><E117/><V72/><F72/><W125/><G123/><T100/><D100/><N who="2" m="25602" /><V31/><DORA hai="107" /><F31/><W48/><G48/><T90/><D90/><U86/><E86/><AGARI ba="1,0" hai="1,6,10,13,14,21,25,29,55,57,62,86,91,93" machi="86" ten="30,3900,0" yaku="7,1,52,2" doraHai="8,107" who="0" fromWho="1" sc="250,42,280,-42,215,0,255,0" /><INIT seed="2,0,0,1,1,75" ten="292,238,215,255" oya="2" hai0="14,70,15,12,67,103,129,39,85,121,128,93,36" hai1="9,96,112,134,65,26,20,59,131,80,10,6,17" hai2="110,132,48,135,16,122,116,64,53,124,45,44,31" hai3="5,13,111,130,32,76,89,79,100,82,23,21,86"/><V38/><F31/><W29/><G32/><T117/><D121/><U69/><E112/><V49/><F122/><W106/><G111/><T125/><D117/><U71/><E134/><N who="2" m="51243" /><F116/><W102/><G106/><T105/><D125/><U7/><E131/><N who="0" m="50249" /><D105/><U114/><E114/><V47/><F124/><W58/><G130/><T11/><D67/><U73/><E96/><V50/><F16/><N who="3" m="10383" /><G5/><N who="0" m="3183" /><D70/><U34/><E34/><V27/><F27/><N who="3" m="16639" /><G58/><T78/><D103/><AGARI ba="0,0" hai="76,79,82,86,89,100,102,103" m="16639,10383" machi="103" ten="30,7700,0" yaku="8,1,52,2,54,1" doraHai="75" who="3" fromWho="0" sc="292,-77,238,0,215,0,255,77" /><INIT seed="3,0,0,2,4,104" ten="215,238,215,332" oya="3" hai0="121,59,43,47,38,80,44,22,50,21,70,114,11" hai1="78,106,27,111,33,31,105,29,90,89,77,51,99" hai2="100,57,83,30,115,122,63,126,12,123,19,58,128" hai3="116,65,76,10,54,124,132,26,107,48,112,16,130"/><W49/><G107/><T67/><D121/><U86/><E111/><V8/><F115/><W66/><G112/><T55/><D47/><U92/><E31/><V102/><F126/><W120/><G120/><N who="2" m="46121" /><F30/><W4/><G116/><T101/><D101/><N who="2" m="39018" /><F128/><W117/><G132/><T98/><D98/><U103/><E51/><V20/><F83/><W35/><G117/><T18/><D114/><U64/><E64/><V71/><F20/><N who="3" m="13575" /><G76/><T133/><D133/><U46/><E46/><V97/><F97/><W108/><G108/><T79/><D18/><U34/><E34/><V5/><F19/><W40/><G35/><T85/><D11/><U52/><E106/><V91/><F91/><W0/><G0/><T72/><D85/><U113/><E113/><V87/><F87/><W61/><G10/><T127/><REACH who="0" step="1"/><D127/><REACH who="0" ten="205,238,215,332" step="2"/><U119/><E119/><V109/><F109/><W36/><G124/><T95/><D95/><U13/><E105/><V82/><F82/><W129/><G129/><T73/><D73/><U131/><E131/><V45/><F45/><W118/><G130/><T28/><D28/><U68/><E29/><V1/><F1/><W84/><G84/><T6/><D6/><U42/><E99/><V134/><F134/><W15/><G118/><T32/><D32/><U125/><E86/><V135/><F135/><W24/><G4/><T41/><D41/><U62/><E33/><V81/><F81/><W25/><G40/><T53/><D53/><U74/><E52/><V96/><F96/><W93/><G54/><T110/><D110/><U7/><E42/><V88/><F88/><RYUUKYOKU ba="0,1" sc="205,15,238,-15,215,15,332,-15" hai0="21,22,38,43,44,50,55,59,67,70,72,79,80" hai2="5,8,12,57,58,63,71" /><INIT seed="4,1,1,1,1,118" ten="220,223,230,317" oya="0" hai0="132,88,71,57,19,8,36,100,85,97,12,111,84" hai1="50,81,68,35,87,32,58,78,46,1,43,91,47" hai2="3,6,79,44,117,122,120,123,14,45,48,133,42" hai3="34,67,103,51,101,74,59,2,96,49,121,94,27"/><T113/><D71/><U90/><E1/><V129/><F3/><W15/><G2/><T112/><D36/><U125/><E68/><V64/><F79/><W86/><G74/><T30/><D132/><U17/><E125/><V11/><F133/><W76/><G15/><T107/><D111/><U5/><E5/><V70/><F117/><W114/><G114/><N who="0" m="44139" /><D30/><U89/><E58/><V130/><REACH who="2" step="1"/><F45/><REACH who="2" ten="220,223,220,317" step="2"/><W16/><G76/><T18/><D57/><U20/><REACH who="1" step="1"/><E47/><REACH who="1" ten="220,213,220,317" step="2"/><V23/><F23/><W72/><G59/><T83/><D84/><U41/><E41/><V93/><F93/><W61/><G94/><T102/><D102/><U29/><E29/><V73/><F73/><W77/><G86/><T75/><D75/><U63/><E63/><AGARI ba="1,3" hai="6,11,14,42,44,48,63,64,70,120,122,123,129,130" machi="63" ten="50,8000,1" yaku="1,1,52,3,53,0" doraHai="118" doraHaiUra="105" who="2" fromWho="1" sc="220,0,213,-83,220,113,317,0" /><INIT seed="5,0,0,3,3,122" ten="220,130,333,317" oya="1" hai0="114,79,15,125,6,100,105,116,118,94,59,135,9" hai1="77,130,46,22,110,115,48,34,73,19,101,89,107" hai2="56,64,7,33,5,128,14,102,42,69,80,36,127" hai3="124,86,58,35,38,8,131,54,75,28,87,106,85"/><U24/><E110/><V63/><F33/><W55/><G38/><T92/><D135/><U44/><E34/><V45/><F102/><W0/><G106/><T96/><D125/><U95/><E115/><V62/><F127/><W83/><G124/><T37/><D37/><U16/><E130/><V13/><F128/><W25/><G75/><T60/><D114/><U90/><E107/><V111/><F111/><W103/><G103/><T113/><D113/><U40/><E73/><V81/><F14/><W108/><G108/><T3/><D3/><U109/><E109/><V51/><F63/><W52/><G58/><T18/><D79/><U10/><E77/><V99/><F99/><W50/><G50/><T84/><D6/><N who="2" m="2058" /><F13/><W98/><G98/><T72/><D72/><U39/><E39/><V2/><F2/><W88/><G131/><T23/><D9/><U121/><E121/><V129/><F129/><W123/><G123/><T104/><D105/><U119/><E119/><V133/><F133/><W47/><G8/><T70/><D70/><U67/><E67/><V1/><F1/><W21/><G0/><T66/><REACH who="0" step="1"/><D84/><REACH who="0" ten="210,130,333,317" step="2"/><N who="3" m="32361" /><G35/><T120/><D120/><U74/><E74/><V93/><F69/><W97/><G97/><T76/><D76/><U126/><E126/><V4/><F4/><W65/><G65/><T43/><D43/><N who="1" m="24607" /><E101/><V117/><F36/><W26/><G26/><T134/><D134/><U71/><E71/><V31/><F117/><AGARI ba="0,1" hai="15,18,23,59,60,66,92,94,96,100,104,116,117,118" machi="117" ten="40,8000,1" yaku="1,1,53,3" doraHai="122" doraHaiUra="112" who="0" fromWho="2" sc="210,90,130,0,333,-80,317,0" /><INIT seed="6,0,0,4,2,135" ten="300,130,253,317" oya="2" hai0="98,101,129,115,48,126,45,26,53,65,64,3,40" hai1="66,100,7,18,95,37,62,89,92,11,0,9,56" hai2="87,85,127,72,78,86,79,19,121,71,122,30,91" hai3="33,84,134,104,4,21,36,112,27,113,35,22,102"/><V103/><F71/><W47/><G134/><T105/><D3/><U42/><E37/><V119/><F30/><W111/><G111/><T1/><D1/><U29/><E42/><V39/><F39/><W23/><G4/><T46/><D129/><U13/><E29/><V54/><F54/><W25/><G84/><N who="2" m="32329" /><F19/><W131/><G131/><T107/><D107/><U70/><E70/><V114/><F114/><N who="3" m="44139" /><G102/><T124/><D26/><N who="3" m="9737" /><G104/><T55/><D115/><U82/><E100/><V106/><F119/><W118/><G118/><T38/><REACH who="0" step="1"/><D53/><REACH who="0" ten="290,130,253,317" step="2"/><U34/><E82/><N who="2" m="45415" /><F122/><W81/><G81/><T108/><D108/><U69/><E34/><N who="3" m="12810" /><G36/><T123/><D123/><U63/><E89/><V99/><F121/><W61/><G47/><T28/><D28/><U20/><E11/><V116/><F116/><W44/><G44/><T130/><D130/><U58/><E69/><V75/><F78/><W90/><G90/><T16/><D16/><U80/><E80/><N who="2" m="49607" /><F75/><W117/><G117/><T31/><D31/><U57/><E57/><V14/><F14/><W77/><G77/><T76/><D76/><U59/><E59/><V49/><F49/><W83/><G83/><T41/><D41/><U60/><E60/><AGARI ba="0,1" hai="21,22,23,60,61" m="12810,9737,44139" machi="60" ten="40,8000,1" yaku="28,2,15,1,11,1" doraHai="135" who="3" fromWho="1" sc="290,0,130,-80,253,0,317,90" /><INIT seed="7,0,0,2,1,120" ten="290,50,253,407" oya="3" hai0="100,108,97,111,68,7,82,78,43,99,92,6,45" hai1="35,54,81,114,55,64,102,48,21,121,41,39,131" hai2="50,116,24,106,105,8,61,44,79,59,76,130,126" hai3="94,118,46,110,133,90,63,107,83,47,91,85,74"/><W69/><G118/><T53/><D68/><U86/><E35/><V113/><F116/><W17/><G133/><T2/><D99/><U84/><E121/><V98/><F126/><W15/><G107/><T67/><D67/><U31/><E114/><V22/><F113/><W62/><G74/><T9/><D53/><U119/><E39/><V73/><F130/><W14/><G110/><T28/><D7/><U42/><E119/><V26/><F8/><W129/><G129/><T36/><REACH who="0" step="1"/><D28/><REACH who="0" ten="280,50,253,407" step="2"/><U30/><E131/><V32/><F98/><W128/><G128/><T18/><D18/><U115/><E64/><V10/><F10/><N who="3" m="6359" /><G69/><T87/><AGARI ba="0,1" hai="2,6,9,36,43,45,78,82,87,92,97,100,108,111" machi="87" ten="20,8000,1" yaku="1,1,0,1,7,1,52,2,53,0" doraHai="120" doraHaiUra="112" who="0" fromWho="0" sc="280,90,50,-20,253,-20,407,-40" owari="370,47.0,30,-47.0,233,-16.7,367,16.7" /></mjloggm>