<mjloggm ver="2.3"><GO type="41" lobby="0"/><UN n0="%E2%93%9D%4C%75%63%6B%79%4A" n1="%E3%83%AA%E3%82%AD%E3%82%AD%E3%83%AA%E3%83%B3" n2="%4A%61%6E%6B%65%79" n3="%E3%82%86%40" dan="18,14,13,14" rate="2145.66,2080.72,1856.97,1938.04" sx="M,M,M,M"/><TAIKYOKU oya="0"/><INIT seed="0,0,0,5,2,2" ten="250,250,250,250" oya="0" hai0="115,123,99,14,7,82,85,55,11,109,67,117,48" hai1="0,71,23,16,34,27,129,47,35,120,36,128,51" hai2="57,126,64,107,134,119,4,24,130,46,74,59,95" hai3="44,103,68,31,125,91,72,70,65,102,98,131,41"/><T83/><D123/><U93/><E120/><V6/><F107/><W132/><G72/><T25/><D115/><U110/><E110/><V80/><F74/><W22/><G125/><T122/><D122/><U81/><E71/><V17/><F126/><W40/><G132/><T9/><D117/><U29/><E36/><V20/><F134/><W26/><G131/><N who="1" m="50250" /><E0/><V112/><F130/><W96/><G91/><T54/><D67/><U66/><E66/><V118/><F112/><W18/><G65/><T100/><D109/><U101/><E81/><V61/><F80/><W15/><G98/><T53/><D11/><U30/><E93/><V28/><F59/><W78/><G78/><T135/><D135/><U90/><E90/><V39/><F95/><W43/><G44/><T133/><D133/><U114/><E101/><V3/><F3/><W94/><REACH who="3" step="1"/><G103/><REACH who="3" ten="250,250,250,240" step="2"/><T116/><D116/><N who="2" m="44586" /><F28/><N who="1" m="10857" /><E114/><V69/><F69/><W32/><AGARI ba="0,1" hai="15,18,22,26,31,32,40,41,43,68,70,94,96,102" machi="32" ten="30,2000,0" yaku="1,1,0,1,53,0" doraHai="2" doraHaiUra="127" who="3" fromWho="3" sc="250,-10,250,-5,250,-5,240,30" /><INIT seed="1,0,0,4,2,26" ten="240,245,245,270" oya="1" hai0="69,65,108,107,111,15,88,100,42,135,56,75,110" hai1="55,41,94,28,96,64,101,54,4,87,118,25,60" hai2="2,112,30,47,113,1,115,72,24,121,98,18,46" hai3="20,132,45,134,70,102,22,38,9,114,126,53,71"/><U78/><E118/><V77/><F121/><W5/><G114/><T95/><D42/><U84/><E41/><V81/><F98/><W120/><G120/><T23/><D75/><U109/><E4/><V119/><F119/><W128/><G102/><T49/><D135/><N who="3" m="51753" /><G128/><T86/><D69/><N who="3" m="26121" /><G126/><T68/><D68/><U33/><E109/><V11/><F18/><W57/><G45/><T129/><D129/><U106/><E106/><V122/><F122/><W16/><G16/><N who="0" m="10655" /><D100/><U103/><E103/><V37/><F11/><W0/><G38/><T7/><D7/><U124/><E124/><V51/><F47/><W127/><G127/><T14/><D14/><U104/><E104/><V43/><REACH who="2" step="1"/><F51/><AGARI ba="0,0" hai="0,5,9,20,22,51,53,57" m="26121,51753" machi="51" ten="30,1000,0" yaku="20,1" doraHai="26" who="3" fromWho="2" sc="240,0,245,0,245,-10,270,10" /><INIT seed="2,0,0,0,3,133" ten="240,245,235,280" oya="2" hai0="50,63,7,104,125,59,11,14,81,48,91,130,53" hai1="79,123,33,89,74,69,1,111,10,5,15,96,17" hai2="70,95,121,49,64,120,24,135,31,26,47,114,44" hai3="61,65,75,86,87,129,73,43,88,45,99,22,110"/><V67/><F114/><W20/><G110/><T52/><D104/><U34/><E111/><V97/><F135/><W3/><G3/><T28/><D130/><U76/><E69/><V27/><F31/><W83/><G99/><T66/><D125/><U8/><E123/><V32/><F32/><W107/><G107/><T13/><D28/><U71/><E71/><V116/><F70/><W100/><G100/><T21/><D81/><U0/><E0/><V38/><F38/><W124/><G124/><T112/><D112/><U127/><E127/><V60/><F60/><W78/><G75/><T128/><D128/><U119/><E119/><V35/><F35/><W23/><G73/><T6/><D91/><U9/><E9/><V134/><F134/><W57/><G129/><T19/><D7/><U56/><E79/><V37/><F37/><W108/><G108/><T90/><D90/><U126/><E126/><V101/><F116/><W36/><REACH who="3" step="1"/><G23/><REACH who="3" ten="240,245,235,270" step="2"/><T122/><D122/><U62/><E74/><V77/><F120/><W93/><AGARI ba="0,1" hai="20,22,36,43,45,57,61,65,78,83,86,87,88,93" machi="93" ten="20,8000,1" yaku="1,1,2,1,0,1,7,1,54,1,53,0" doraHai="133" doraHaiUra="115" who="3" fromWho="3" sc="240,-20,245,-20,235,-40,270,90" /><INIT seed="3,0,0,1,5,122" ten="220,225,195,360" oya="3" hai0="60,4,12,67,54,46,82,93,96,49,123,127,47" hai1="115,69,32,25,17,27,73,16,24,59,111,10,40" hai2="102,37,84,15,9,34,103,58,135,53,18,50,116" hai3="132,104,43,129,63,106,33,0,7,130,56,121,113"/><W80/><G121/><T90/><D123/><U134/><E69/><V68/><F116/><W88/><G33/><T65/><D127/><U62/><E115/><V35/><F68/><W48/><G113/><T14/><D4/><U78/><E134/><V105/><F135/><W133/><G0/><T87/><D47/><U30/><E40/><V71/><F71/><W31/><G7/><T66/><REACH who="0" step="1"/><D60/><REACH who="0" ten="210,225,195,360" step="2"/><U39/><E62/><V100/><F105/><W95/><G133/><T77/><AGARI ba="0,1" hai="12,14,46,49,54,65,66,67,77,82,87,90,93,96" machi="77" ten="30,7900,0" yaku="1,1,2,1,0,1,8,1,53,0" doraHai="122" doraHaiUra="29" who="0" fromWho="0" sc="210,89,225,-20,195,-20,360,-39" /><INIT seed="4,0,0,3,0,61" ten="299,205,175,321" oya="0" hai0="55,132,87,60,22,80,109,34,44,20,56,95,113" hai1="14,76,117,90,134,94,88,114,66,21,84,126,32" hai2="119,129,54,97,15,23,65,37,104,89,135,12,86" hai3="121,130,83,49,99,4,6,69,103,128,71,35,7"/><T46/><D34/><U115/><E32/><V79/><F37/><W26/><G121/><T59/><D132/><U57/><E117/><V8/><F135/><W0/><G0/><T45/><D109/><U18/><E134/><V112/><F112/><N who="1" m="43049" /><E126/><V17/><F119/><W30/><G83/><T106/><D106/><U41/><E41/><V3/><F129/><N who="3" m="49771" /><G49/><T36/><D36/><U127/><E127/><V110/><F3/><W98/><G98/><T81/><D113/><U48/><E76/><V92/><F110/><W2/><G2/><T102/><D81/><N who="1" m="49167" /><E48/><V107/><F54/><W70/><G70/><T5/><D59/><U67/><E57/><V28/><F104/><AGARI ba="0,0" hai="4,6,7,26,30,35,69,71,99,103,104" m="49771" machi="104" ten="30,1000,0" yaku="19,1" doraHai="61" who="3" fromWho="2" sc="299,0,205,0,175,-10,321,10" /><INIT seed="5,0,0,0,0,126" ten="299,205,165,331" oya="1" hai0="42,99,58,107,56,47,104,81,67,79,108,65,51" hai1="131,63,37,109,70,73,7,86,93,128,101,8,32" hai2="71,95,19,45,20,112,77,48,119,4,133,135,72" hai3="89,64,87,27,61,5,34,35,103,1,120,96,125"/><U3/><E73/><V98/><F119/><W118/><G120/><T110/><D99/><U121/><E121/><V28/><F71/><W38/><G38/><T84/><D107/><U105/><E37/><V78/><F4/><W114/><G114/><T83/><D104/><U88/><E32/><V55/><F28/><W134/><G134/><T115/><D115/><U122/><E122/><V10/><F10/><W100/><G100/><T124/><D124/><U39/><E39/><V94/><F94/><W16/><G1/><T91/><D110/><U2/><E2/><V127/><F127/><W129/><G5/><T75/><REACH who="0" step="1"/><D108/><REACH who="0" ten="289,205,165,331" step="2"/><U29/><E109/><V0/><F112/><W53/><G125/><T69/><D69/><U68/><E68/><V62/><F133/><W21/><G96/><T76/><D76/><U74/><E105/><V102/><F135/><W49/><G118/><T17/><D17/><U40/><E70/><V18/><F18/><W80/><G103/><T54/><D54/><U97/><E101/><V43/><F72/><W116/><G116/><T44/><D44/><U26/><E74/><V24/><F0/><W11/><G53/><T50/><D50/><U57/><E97/><V33/><F33/><W123/><G49/><T25/><D25/><U23/><REACH who="1" step="1"/><E40/><REACH who="1" ten="289,195,165,331" step="2"/><V13/><F43/><W111/><G123/><T41/><D41/><U15/><E15/><V52/><F13/><W59/><G111/><T85/><D85/><U117/><E117/><V90/><F102/><W14/><G35/><T6/><D6/><U46/><E46/><V31/><F45/><RYUUKYOKU ba="0,2" sc="289,15,195,15,165,-15,331,-15" hai0="42,47,51,56,58,65,67,75,79,81,83,84,91" hai1="3,7,8,23,26,29,57,63,86,88,93,128,131" /><INIT seed="5,1,2,0,4,39" ten="304,210,150,316" oya="1" hai0="69,62,117,48,55,83,107,37,96,75,14,95,79" hai1="36,20,17,54,105,1,76,51,110,11,104,102,45" hai2="133,30,56,60,32,65,85,114,22,57,10,66,13" hai3="101,16,120,132,130,53,119,89,112,129,4,38,29"/><U0/><E110/><V71/><F133/><W25/><G120/><T9/><D37/><U73/><E36/><V70/><F32/><W35/><G38/><T84/><D117/><U80/><E102/><V81/><F114/><W26/><G119/><T124/><D124/><U94/><E94/><V131/><F131/><N who="3" m="50187" /><G112/><T118/><D107/><U24/><REACH who="1" step="1"/><E11/><REACH who="1" ten="304,200,150,316" step="2"/><V103/><F103/><W52/><G101/><T125/><D95/><U87/><E87/><V43/><F85/><W111/><G111/><T34/><D84/><U2/><AGARI ba="1,3" hai="0,1,2,17,20,24,45,51,54,73,76,80,104,105" machi="2" ten="30,3000,0" yaku="1,1,0,1,53,0" doraHai="39" doraHaiUra="128" who="1" fromWho="1" sc="304,-11,200,63,150,-11,316,-11" /><INIT seed="5,2,0,3,2,51" ten="293,263,139,305" oya="1" hai0="6,7,28,106,48,92,81,77,102,38,2,31,18" hai1="45,0,82,11,1,88,43,118,125,95,32,33,124" hai2="3,26,94,98,108,114,74,20,120,57,117,128,69" hai3="37,89,87,64,84,4,39,129,86,104,90,80,21"/><U42/><E118/><V112/><F74/><W99/><G129/><T14/><D38/><U9/><E82/><V91/><F3/><N who="1" m="1097" /><E45/><V60/><F69/><W68/><G4/><T115/><D115/><N who="2" m="44074" /><F117/><W30/><G68/><T36/><D106/><U55/><E42/><V73/><F73/><W105/><G64/><T133/><D133/><U46/><E43/><V41/><F41/><W79/><G30/><T130/><D31/><U12/><E32/><V19/><F108/><W119/><G21/><T44/><D28/><U10/><E33/><V52/><F120/><W24/><G24/><T53/><D130/><AGARI ba="2,0" hai="19,20,26,52,57,60,91,94,98,128,130" m="44074" machi="130" ten="30,8000,1" yaku="25,1,15,1,11,1,52,1,54,1" doraHai="51" who="2" fromWho="0" sc="293,-86,263,0,139,86,305,0" /><INIT seed="6,0,0,3,4,131" ten="207,263,225,305" oya="2" hai0="1,82,75,94,37,91,74,54,22,90,28,96,109" hai1="46,129,4,9,127,93,72,119,47,92,108,65,113" hai2="88,30,11,23,130,66,69,98,135,41,112,38,27" hai3="107,102,123,51,13,15,120,81,104,3,125,85,64"/><V114/><F130/><W33/><G3/><T79/><D37/><U42/><E108/><V31/><F41/><W20/><G33/><T59/><D1/><U8/><E119/><V70/><F38/><W55/><G125/><T124/><D109/><U84/><E72/><V134/><F31/><W103/><G64/><T128/><D128/><U39/><E129/><V56/><F11/><W111/><G111/><T126/><D75/><U100/><E127/><N who="0" m="48681" /><D22/><U35/><E35/><V44/><F44/><W80/><G20/><T17/><D17/><U115/><E65/><V121/><F121/><W36/><G36/><T117/><D28/><U7/><E39/><V78/><F78/><W40/><G40/><T95/><D59/><U2/><E42/><V57/><F88/><N who="0" m="33834" /><D54/><U101/><E2/><V62/><F98/><W77/><G55/><T29/><D29/><U61/><E84/><V26/><F26/><W83/><G85/><T106/><D117/><U89/><E89/><V116/><F116/><W5/><G77/><T99/><D99/><U67/><E67/><V105/><F105/><W18/><G107/><T71/><D71/><N who="2" m="27146" /><F57/><W21/><G104/><T14/><D14/><U122/><E122/><V0/><F0/><W63/><G123/><T45/><D45/><U24/><E24/><V32/><F32/><W68/><G120/><T60/><D60/><AGARI ba="0,0" hai="4,7,8,9,46,47,60,61,92,93,100,101,113,115" machi="60" ten="25,1600,0" yaku="22,2" doraHai="131" who="1" fromWho="0" sc="207,-16,263,16,225,0,305,0" /><INIT seed="7,0,0,0,3,64" ten="191,279,225,305" oya="3" hai0="59,115,19,23,1,69,21,107,43,60,117,66,90" hai1="103,61,88,105,122,32,40,28,15,73,80,17,119" hai2="4,67,83,11,25,7,86,89,82,62,132,9,8" hai3="124,101,133,97,5,2,128,46,79,77,121,91,14"/><W129/><G121/><T42/><D1/><U104/><E122/><V71/><F132/><W135/><G2/><T130/><D107/><U78/><E119/><V63/><F63/><W102/><G124/><T74/><D74/><U6/><E6/><V48/><F25/><W29/><G29/><T65/><D117/><U109/><E109/><V41/><F41/><W3/><G3/><T20/><D130/><N who="3" m="50281" /><G46/><T126/><D126/><U68/><E40/><N who="0" m="15401" /><D69/><U52/><E103/><N who="3" m="39434" /><G91/><T37/><D37/><U31/><E88/><V54/><REACH who="2" step="1"/><F83/><REACH who="2" ten="191,279,215,305" step="2"/><W26/><G135/><T94/><D115/><U47/><E80/><V51/><F51/><W95/><G26/><N who="0" m="14719" /><D66/><U45/><E61/><V53/><F53/><W123/><G133/><T57/><D65/><U18/><E52/><V113/><F113/><W110/><G123/><T50/><D50/><U0/><E32/><V84/><F84/><W22/><G110/><T112/><D112/><U27/><E27/><V56/><AGARI ba="0,1" hai="4,7,8,9,11,48,54,56,62,67,71,82,86,89" machi="56" ten="30,4000,0" yaku="1,1,0,1,52,1,53,0" doraHai="64" doraHaiUra="30" who="2" fromWho="2" sc="191,-10,279,-10,215,50,305,-20" /><INIT seed="8,0,0,1,1,81" ten="181,269,265,285" oya="0" hai0="88,86,9,99,87,89,98,94,13,135,34,51,15" hai1="91,128,90,83,25,132,124,26,52,133,68,107,55" hai2="109,53,59,72,31,61,104,121,118,131,19,129,77" hai3="32,112,35,60,12,20,69,105,3,134,111,42,14"/><T96/><D34/><U1/><E1/><V17/><F104/><W64/><G3/><T74/><D74/><U93/><E107/><V23/><F109/><W110/><G112/><T29/><D135/><N who="1" m="51787" /><E68/><V102/><F102/><W63/><G134/><T120/><D120/><U21/><E128/><N who="2" m="49227" /><F121/><W6/><G105/><T73/><D73/><U58/><E124/><V24/><F118/><W33/><G42/><T0/><D29/><N who="1" m="17583" /><E26/><V123/><F123/><W57/><G14/><T27/><D27/><U47/><E47/><V71/><F71/><W22/><G22/><T56/><D0/><U43/><E43/><V67/><F67/><W113/><G113/><T101/><D101/><U28/><E28/><V100/><F100/><W39/><G39/><T127/><D127/><U103/><E83/><AGARI ba="0,0" hai="17,19,23,24,31,53,59,61,72,77,83" m="49227" machi="83" ten="30,1000,0" yaku="19,1" doraHai="81" who="2" fromWho="1" sc="181,0,269,-10,265,10,285,0" /><INIT seed="9,0,0,1,4,74" ten="181,259,275,285" oya="1" hai0="106,54,79,56,38,75,86,126,22,123,69,87,134" hai1="18,55,64,63,62,52,108,23,59,1,20,58,73" hai2="80,40,8,110,68,85,103,109,13,32,10,48,101" hai3="125,39,41,130,135,83,133,11,6,78,24,53,26"/><U31/><E1/><V0/><F68/><W124/><G130/><T112/><D112/><U115/><E115/><V21/><F32/><W88/><G53/><T113/><D113/><U36/><E36/><V93/><F0/><N who="3" m="455" /><G88/><T90/><D69/><U65/><E108/><V60/><F60/><W128/><G128/><T92/><D126/><N who="3" m="48745" /><G41/><T61/><D123/><U14/><E73/><V89/><F109/><W118/><G39/><T7/><D38/><U28/><E23/><V81/><F21/><W66/><G66/><AGARI ba="0,0" hai="14,18,20,28,31,52,55,58,59,62,63,64,65,66" machi="66" ten="40,7700,0" yaku="9,1,8,1,54,1" doraHai="74" who="1" fromWho="3" sc="181,0,259,77,275,0,285,-77" owari="181,-31.9,336,43.6,275,7.5,208,-19.2" /></mjloggm>