<mjloggm ver="2.3"><GO type="137" lobby="0"/><UN n0="%73%74%61%72%6B" n1="%E3%81%97%E3%82%85%E3%81%A1" n2="%79%64%79" n3="%E2%93%9D%4C%75%63%6B%79%4A" dan="12,11,12,10" rate="1846.89,1626.09,1771.92,1777.17" sx="M,M,M,M"/><TAIKYOKU oya="0"/><INIT seed="0,0,0,5,2,12" ten="250,250,250,250" oya="0" hai0="86,22,8,26,111,75,101,48,110,84,62,109,132" hai1="98,64,29,134,76,128,129,47,66,74,30,56,23" hai2="105,40,27,100,34,120,96,122,36,42,55,63,54" hai3="117,58,37,49,15,126,59,113,135,95,90,61,35"/><T92/><D75/><U50/><E74/><V25/><F36/><W104/><G35/><T7/><D132/><U81/><E76/><V1/><F1/><W87/><G37/><T14/><D62/><U9/><E81/><V20/><F34/><W114/><G117/><T131/><D131/><N who="1" m="50251" /><E134/><V5/><F5/><W85/><G126/><T2/><D2/><U80/><E80/><V93/><F27/><W107/><G135/><T32/><D32/><U124/><E124/><V11/><F11/><W115/><G87/><T60/><D60/><N who="1" m="37895" /><E66/><V10/><F10/><W82/><G82/><T83/><D83/><U41/><E98/><V108/><F108/><W4/><G4/><T78/><D78/><U70/><E70/><V133/><F133/><W91/><G91/><T125/><D125/><U99/><E99/><V79/><F79/><W106/><G61/><T24/><D101/><U39/><E9/><V18/><F105/><W21/><REACH who="3" step="1"/><G49/><REACH who="3" ten="250,250,250,240" step="2"/><T6/><D6/><U112/><E50/><V57/><REACH who="2" step="1"/><F55/><REACH who="2" ten="250,250,240,240" step="2"/><W103/><G103/><T65/><D111/><U51/><E51/><V119/><F119/><W3/><G3/><T44/><D109/><U68/><E68/><V116/><F116/><W102/><G102/><T121/><D110/><U13/><E112/><V72/><F72/><W123/><G123/><AGARI ba="0,2" hai="18,20,25,40,42,54,57,63,93,96,100,120,122,123" machi="123" ten="40,2600,0" yaku="1,1,52,1,53,0" doraHai="12" doraHaiUra="31" who="2" fromWho="3" sc="250,0,250,0,240,46,240,-26" /><INIT seed="1,0,0,5,3,84" ten="250,250,286,214" oya="1" hai0="78,118,125,67,101,37,77,98,123,40,97,63,18" hai1="46,42,79,94,12,58,60,5,13,73,34,80,23" hai2="68,121,100,69,92,35,111,9,132,8,22,32,75" hai3="65,112,61,1,25,50,74,7,122,82,107,89,48"/><U91/><E34/><V3/><F121/><W105/><G122/><T104/><D123/><U86/><E5/><V135/><F75/><W102/><G112/><T10/><D118/><U0/><E0/><V14/><F111/><W70/><G102/><T128/><D128/><U19/><E42/><V39/><F39/><W127/><G127/><T96/><D125/><U57/><E46/><V53/><F3/><W99/><G25/><T54/><D54/><U45/><E45/><V52/><F22/><W113/><G113/><T108/><D108/><U62/><REACH who="1" step="1"/><E12/><REACH who="1" ten="250,240,286,214" step="2"/><V38/><F14/><W44/><G7/><T87/><D40/><U83/><E83/><V28/><F38/><W33/><G33/><T24/><D37/><U129/><E129/><V88/><F35/><W41/><G1/><T116/><D116/><U76/><E76/><V71/><F32/><W90/><G44/><T49/><D78/><U16/><E16/><V21/><F28/><W119/><G41/><T47/><D18/><U134/><E134/><V130/><F130/><W31/><G31/><T15/><D15/><U59/><AGARI ba="0,1" hai="13,19,23,57,58,59,60,62,73,79,80,86,91,94" machi="59" ten="30,11700,0" yaku="1,1,0,1,52,1,53,1" doraHai="84" doraHaiUra="17" who="1" fromWho="1" sc="250,-39,240,127,286,-39,214,-39" /><INIT seed="1,1,0,5,2,9" ten="211,367,247,175" oya="1" hai0="83,1,64,88,57,18,19,50,82,31,112,60,74" hai1="25,118,61,8,15,75,73,55,59,49,80,70,113" hai2="121,38,109,43,108,106,68,11,54,37,35,2,76" hai3="105,17,27,29,77,133,85,44,33,13,89,91,92"/><U14/><E113/><V131/><F121/><W111/><G133/><T48/><D1/><U90/><E118/><V110/><F131/><W127/><G105/><T34/><D112/><U26/><E70/><V72/><F106/><W117/><G117/><T123/><D123/><U30/><E8/><V129/><F129/><W128/><G111/><T95/><D31/><U12/><E61/><V3/><F35/><W23/><G128/><T32/><D74/><U101/><E73/><V120/><F120/><W97/><G127/><T24/><D34/><U7/><E7/><N who="2" m="1527" /><F3/><W100/><REACH who="3" step="1"/><G44/><REACH who="3" ten="211,367,247,165" step="2"/><T119/><D119/><U107/><E107/><V5/><F109/><W116/><G116/><T47/><D47/><U94/><E75/><V79/><F72/><W63/><G63/><T102/><D60/><U78/><E78/><V87/><F79/><W56/><G56/><T114/><D57/><U42/><E80/><AGARI ba="1,1" hai="13,17,23,27,29,33,77,80,85,89,91,92,97,100" machi="80" ten="40,8000,1" yaku="1,1,52,1,53,2" doraHai="9" doraHaiUra="86" who="3" fromWho="1" sc="211,0,367,-83,247,0,165,93" /><INIT seed="2,0,0,3,4,2" ten="211,284,247,258" oya="2" hai0="86,46,74,101,49,20,96,76,82,112,91,77,54" hai1="73,0,123,63,110,65,32,118,38,56,18,61,42" hai2="48,85,115,131,17,81,66,1,128,34,4,107,22" hai3="59,24,16,117,92,52,53,108,5,45,51,75,80"/><V23/><F115/><W111/><G117/><T95/><D112/><U64/><E73/><V124/><F34/><W15/><G92/><T100/><D100/><U120/><E32/><V98/><F124/><W125/><G125/><T113/><D113/><U12/><E0/><V35/><F35/><W40/><G24/><T88/><D91/><U78/><E118/><V90/><F66/><W14/><G75/><T94/><D77/><U103/><E78/><V21/><F17/><W41/><G80/><T3/><D3/><U57/><E103/><V37/><F37/><W106/><G106/><T67/><D20/><U70/><E18/><V13/><F1/><W31/><G31/><T121/><REACH who="0" step="1"/><D67/><REACH who="0" ten="201,284,247,258" step="2"/><U129/><E110/><V30/><F23/><N who="3" m="11679" /><G111/><T47/><D47/><N who="1" m="24023" /><E12/><V11/><F22/><W36/><G108/><T71/><D71/><N who="1" m="42383" /><E129/><V28/><F131/><W105/><G105/><T79/><D79/><U72/><E72/><V39/><F21/><W104/><G104/><T89/><D89/><U29/><E29/><V119/><F128/><W126/><G126/><T127/><D127/><U109/><E109/><V6/><F30/><W10/><G36/><T134/><D134/><U50/><E50/><AGARI ba="0,1" hai="5,10,14,40,41,45,50,51,52,53,59" m="11679" machi="50" ten="30,7700,0" yaku="8,1,52,1,54,2" doraHai="2" who="3" fromWho="1" sc="201,0,284,-77,247,0,258,87" /><INIT seed="3,0,0,5,1,89" ten="201,207,247,345" oya="3" hai0="29,110,97,104,94,48,119,53,79,73,8,34,5" hai1="87,33,9,45,3,123,103,74,69,101,111,2,106" hai2="17,131,14,124,133,15,43,11,84,21,112,100,113" hai3="78,23,6,107,47,108,75,91,109,18,117,0,135"/><W85/><G117/><T7/><D119/><U35/><E123/><V82/><F100/><W41/><G107/><T67/><D110/><N who="3" m="42601" /><G78/><T25/><D104/><U30/><E111/><V132/><F43/><W86/><G75/><T125/><D125/><U120/><E120/><V129/><F84/><W116/><G116/><T32/><D32/><U83/><E106/><V49/><F49/><N who="3" m="26863" /><G135/><N who="2" m="51785" /><F82/><W40/><G40/><T58/><D73/><U56/><E74/><V70/><F70/><W102/><G102/><T39/><D79/><U95/><E69/><V44/><F44/><W4/><G0/><T37/><D67/><U114/><E45/><V134/><N who="2" m="51793" /><V127/><DORA hai="13" /><F14/><N who="3" m="9687" /><G86/><T118/><D5/><U122/><E122/><V81/><F81/><AGARI ba="0,0" hai="4,6,81,85,91" m="9687,26863,42601" machi="81" ten="30,5800,0" yaku="14,1,10,1,52,1" doraHai="89,13" who="3" fromWho="2" sc="201,0,207,0,247,-58,345,58" /><INIT seed="3,1,0,5,3,120" ten="201,207,189,403" oya="3" hai0="27,47,51,31,125,33,127,103,133,84,87,107,56" hai1="91,60,73,19,98,3,70,104,126,41,114,2,15" hai2="24,17,12,30,134,0,29,10,55,109,99,58,42" hai3="74,117,110,5,100,96,22,121,53,63,62,118,59"/><W64/><G121/><T28/><D133/><U14/><E114/><V32/><F134/><W115/><G74/><T78/><D56/><U92/><E104/><V26/><F109/><W25/><G5/><T16/><D28/><U128/><E73/><V132/><F132/><W108/><G115/><T67/><D67/><U50/><E126/><V23/><F42/><W123/><G123/><T79/><D103/><U54/><E41/><V69/><F69/><W61/><G22/><T11/><D107/><U106/><E106/><V68/><F68/><N who="3" m="42015" /><G25/><T93/><D87/><U90/><E128/><V83/><F83/><W89/><G89/><T86/><D86/><U36/><E36/><V39/><F99/><W21/><G21/><T94/><D94/><U45/><E14/><V46/><F0/><W116/><G96/><T40/><D93/><U129/><E129/><V119/><F46/><W20/><G20/><T131/><D131/><U6/><E6/><V8/><F39/><W122/><G100/><T124/><REACH who="0" step="1"/><D84/><REACH who="0" ten="191,207,189,403" step="2"/><U49/><E70/><V35/><REACH who="2" step="1"/><F119/><REACH who="2" ten="191,207,179,403" step="2"/><W18/><G122/><T44/><D44/><U71/><E45/><V102/><F102/><W4/><G118/><T48/><D48/><AGARI ba="1,2" hai="8,10,12,17,23,24,26,29,30,32,35,48,55,58" machi="48" ten="30,3900,0" yaku="1,1,7,1,9,1,53,0" doraHai="120" doraHaiUra="75" who="2" fromWho="0" sc="191,-42,207,0,179,62,403,0" /><INIT seed="4,0,0,0,1,80" ten="149,207,241,403" oya="0" hai0="0,84,88,37,32,127,104,51,7,81,90,11,10" hai1="83,23,67,117,130,73,131,15,109,116,3,19,100" hai2="77,9,61,39,113,68,115,62,28,95,112,101,119" hai3="92,71,118,125,12,40,120,27,106,8,66,4,31"/><T38/><D104/><U1/><E67/><V21/><F119/><N who="1" m="45641" /><E100/><V99/><F68/><W6/><G125/><T43/><D32/><U86/><E73/><V74/><F39/><W48/><G120/><T64/><D127/><U2/><E109/><V30/><F9/><W97/><G106/><T122/><D122/><U22/><E83/><N who="2" m="45495" /><F21/><N who="1" m="7689" /><E86/><V46/><F46/><W20/><G71/><T96/><D64/><U45/><E45/><V17/><F17/><W129/><G66/><T24/><D24/><U128/><E19/><V13/><F13/><AGARI ba="0,0" hai="1,2,3,13,15,128,130,131" m="7689,45641" machi="13" ten="50,8000,1" yaku="28,2,19,1,34,2" doraHai="80" who="1" fromWho="2" sc="149,0,207,80,241,-80,403,0" /><INIT seed="5,0,0,0,1,75" ten="149,287,161,403" oya="1" hai0="101,109,117,18,85,91,115,28,58,76,52,130,72" hai1="27,20,127,57,132,5,53,14,51,82,113,98,134" hai2="126,37,43,7,33,112,99,116,105,87,23,81,38" hai3="102,62,56,104,93,54,100,22,40,3,1,13,31"/><U94/><E113/><V78/><F112/><W50/><G104/><T106/><D115/><U67/><E67/><V64/><F116/><W35/><G35/><T89/><D117/><U46/><E46/><V9/><F33/><W107/><G107/><T83/><D130/><U77/><E127/><V6/><F126/><W73/><G73/><T60/><D109/><U17/><E5/><V2/><F7/><W10/><G3/><T65/><D28/><U110/><E110/><V66/><F23/><W25/><G1/><T111/><D111/><U44/><E44/><V59/><F59/><W34/><G34/><T120/><D120/><U55/><E55/><V42/><F38/><W131/><G131/><T12/><D65/><U84/><REACH who="1" step="1"/><E27/><REACH who="1" ten="149,277,161,403" step="2"/><V119/><F6/><W47/><G93/><T8/><REACH who="0" step="1"/><D72/><REACH who="0" ten="139,277,161,403" step="2"/><U11/><E11/><V26/><F9/><W16/><AGARI ba="0,2" hai="10,13,16,22,25,31,40,47,50,54,56,62,100,102" machi="16" ten="20,5200,0" yaku="0,1,7,1,8,1,54,1" doraHai="75" who="3" fromWho="3" sc="139,-13,277,-26,161,-13,403,72" /><INIT seed="6,0,0,3,0,22" ten="126,251,148,475" oya="2" hai0="28,112,62,65,69,8,78,40,56,91,34,42,64" hai1="2,108,24,127,79,31,92,125,114,48,44,11,21" hai2="128,95,16,26,119,118,0,135,103,115,80,55,111" hai3="117,30,27,74,5,61,81,23,50,46,60,88,116"/><V39/><F39/><W83/><G5/><T4/><D78/><U98/><E108/><V96/><F111/><W17/><G117/><T109/><D109/><U77/><E114/><V90/><F115/><W63/><G116/><T45/><D112/><U7/><E44/><V15/><F0/><W130/><G130/><T38/><D42/><U113/><E113/><V107/><F128/><W36/><G36/><T133/><D133/><U41/><E48/><V73/><F135/><W132/><G74/><T82/><D65/><U70/><E41/><V87/><F55/><W58/><G132/><T75/><D56/><U102/><REACH who="1" step="1"/><E70/><REACH who="1" ten="126,241,148,475" step="2"/><V53/><F119/><W59/><G30/><T72/><D82/><N who="3" m="31241" /><G88/><T35/><D91/><U129/><E129/><V126/><F118/><W51/><G51/><T52/><D52/><AGARI ba="0,1" hai="17,23,27,46,50,52,58,59,60,61,63" m="31241" machi="52" ten="30,3900,0" yaku="8,1,52,1,54,1" doraHai="22" who="3" fromWho="0" sc="126,-39,241,0,148,0,475,49" /><INIT seed="7,0,0,3,2,26" ten="87,241,148,524" oya="3" hai0="125,78,114,17,119,105,103,3,24,122,102,121,62" hai1="98,130,13,70,91,75,85,8,61,120,76,65,32" hai2="111,67,48,95,123,82,14,134,54,92,104,72,87" hai3="116,56,46,128,97,113,42,45,66,19,63,6,88"/><W37/><G19/><T115/><D62/><U5/><E120/><N who="0" m="46185" /><D3/><U34/><E130/><V12/><F111/><W53/><G46/><T77/><D24/><U39/><E39/><V21/><F104/><W99/><G63/><T80/><D17/><U90/><E75/><V33/><F72/><W10/><G45/><T2/><D2/><U132/><E76/><N who="0" m="29289" /><D125/><U41/><E41/><V28/><F33/><W94/><G53/><T27/><D27/><U58/><E98/><N who="3" m="37386" /><G10/><T35/><D35/><U86/><E132/><V101/><F134/><W135/><G42/><T73/><D119/><U31/><E31/><V18/><F28/><W127/><G66/><T133/><D133/><U100/><E100/><N who="0" m="38441" /><D105/><U16/><E70/><V109/><F67/><W49/><G6/><T9/><D9/><U7/><E32/><V108/><F18/><W60/><G60/><T96/><D96/><U126/><E34/><V20/><F101/><W30/><G30/><T4/><D4/><U107/><E7/><V40/><F40/><W0/><G0/><T68/><D68/><U52/><E65/><V51/><F21/><W106/><G106/><T38/><D38/><U55/><E107/><V83/><F20/><W124/><G37/><T112/><D73/><U69/><E69/><V22/><F22/><W23/><G23/><T129/><D80/><U93/><E5/><V59/><F83/><W74/><G74/><T57/><D57/><U118/><E55/><V1/><F54/><W71/><G71/><T79/><N who="0" m="29297" /><T50/><DORA hai="84" /><D50/><U81/><E52/><V15/><F1/><RYUUKYOKU ba="0,0" sc="87,30,241,-10,148,-10,524,-10" hai0="112,114,115,129" owari="117,-38.3,231,3.1,138,-26.2,514,61.4" /></mjloggm>