<mjloggm ver="2.3"><GO type="41" lobby="0"/><UN n0="%E7%80%AC%E5%90%8D%E5%B7%9D%E3%81%AF%E3%81%98%E3%82%81" n1="%E7%89%A7%E7%AC%9B" n2="%E2%93%9D%4C%75%63%6B%79%4A" n3="%E6%96%B0%E3%83%BB%E9%BB%84%E6%B2%B3%E3%81%AE%E3%82%93" dan="13,14,18,13" rate="1901.50,2023.19,2219.48,1923.98" sx="M,M,M,F"/><TAIKYOKU oya="0"/><INIT seed="0,0,0,1,5,81" ten="250,250,250,250" oya="0" hai0="101,52,1,9,75,111,21,3,44,31,48,100,20" hai1="59,73,95,23,120,112,15,116,43,67,65,99,130" hai2="88,89,14,79,40,86,110,114,12,64,94,10,19" hai3="42,50,53,36,105,58,2,115,13,38,34,128,63"/><T103/><D75/><U127/><E116/><V132/><F114/><W22/><G2/><T123/><D123/><U121/><E73/><V92/><F110/><W102/><G34/><T93/><D111/><U27/><E130/><V78/><F132/><W28/><G115/><T18/><D3/><U26/><E127/><V133/><F133/><W47/><G128/><T80/><D1/><U90/><E112/><V96/><F64/><W25/><G105/><T41/><D31/><U122/><E43/><V51/><F14/><W66/><G102/><T57/><D80/><U39/><E39/><V0/><F0/><W62/><REACH who="3" step="1"/><G13/><REACH who="3" ten="250,250,250,240" step="2"/><T117/><D117/><U37/><E15/><V69/><F69/><AGARI ba="0,1" hai="22,25,28,36,38,42,47,50,53,58,62,63,66,69" machi="69" ten="30,3900,0" yaku="1,1,2,1,7,1,53,0" doraHai="81" doraHaiUra="82" who="3" fromWho="2" sc="250,0,250,0,250,-39,240,49" /><INIT seed="1,0,0,4,5,129" ten="250,250,211,289" oya="1" hai0="35,102,115,106,38,92,57,114,104,20,83,119,133" hai1="44,111,5,126,9,67,121,101,19,0,82,96,94" hai2="118,12,91,78,70,107,3,43,108,41,59,32,125" hai3="45,99,55,54,28,13,109,87,27,64,124,135,21"/><U123/><E126/><V65/><F3/><W18/><G109/><T74/><D35/><U23/><E111/><V7/><F108/><W81/><G124/><T30/><D38/><U117/><E117/><V80/><F107/><W100/><G64/><T51/><D119/><U71/><E71/><V17/><F7/><W60/><G60/><T84/><D20/><U66/><E82/><V47/><F32/><W34/><G135/><T46/><D57/><U98/><E44/><V49/><F70/><W113/><G113/><N who="0" m="43019" /><D51/><U2/><E2/><V116/><F91/><W52/><G45/><T58/><D58/><U31/><E31/><V73/><F43/><W103/><REACH who="3" step="1"/><G99/><REACH who="3" ten="250,250,211,279" step="2"/><N who="0" m="59751" /><D46/><U88/><E67/><V112/><F112/><W63/><G63/><T56/><D56/><U77/><E66/><V8/><REACH who="2" step="1"/><F125/><REACH who="2" ten="250,250,201,279" step="2"/><W110/><G110/><T86/><D133/><U131/><E131/><V89/><F89/><AGARI ba="0,2" hai="13,18,21,27,28,34,52,54,55,81,87,89,100,103" machi="89" ten="40,2600,0" yaku="1,1,54,1,53,0" doraHai="129" doraHaiUra="122" who="3" fromWho="2" sc="250,0,250,0,201,-26,279,46" /><INIT seed="2,0,0,5,0,27" ten="250,250,175,325" oya="2" hai0="24,4,40,61,0,91,82,111,104,43,127,44,26" hai1="46,90,97,33,131,83,85,54,28,58,81,125,121" hai2="130,101,134,112,108,74,135,21,67,29,14,45,119" hai3="66,123,71,73,18,2,77,47,65,17,103,42,41"/><V34/><F74/><W99/><G123/><T25/><D104/><U11/><E131/><V62/><F112/><W37/><G41/><T122/><D122/><U110/><E110/><V35/><F119/><W7/><G17/><T10/><D111/><U117/><E125/><V3/><F108/><W56/><G18/><T94/><D127/><U124/><E117/><V31/><F3/><W1/><G56/><T53/><D82/><U36/><E124/><V79/><F79/><W107/><G7/><T63/><D53/><U87/><E97/><V80/><F80/><N who="3" m="45103" /><G65/><T16/><D16/><U113/><E113/><V114/><F101/><W129/><G129/><T57/><D57/><U19/><E36/><V95/><F95/><W105/><G107/><T39/><REACH who="0" step="1"/><D43/><REACH who="0" ten="240,250,175,325" step="2"/><U49/><E121/><V50/><F114/><W132/><G42/><T52/><D52/><U69/><E58/><V23/><F130/><W116/><G105/><T9/><D9/><U75/><E75/><V115/><F115/><W6/><G116/><T32/><D32/><U72/><E72/><V102/><F35/><W68/><G71/><T59/><D59/><U70/><E11/><V20/><F34/><W128/><G68/><T93/><D93/><U86/><E19/><N who="2" m="10743" /><F21/><W51/><G128/><T109/><D109/><U76/><E69/><N who="2" m="42231" /><F20/><W48/><G6/><T133/><D133/><N who="2" m="50698" /><F102/><W126/><G103/><T88/><D88/><U106/><E70/><V22/><F22/><W84/><G132/><T92/><D92/><U60/><E106/><V64/><F64/><W55/><G126/><T38/><D38/><RYUUKYOKU ba="0,1" sc="240,15,250,-15,175,15,325,-15" hai0="0,4,10,24,25,26,39,40,44,61,63,91,94" hai2="29,31,45,50" /><INIT seed="2,1,1,3,3,106" ten="255,235,190,310" oya="2" hai0="70,41,119,82,31,19,54,80,71,5,52,121,22" hai1="107,109,95,120,17,98,127,42,4,84,28,10,15" hai2="25,14,122,108,32,126,63,9,111,61,67,20,62" hai3="129,102,124,50,7,79,76,89,77,45,68,58,123"/><V16/><F122/><W113/><G68/><T96/><D121/><U46/><E120/><V3/><F126/><W44/><G123/><T11/><D31/><U105/><E127/><V112/><F112/><W101/><G113/><T131/><D131/><U27/><E84/><V104/><F104/><W49/><G129/><T29/><D29/><U118/><E109/><N who="2" m="42059" /><F3/><W69/><G69/><T35/><D35/><U81/><E81/><V133/><F32/><W87/><G7/><T13/><D41/><U73/><E73/><V53/><F53/><N who="3" m="32047" /><G124/><T134/><D134/><U74/><E74/><V99/><F99/><W103/><G50/><T39/><D39/><U60/><E118/><V1/><F1/><W12/><G12/><T23/><D119/><U21/><E60/><V90/><F90/><W130/><G130/><T59/><D96/><U66/><E66/><V114/><F114/><W72/><G72/><T34/><D34/><U26/><E26/><V132/><F67/><W38/><G38/><T92/><D92/><AGARI ba="1,1" hai="44,45,76,77,79,87,89,92,101,102,103" m="32047" machi="92" ten="30,1000,0" yaku="8,1" doraHai="106" who="3" fromWho="0" sc="255,-13,235,0,190,0,310,23" /><INIT seed="3,0,0,5,4,113" ten="242,235,190,333" oya="3" hai0="60,38,20,1,56,13,103,17,35,44,32,115,18" hai1="99,27,14,84,112,121,106,110,116,70,131,82,130" hai2="26,62,61,29,125,76,132,10,129,105,43,104,75" hai3="135,81,97,49,28,86,114,120,83,53,118,30,89"/><W39/><G39/><T79/><D115/><U93/><E70/><V8/><F125/><W122/><G114/><T90/><D1/><U11/><E112/><V126/><F126/><W64/><G135/><T48/><D38/><U34/><E121/><V47/><F76/><W65/><G118/><T7/><D7/><U109/><E27/><V107/><F75/><W55/><G97/><T87/><D79/><U63/><E63/><V57/><F129/><N who="1" m="49161" /><E34/><V40/><F132/><W41/><G41/><T46/><D103/><N who="1" m="62847" /><E14/><V4/><F62/><W2/><G2/><T9/><D35/><U69/><E11/><V54/><F43/><W101/><G101/><T67/><D32/><U68/><E93/><V0/><F10/><W31/><G120/><T95/><REACH who="0" step="1"/><D48/><REACH who="0" ten="232,235,190,333" step="2"/><U22/><E110/><V127/><F127/><W5/><G5/><T88/><D88/><N who="1" m="51223" /><E109/><V50/><REACH who="2" step="1"/><F107/><REACH who="2" ten="232,235,180,333" step="2"/><W98/><G122/><T111/><D111/><U72/><E72/><V19/><F19/><W74/><G74/><T58/><D58/><U96/><E69/><V15/><F15/><AGARI ba="0,2" hai="9,13,15,17,18,20,44,46,56,60,67,87,90,95" machi="15" ten="30,3900,0" yaku="1,1,7,1,8,1,53,0" doraHai="113" doraHaiUra="94" who="0" fromWho="2" sc="232,59,235,0,180,-39,333,0" /><INIT seed="4,0,0,1,2,58" ten="291,235,141,333" oya="0" hai0="99,103,16,76,75,28,105,54,6,49,1,42,77" hai1="11,81,110,108,79,85,36,104,20,15,115,126,48" hai2="100,21,33,114,26,131,43,13,23,12,51,41,59" hai3="57,129,117,123,68,32,78,44,22,19,111,122,83"/><T2/><D42/><U46/><E104/><V3/><F3/><W35/><G68/><T72/><D28/><U70/><E36/><V135/><F135/><W74/><G117/><T112/><D112/><U45/><E126/><V107/><F33/><W40/><G111/><T27/><D6/><U64/><E46/><V96/><F131/><W24/><G129/><T80/><D2/><U130/><E130/><V14/><F114/><W93/><G93/><T89/><D1/><U50/><E50/><V71/><F71/><W128/><G128/><T5/><D5/><U60/><E20/><V132/><F132/><W62/><G122/><T97/><D97/><U63/><E63/><V134/><F23/><W113/><G123/><T10/><D10/><U37/><E37/><V106/><F107/><W109/><G109/><T125/><D125/><U127/><E127/><V30/><REACH who="2" step="1"/><F134/><REACH who="2" ten="291,235,131,333" step="2"/><W91/><G113/><T38/><D27/><U69/><E69/><V82/><F82/><W86/><G83/><T84/><D75/><U4/><REACH who="1" step="1"/><E115/><REACH who="1" ten="291,225,131,333" step="2"/><V133/><F133/><W61/><G32/><T8/><D72/><U87/><E87/><V7/><F7/><W116/><G74/><T94/><D105/><U31/><E31/><V88/><F88/><W53/><G35/><T65/><D77/><U25/><E25/><V90/><F90/><W66/><G78/><T120/><D76/><U47/><E47/><V92/><F92/><W29/><G116/><T98/><D120/><U118/><E118/><V67/><F67/><W9/><G66/><T17/><D65/><U121/><E121/><RYUUKYOKU ba="0,2" sc="291,-15,225,15,131,15,333,-15" hai1="4,11,15,45,48,60,64,70,79,81,85,108,110" hai2="12,13,14,21,26,30,41,43,51,59,96,100,106" /><INIT seed="5,1,2,0,2,74" ten="276,240,146,318" oya="1" hai0="29,67,89,15,4,12,96,117,100,78,6,97,42" hai1="55,31,5,47,112,60,8,91,129,62,3,121,66" hai2="120,14,133,54,81,33,25,116,95,51,135,7,84" hai3="57,58,36,111,16,109,103,45,71,132,75,108,38"/><U21/><E121/><V2/><F120/><W56/><G75/><T28/><D67/><U83/><E112/><V39/><F39/><W34/><G34/><T114/><D114/><U49/><E129/><V18/><F2/><W27/><G103/><T102/><D42/><U92/><E83/><V68/><F7/><W63/><G16/><T77/><REACH who="0" step="1"/><D89/><REACH who="0" ten="266,240,146,318" step="2"/><U98/><REACH who="1" step="1"/><E66/><REACH who="1" ten="266,230,146,318" step="2"/><V131/><F131/><W43/><G108/><T134/><D134/><U40/><E40/><V65/><F65/><W32/><G43/><T26/><D26/><AGARI ba="1,4" hai="3,5,8,21,26,31,47,49,55,60,62,91,92,98" machi="26" ten="40,2000,0" yaku="1,1,53,0" doraHai="74" doraHaiUra="30" who="1" fromWho="0" sc="266,-23,230,63,146,0,318,0" /><INIT seed="5,2,0,1,4,117" ten="243,293,146,318" oya="1" hai0="96,113,99,92,124,88,78,102,15,2,116,7,134" hai1="5,68,77,31,34,50,49,56,93,100,54,46,33" hai2="24,12,70,30,38,83,18,43,55,94,110,72,122" hai3="107,121,23,20,131,106,91,4,133,127,64,89,81"/><U95/><E68/><V61/><F110/><W48/><G4/><T125/><D116/><U57/><E77/><V41/><F38/><W129/><G64/><T108/><D108/><U135/><E135/><V51/><F122/><W80/><G48/><T71/><D71/><U6/><E31/><V28/><F72/><W36/><G127/><T132/><D2/><U75/><E75/><V112/><F83/><W14/><G14/><T67/><D67/><U123/><E100/><V103/><F112/><W35/><G36/><T79/><D15/><U130/><E130/><V11/><F30/><W115/><G35/><T62/><D62/><U120/><E54/><V111/><F111/><W97/><G97/><T65/><D65/><U73/><E73/><V32/><F61/><W47/><G47/><AGARI ba="2,0" hai="5,6,33,34,46,47,49,50,56,57,93,95,120,123" machi="47" ten="25,9600,0" yaku="22,2,52,2" doraHai="117" who="1" fromWho="3" sc="243,0,293,102,146,0,318,-102" /><INIT seed="5,3,0,4,4,35" ten="243,395,146,216" oya="1" hai0="40,19,59,118,67,133,39,26,93,50,56,73,69" hai1="42,84,61,68,25,58,77,109,130,0,55,135,45" hai2="110,60,48,30,64,111,117,79,27,70,123,10,97" hai3="17,4,91,15,8,2,119,89,87,131,107,66,37"/><U99/><E0/><V71/><F123/><W49/><G37/><T125/><D73/><U28/><E130/><V85/><F117/><W115/><G115/><T103/><D118/><U24/><E135/><V82/><F71/><W23/><G131/><T12/><D133/><U41/><E68/><V86/><F86/><W113/><G113/><T100/><D26/><U132/><E109/><V11/><F48/><W62/><G107/><T7/><D7/><U98/><E25/><V122/><F122/><W22/><G119/><T74/><D74/><U43/><E45/><V101/><F111/><W51/><G22/><T16/><D19/><U32/><REACH who="1" step="1"/><E132/><REACH who="1" ten="243,385,146,216" step="2"/><V54/><F110/><W75/><G75/><T1/><D1/><U94/><E94/><V80/><F82/><AGARI ba="3,1" hai="24,28,32,41,42,43,55,58,61,77,82,84,98,99" machi="82" ten="40,12000,1" yaku="1,1,53,3" doraHai="35" doraHaiUra="36" who="1" fromWho="2" sc="243,0,385,139,146,-129,216,0" /><INIT seed="5,4,0,4,3,76" ten="243,524,17,216" oya="1" hai0="39,65,12,63,116,120,82,26,19,8,70,125,54" hai1="57,95,34,21,97,30,66,33,84,29,122,119,112" hai2="83,50,41,85,14,48,117,0,91,75,42,46,6" hai3="78,77,67,4,106,111,98,44,35,64,5,61,126"/><U55/><E112/><V62/><F117/><W89/><G35/><T118/><D120/><U110/><E110/><V59/><F75/><W113/><G111/><T124/><D82/><U109/><E109/><V24/><F0/><W107/><G113/><T49/><D26/><U17/><E66/><V56/><F24/><W87/><G126/><N who="0" m="48747" /><D39/><U69/><E69/><V88/><F91/><W103/><G106/><T3/><D3/><U18/><E34/><V58/><F42/><W121/><G121/><T80/><D80/><U81/><E33/><V135/><F135/><W16/><G44/><AGARI ba="4,0" hai="8,12,19,44,49,54,63,65,70,116,118" m="48747" machi="44" ten="30,1000,0" yaku="18,1" doraHai="76" who="0" fromWho="3" sc="243,22,524,0,17,0,216,-22" /><INIT seed="6,0,0,0,2,75" ten="265,524,17,194" oya="2" hai0="82,107,112,20,89,33,19,59,104,31,88,12,41" hai1="70,102,15,97,29,53,11,135,94,45,106,63,61" hai2="8,127,98,101,77,27,3,128,95,21,73,130,68" hai3="32,114,24,100,93,13,120,30,72,80,108,96,85"/><V132/><F68/><W55/><G108/><T117/><D117/><U16/><E135/><V71/><F71/><W38/><G120/><T40/><D112/><U39/><E106/><V74/><F132/><W17/><G114/><T78/><D31/><U79/><E39/><V110/><F110/><W1/><G38/><T109/><D109/><U129/><E129/><N who="2" m="49771" /><F8/><W103/><G72/><N who="2" m="27753" /><F3/><W51/><G1/><T6/><D33/><U18/><E70/><V133/><F133/><W22/><G93/><T65/><D107/><U58/><E29/><N who="2" m="17647" /><F127/><W23/><G32/><T115/><D104/><U84/><E18/><V44/><F44/><W42/><G42/><T113/><D113/><U124/><E45/><V81/><F81/><W26/><G26/><T90/><D115/><U121/><E124/><V92/><F95/><W49/><G30/><T87/><D6/><U60/><E121/><V54/><F54/><W134/><G134/><T119/><D119/><U50/><E63/><AGARI ba="0,0" hai="12,19,20,40,41,59,63,65,78,82,87,88,89,90" machi="63" ten="40,5200,0" yaku="8,1,52,1,54,1" doraHai="75" who="0" fromWho="1" sc="265,52,524,-52,17,0,194,0" /><INIT seed="7,0,0,2,5,65" ten="317,472,17,194" oya="3" hai0="7,110,117,97,40,106,63,96,123,91,84,68,108" hai1="17,132,99,42,43,1,72,120,3,103,95,8,92" hai2="82,0,77,22,88,76,36,31,21,56,130,83,53" hai3="60,35,19,111,86,29,121,26,48,28,87,133,127"/><W30/><G121/><T10/><D123/><U104/><E72/><V61/><F130/><W128/><G128/><T71/><D117/><U81/><E81/><V59/><F0/><W115/><G133/><T70/><D63/><U47/><E42/><V51/><F36/><W89/><G115/><T25/><D25/><U55/><E55/><V16/><F31/><W44/><G127/><T5/><D40/><U14/><E132/><V135/><F135/><W38/><G38/><T98/><D106/><U6/><E1/><V73/><F22/><W112/><G112/><T11/><D84/><U15/><E3/><V116/><F116/><W80/><G111/><N who="0" m="42539" /><D91/><U39/><E120/><V34/><F34/><W41/><G35/><T32/><D32/><U90/><E90/><V69/><F88/><N who="3" m="51271" /><G60/><T52/><D52/><U74/><E74/><V58/><F83/><N who="3" m="49407" /><G26/><T85/><D85/><U13/><E13/><V54/><F77/><W101/><G19/><T49/><D49/><U23/><AGARI ba="0,0" hai="6,8,14,15,17,23,39,43,47,92,95,99,103,104" machi="23" ten="20,1500,0" yaku="0,1,7,1" doraHai="65" who="1" fromWho="1" sc="317,-4,472,15,17,-4,194,-7" owari="313,11.3,487,58.7,13,-48.7,187,-21.3" /></mjloggm>