<mjloggm ver="2.3"><GO type="41" lobby="0"/><UN n0="%E3%81%AF%E3%82%8B%E3%81%BC%E3%83%BC" n1="%E4%B8%80%E6%89%8B%E8%88%9E" n2="%E2%93%9D%4C%75%63%6B%79%4A" n3="%E6%81%90%E5%B1%B1%E5%AE%89%E5%A8%9C" dan="14,14,18,13" rate="1954.79,1908.24,2183.92,1862.33" sx="M,M,M,F"/><TAIKYOKU oya="0"/><INIT seed="0,0,0,4,4,3" ten="250,250,250,250" oya="0" hai0="87,53,42,132,34,104,71,39,133,57,48,37,45" hai1="67,63,74,98,1,116,12,31,89,52,117,99,14" hai2="21,123,82,111,28,17,113,35,114,13,76,43,115" hai3="19,126,97,88,24,6,121,124,66,131,120,5,72"/><T84/><D104/><U94/><E1/><V2/><F43/><W77/><G66/><T7/><D34/><U9/><E74/><V101/><F101/><W44/><G131/><T83/><D87/><U47/><E31/><V135/><F123/><N who="3" m="47179" /><G44/><T20/><D20/><U70/><E99/><V26/><F111/><W41/><G41/><T55/><D53/><U73/><E12/><V16/><F135/><W100/><G77/><T118/><D118/><U80/><E80/><V38/><F38/><W79/><G79/><T27/><D27/><U11/><E11/><V30/><F2/><W75/><G19/><T68/><D39/><U46/><E46/><V58/><F58/><W15/><G15/><T8/><D132/><U86/><E98/><V96/><F96/><W59/><G59/><T61/><D37/><U22/><E22/><V25/><REACH who="2" step="1"/><F13/><REACH who="2" ten="250,250,240,250" step="2"/><W106/><G24/><T134/><D134/><U33/><E73/><AGARI ba="0,1" hai="16,17,21,25,26,28,30,35,73,76,82,113,114,115" machi="73" ten="40,5200,0" yaku="1,1,2,1,54,1,53,0" doraHai="3" doraHaiUra="54" who="2" fromWho="1" sc="250,0,250,-52,240,62,250,0" /><INIT seed="1,0,0,3,4,134" ten="250,198,302,250" oya="1" hai0="112,96,87,11,126,99,118,27,13,110,32,122,106" hai1="53,37,50,80,44,29,95,1,76,73,71,24,113" hai2="33,12,63,117,18,75,67,93,15,104,4,90,62" hai3="85,70,105,58,131,127,101,22,6,35,123,77,103"/><U102/><E113/><V81/><F117/><W40/><G35/><T84/><D112/><U94/><E1/><V14/><F104/><W124/><G70/><T17/><D118/><U88/><E71/><V68/><F33/><W98/><G123/><T9/><D110/><U129/><E129/><V42/><F42/><W72/><G6/><T48/><D122/><U2/><E2/><V119/><F119/><W30/><G40/><T115/><D115/><U78/><E37/><V69/><F4/><W82/><G58/><T128/><D128/><U54/><E78/><V8/><F81/><N who="3" m="45223" /><G22/><T25/><D32/><U57/><E102/><V121/><F75/><W39/><G30/><T92/><D106/><U26/><E94/><V100/><F100/><W7/><G7/><T66/><D66/><U23/><E24/><V38/><F38/><W79/><G39/><T16/><D48/><U56/><REACH who="1" step="1"/><E54/><REACH who="1" ten="250,188,302,250" step="2"/><V114/><F114/><W120/><G131/><T89/><D89/><U36/><E36/><V97/><F121/><W46/><G120/><T107/><D92/><U135/><E135/><V109/><F109/><W130/><G130/><T34/><D107/><U59/><E59/><V60/><F69/><W19/><G46/><T125/><D34/><U21/><E21/><V52/><F68/><W45/><G45/><T47/><D47/><U5/><E5/><V10/><F67/><W83/><G103/><T111/><D111/><U31/><E31/><V49/><REACH who="2" step="1"/><F10/><REACH who="2" ten="250,188,292,250" step="2"/><W116/><G116/><T132/><D132/><U0/><E0/><V43/><F43/><W74/><G19/><RYUUKYOKU ba="0,2" sc="250,0,188,0,292,0,250,0" hai0="9,11,13,16,17,25,27,84,87,96,99,125,126" hai1="23,26,29,44,50,53,56,57,73,76,80,88,95" hai2="8,12,14,15,18,49,52,60,62,63,90,93,97" hai3="74,79,82,83,85,98,101,105,124,127" /><INIT seed="1,1,2,3,3,6" ten="250,188,292,250" oya="1" hai0="55,128,125,99,11,72,76,102,73,123,134,97,81" hai1="5,41,50,135,47,67,87,22,84,7,75,68,15" hai2="129,49,8,14,83,36,62,119,48,18,52,112,53" hai3="124,103,23,104,9,78,45,31,64,92,1,86,21"/><U17/><E135/><V10/><F36/><W29/><G124/><T108/><D134/><U116/><E116/><V4/><F119/><W122/><G122/><T24/><D125/><U3/><E75/><V98/><F129/><W93/><G104/><T69/><D69/><U66/><E5/><V71/><F112/><W91/><G64/><T42/><D42/><U94/><E68/><V114/><F114/><W19/><G1/><T96/><D128/><U110/><E110/><V131/><F131/><W113/><G78/><T127/><D108/><U30/><E30/><N who="3" m="11274" /><G45/><T32/><D32/><U56/><E56/><V70/><F98/><N who="3" m="59847" /><G113/><T88/><D24/><N who="1" m="14415" /><E3/><V115/><F115/><W65/><G65/><N who="1" m="24586" /><E94/><V58/><F83/><W120/><G120/><T63/><D127/><U60/><E60/><V107/><F107/><W43/><G43/><T34/><D34/><U51/><E51/><V16/><F62/><W77/><G77/><T130/><D130/><U82/><E82/><V109/><F109/><W59/><G59/><T2/><D73/><U89/><E89/><V35/><F35/><W85/><G85/><T37/><D37/><U126/><E126/><V13/><F4/><W39/><G39/><T132/><D132/><U118/><E118/><V12/><F14/><AGARI ba="1,2" hai="9,14,19,21,23,86,91,93" m="59847,11274" machi="14" ten="30,2000,0" yaku="8,1,52,1" doraHai="6" who="3" fromWho="2" sc="250,0,188,0,292,-23,250,43" /><INIT seed="2,0,0,3,2,67" ten="250,188,269,293" oya="2" hai0="64,118,48,131,111,109,34,13,0,106,27,84,87" hai1="46,25,85,24,132,63,62,39,73,23,107,133,57" hai2="94,122,21,11,100,66,41,49,22,58,128,38,91" hai3="37,130,47,35,59,10,65,120,52,56,53,70,28"/><V105/><F122/><W86/><G120/><T50/><D0/><U14/><E73/><V96/><F128/><W125/><G35/><T92/><D106/><U9/><E107/><V77/><F38/><W42/><G28/><T104/><D104/><U8/><E39/><V32/><F32/><W90/><G130/><T112/><D112/><U54/><E46/><V82/><F11/><W83/><G125/><T40/><D131/><U103/><E103/><V110/><F110/><N who="0" m="41994" /><D64/><U95/><E63/><V102/><F41/><W17/><G56/><T72/><D72/><U15/><E132/><V69/><F102/><W80/><G80/><T119/><D13/><U1/><E1/><V31/><F31/><W68/><G53/><T114/><D114/><U135/><E135/><V78/><F78/><W19/><G65/><T2/><D2/><U129/><E129/><V113/><F113/><W3/><G19/><T75/><D75/><U98/><E98/><V79/><F79/><W123/><G123/><T16/><D34/><U99/><E99/><V124/><F124/><W101/><G101/><T115/><D115/><U116/><E23/><V29/><F29/><W126/><G126/><T6/><D6/><N who="1" m="3351" /><E116/><N who="0" m="44585" /><D40/><U30/><E30/><V97/><F22/><W26/><G3/><T60/><D60/><U93/><E133/><V7/><F21/><N who="3" m="13615" /><G10/><T18/><D27/><N who="1" m="10315" /><E85/><N who="0" m="32841" /><D92/><U121/><E121/><V76/><F105/><W51/><G83/><T61/><D61/><U71/><E71/><V4/><F69/><W117/><G117/><T55/><D50/><U20/><E20/><V45/><F100/><RYUUKYOKU ba="0,0" sc="250,10,188,10,269,-30,293,10" hai0="16,18,48,55" hai1="9,15,54,57,62,93,95" hai3="37,42,47,51,52,59,68,70,86,90" /><INIT seed="3,1,0,2,2,86" ten="260,198,239,303" oya="3" hai0="83,106,84,22,102,118,30,34,72,100,96,46,59" hai1="10,2,78,39,55,85,92,47,134,104,11,87,24" hai2="43,49,20,109,111,12,108,132,0,113,98,121,112" hai3="27,62,115,65,53,80,70,16,61,91,15,119,13"/><W32/><G119/><T3/><D3/><U68/><E134/><V14/><F43/><W81/><G115/><N who="2" m="44105" /><F49/><W17/><G32/><T105/><D118/><U69/><E104/><V51/><F51/><W90/><G27/><T75/><D34/><U93/><E24/><V82/><F82/><W125/><G53/><T33/><D33/><U21/><E21/><V7/><F98/><W129/><G70/><T67/><D46/><U63/><E39/><V37/><F37/><W4/><G4/><T124/><D30/><U74/><E74/><V79/><F79/><W18/><G65/><T117/><D22/><U88/><E2/><V99/><F99/><W44/><G18/><T94/><D117/><U131/><E131/><V28/><F121/><W26/><G26/><T42/><D42/><U133/><E133/><V101/><F101/><W9/><G9/><T56/><D67/><U25/><E25/><N who="2" m="16423" /><F132/><W5/><G5/><T8/><D59/><U107/><E107/><V41/><F41/><W103/><G129/><T54/><D8/><AGARI ba="1,0" hai="0,7,8,12,14,108,109,111" m="16423,44105" machi="8" ten="40,5200,0" yaku="14,1,34,2" doraHai="86" who="2" fromWho="0" sc="260,-55,198,0,239,55,303,0" /><INIT seed="4,0,0,4,4,54" ten="205,198,294,303" oya="0" hai0="133,60,50,83,36,20,107,102,38,63,82,80,90" hai1="64,59,72,51,55,7,29,52,13,99,46,100,74" hai2="56,18,67,124,128,41,87,8,110,17,96,10,34" hai3="112,132,93,126,15,37,121,88,78,111,109,122,23"/><T31/><D133/><U49/><E29/><V11/><F110/><W125/><G37/><T70/><D50/><U104/><REACH who="1" step="1"/><E64/><REACH who="1" ten="205,188,294,303" step="2"/><V45/><F67/><W135/><G112/><T44/><D31/><U14/><E14/><V98/><F18/><N who="3" m="10719" /><G111/><T71/><D71/><U35/><E35/><V39/><F34/><W134/><G109/><T106/><D70/><U69/><E69/><V9/><F17/><W21/><G21/><T108/><D20/><U114/><E114/><V97/><F11/><AGARI ba="0,1" hai="7,11,13,46,49,51,52,55,59,72,74,99,100,104" machi="11" ten="40,5200,0" yaku="1,1,52,1,54,1,53,0" doraHai="54" doraHaiUra="119" who="1" fromWho="2" sc="205,0,188,62,294,-52,303,0" /><INIT seed="5,0,0,1,0,83" ten="205,250,242,303" oya="1" hai0="122,113,111,105,39,29,12,46,59,38,98,57,15" hai1="45,9,20,50,41,27,76,7,58,4,85,10,129" hai2="40,95,24,56,131,77,110,107,66,99,73,75,1" hai3="128,60,36,67,92,25,35,16,6,30,5,91,135"/><U34/><E34/><V127/><F1/><W11/><G36/><T109/><D29/><U82/><E129/><V52/><F110/><W69/><G135/><T31/><D31/><U116/><E116/><V51/><F107/><W102/><G102/><T132/><D46/><U13/><E58/><V78/><F127/><W8/><G128/><T117/><D117/><U49/><E50/><V94/><F75/><W2/><G6/><T17/><D113/><U101/><E101/><V121/><F121/><W37/><G37/><T125/><D122/><U26/><E20/><V47/><F73/><W126/><G126/><T28/><D28/><U3/><AGARI ba="0,0" hai="3,4,7,9,10,13,26,27,41,45,49,76,82,85" machi="3" ten="20,12000,1" yaku="0,1,7,1,25,2,52,1" doraHai="83" who="1" fromWho="1" sc="205,-40,250,120,242,-40,303,-40" /><INIT seed="5,1,0,2,0,103" ten="165,370,202,263" oya="1" hai0="6,89,52,104,7,63,88,59,9,4,118,96,10" hai1="127,107,5,22,65,24,74,123,20,43,99,15,36" hai2="90,42,76,102,12,68,122,106,14,117,67,32,111" hai3="134,121,11,38,47,39,81,130,79,84,37,113,26"/><U78/><E123/><V80/><F122/><W86/><G113/><T72/><D72/><U56/><E127/><V64/><F32/><W66/><G121/><T119/><D119/><U133/><E133/><V54/><F42/><W92/><G134/><T50/><D118/><U53/><E65/><V46/><F90/><N who="0" m="34922" /><D104/><U21/><E43/><V8/><F14/><W114/><G114/><T27/><D96/><U28/><E36/><V85/><F111/><W62/><G92/><T60/><D27/><U100/><E5/><N who="0" m="1281" /><T61/><AGARI ba="1,0" hai="9,10,50,52,59,60,61,63" m="1281,34922" machi="61" ten="40,8000,1" yaku="4,1,8,1,54,2" doraHai="103" who="0" fromWho="0" sc="165,83,370,-41,202,-21,263,-21" /><INIT seed="6,0,0,0,0,128" ten="248,329,181,242" oya="2" hai0="65,94,83,125,78,63,12,91,0,120,11,62,40" hai1="44,118,49,134,86,76,64,56,89,71,90,116,77" hai2="126,16,97,123,59,13,51,41,80,95,102,79,9" hai3="69,99,50,70,60,43,17,111,38,121,113,35,115"/><V81/><F123/><W75/><G75/><T53/><D120/><U20/><E134/><V67/><F126/><W131/><G121/><T39/><D125/><U1/><E71/><V32/><F32/><W61/><G35/><T57/><D0/><U85/><E1/><V114/><F114/><N who="3" m="43531" /><G131/><T7/><D39/><U34/><E34/><V130/><F130/><W2/><G2/><T108/><D40/><U119/><E20/><V14/><F79/><W127/><G17/><T133/><D108/><U93/><E56/><V135/><F135/><W87/><G99/><T29/><D29/><U100/><E64/><V112/><F112/><W74/><G74/><T107/><D107/><U30/><E30/><V46/><REACH who="2" step="1"/><F14/><REACH who="2" ten="248,329,171,242" step="2"/><W48/><G127/><T109/><D133/><U73/><E73/><V27/><F27/><W4/><G111/><T18/><D109/><U104/><E76/><V3/><F3/><W96/><G70/><T42/><D78/><U68/><E77/><V132/><F132/><W82/><G69/><T88/><D83/><U25/><E68/><V58/><F58/><W45/><G82/><T22/><D94/><U124/><E25/><V31/><F31/><W37/><G45/><T54/><D63/><AGARI ba="0,1" hai="9,13,16,41,46,51,59,63,67,80,81,95,97,102" machi="63" ten="40,12000,1" yaku="1,1,8,1,54,1,53,1" doraHai="128" doraHaiUra="52" who="2" fromWho="0" sc="248,-120,329,0,171,130,242,0" /><INIT seed="6,1,0,0,5,101" ten="128,329,301,242" oya="2" hai0="102,17,78,118,30,134,69,120,116,54,79,82,36" hai1="130,77,6,25,24,11,26,70,3,52,13,66,18" hai2="22,126,97,109,84,51,32,55,60,48,106,56,103" hai3="29,113,12,124,94,128,35,38,88,5,65,62,16"/><V125/><F32/><W81/><G38/><T64/><D120/><U135/><E130/><V59/><F109/><W74/><G128/><T133/><D36/><U111/><E111/><V121/><F121/><W99/><G124/><N who="2" m="47721" /><F84/><W86/><G5/><T31/><D54/><U34/><E135/><N who="0" m="51721" /><D17/><U96/><E77/><N who="0" m="29193" /><D64/><U117/><E117/><N who="0" m="45161" /><D69/><U23/><E96/><V27/><F59/><W61/><G113/><T68/><D68/><U90/><E90/><V4/><F4/><W83/><G29/><AGARI ba="1,0" hai="22,27,29,48,51,55,56,60,97,103,106" m="47721" machi="29" ten="30,2900,0" yaku="18,1,52,1" doraHai="101" who="2" fromWho="3" sc="128,0,329,0,301,32,242,-32" /><INIT seed="6,2,0,2,0,21" ten="128,329,333,210" oya="2" hai0="66,35,10,0,74,11,7,4,1,8,104,28,78" hai1="16,38,76,83,45,113,95,34,134,86,98,44,115" hai2="119,106,55,18,57,120,88,30,99,81,23,68,93" hai3="105,51,135,65,90,61,103,127,85,13,112,20,67"/><V29/><F120/><W132/><G127/><T131/><D104/><U121/><E134/><V73/><F68/><W36/><G36/><T39/><D66/><U46/><E121/><V12/><F119/><W100/><G112/><N who="1" m="43082" /><E38/><V6/><F106/><W15/><G105/><T84/><D84/><U70/><E70/><V54/><F55/><W62/><G20/><T17/><D39/><U5/><E34/><V110/><F110/><W58/><G51/><T87/><D87/><U72/><E5/><V32/><F32/><W126/><G126/><T25/><D78/><U75/><E16/><V3/><F3/><W97/><G97/><T41/><D41/><U53/><E53/><V111/><F111/><W52/><G132/><T33/><D74/><U82/><E82/><V91/><F6/><W108/><G108/><T69/><D69/><U42/><E42/><V109/><F109/><W43/><G43/><T116/><D131/><U22/><E22/><V114/><F114/><W59/><G67/><T2/><D116/><U96/><E96/><V122/><F122/><W128/><G128/><T130/><D130/><U40/><E40/><V56/><F57/><W37/><G37/><T77/><D77/><U71/><E71/><V102/><F73/><W63/><G135/><T24/><D17/><U133/><E133/><V89/><REACH who="2" step="1"/><F81/><REACH who="2" ten="128,329,323,210" step="2"/><N who="3" m="49455" /><G52/><T49/><REACH who="0" step="1"/><D49/><AGARI ba="2,1" hai="12,18,23,29,30,49,54,56,88,89,91,93,99,102" machi="49" ten="40,12000,1" yaku="1,1,8,1,54,1,53,1" doraHai="21" doraHaiUra="14" who="2" fromWho="0" sc="128,-126,329,0,323,136,210,0" /><INIT seed="6,3,0,4,3,122" ten="2,329,459,210" oya="2" hai0="56,101,135,94,49,17,132,60,131,88,71,42,117" hai1="118,73,14,44,39,5,85,98,75,87,77,30,89" hai2="83,48,3,82,55,40,128,35,81,2,70,41,97" hai3="100,103,51,68,92,29,52,111,28,133,130,34,62"/><V123/><F123/><W26/><G111/><T105/><D71/><U114/><E118/><V65/><F35/><W19/><G130/><T125/><D101/><U104/><E114/><V7/><F128/><W72/><G72/><T121/><D105/><U47/><E30/><V109/><F109/><W58/><G133/><N who="0" m="51275" /><D121/><U108/><E108/><V102/><F65/><W31/><G100/><T53/><D131/><U69/><E69/><V18/><F18/><W50/><G34/><T120/><D120/><U127/><E127/><V134/><F70/><W116/><G68/><T27/><D125/><U37/><E104/><V129/><F134/><W8/><G116/><T99/><D117/><U33/><E33/><V10/><F3/><W9/><G103/><T93/><D93/><U13/><E98/><V15/><F2/><W80/><G80/><T46/><D27/><U95/><E5/><V110/><F110/><W76/><G76/><T0/><D0/><U115/><E115/><V20/><F20/><N who="3" m="13599" /><G92/><T79/><D79/><U124/><E124/><V74/><F74/><W38/><G38/><T96/><D17/><U4/><E4/><V54/><F129/><W119/><G119/><T32/><D32/><U106/><E106/><V1/><F1/><W64/><G64/><T11/><D11/><AGARI ba="3,0" hai="8,9,11,28,29,31,50,51,52,58,62" m="13599" machi="11" ten="30,2000,0" yaku="8,1,54,1" doraHai="122" who="3" fromWho="0" sc="2,-29,329,0,459,0,210,29" owari="-27,-52.7,329,12.9,459,55.9,239,-16.1" /></mjloggm>