<mjloggm ver="2.3"><GO type="41" lobby="0"/><UN n0="%4B%61%6E%61%79%61%6D%61" n1="%E3%81%8D%E3%82%89%E3%82%8A%E3%82%93%E3%81%A1%E3%82%87" n2="%E3%81%AF%E3%81%A1%E3%81%AE" n3="%E2%93%9D%4C%75%63%6B%79%4A" dan="15,13,14,18" rate="2040.93,1859.48,1925.67,2159.17" sx="M,M,M,M"/><TAIKYOKU oya="0"/><INIT seed="0,0,0,3,3,4" ten="250,250,250,250" oya="0" hai0="42,61,118,7,49,26,30,58,135,120,37,5,55" hai1="132,121,92,47,21,91,122,18,106,114,66,29,70" hai2="123,130,13,45,36,127,85,33,15,82,62,22,24" hai3="98,113,32,99,71,107,8,104,88,28,131,57,111"/><T84/><D120/><U112/><E106/><V74/><F123/><W25/><G113/><T20/><D135/><U102/><E29/><V80/><F127/><W105/><G71/><T126/><D126/><U17/><E102/><V23/><F130/><W44/><G131/><T125/><D118/><U77/><E47/><V59/><F33/><W87/><G111/><T35/><D125/><U6/><E21/><V52/><F15/><W34/><G34/><T10/><D5/><U50/><E77/><V65/><F74/><W31/><G31/><T96/><D35/><U81/><E81/><V124/><F124/><W46/><G57/><T16/><D37/><U12/><E6/><V109/><F109/><W116/><G116/><T54/><D42/><U43/><E12/><V100/><F100/><W73/><G73/><T119/><D96/><U56/><E70/><V79/><F13/><W129/><G129/><T83/><D119/><U40/><E132/><V14/><F82/><W134/><G134/><T1/><D30/><U27/><E122/><V115/><F115/><W94/><G8/><T133/><D133/><U128/><E128/><V9/><F24/><W19/><G19/><T78/><D49/><U110/><E121/><V103/><F103/><W72/><G72/><T41/><D41/><U38/><E110/><V51/><F36/><W93/><REACH who="3" step="1"/><G99/><REACH who="3" ten="250,250,250,240" step="2"/><T63/><REACH who="0" step="1"/><D63/><REACH who="0" ten="240,250,250,240" step="2"/><U0/><E112/><V64/><REACH who="2" step="1"/><F64/><AGARI ba="0,2" hai="1,7,10,16,20,26,54,55,58,61,64,78,83,84" machi="64" ten="30,18000,2" yaku="1,1,2,1,7,1,52,1,54,1,53,1" doraHai="4" doraHaiUra="60" who="0" fromWho="2" sc="240,200,250,0,250,-180,240,0" /><INIT seed="0,1,0,5,4,48" ten="440,250,70,240" oya="0" hai0="127,74,4,42,100,87,108,122,123,60,1,39,95" hai1="132,22,57,92,73,15,9,82,109,71,86,28,8" hai2="79,47,23,120,6,58,105,68,80,94,118,133,107" hai3="115,41,52,13,26,31,32,121,128,135,93,88,36"/><T70/><D74/><U16/><E71/><V81/><F120/><W49/><G115/><T50/><D1/><U76/><E132/><V99/><F133/><W83/><G135/><T34/><D34/><U75/><E109/><V134/><F118/><W2/><G2/><T53/><D4/><U126/><E126/><V3/><F134/><W38/><G41/><T37/><D100/><U113/><E113/><V131/><F131/><W0/><G0/><T62/><D87/><U106/><E106/><V14/><F3/><W33/><G33/><T51/><D95/><U69/><E69/><V54/><F68/><W130/><G13/><T97/><D97/><U103/><E28/><V125/><F47/><N who="3" m="27711" /><G83/><T18/><D18/><U89/><E73/><V124/><F81/><W12/><G12/><T19/><D19/><U30/><E30/><V7/><F7/><W59/><G59/><N who="0" m="34927" /><D108/><U101/><REACH who="1" step="1"/><E57/><REACH who="1" ten="440,240,70,240" step="2"/><V90/><F125/><W25/><G121/><N who="0" m="46091" /><D127/><U21/><E21/><V104/><F124/><W45/><G31/><T117/><D117/><U78/><E78/><V43/><F23/><W67/><G32/><T96/><D37/><U35/><E35/><V114/><F114/><W46/><G38/><T11/><D11/><AGARI ba="1,1" hai="8,9,11,15,16,22,75,76,82,86,89,92,101,103" machi="11" ten="40,2600,0" yaku="1,1,54,1,53,0" doraHai="48" doraHaiUra="61" who="1" fromWho="0" sc="440,-29,240,39,70,0,240,0" /><INIT seed="1,0,0,2,3,77" ten="411,279,70,240" oya="1" hai0="96,72,38,52,5,70,117,14,73,44,22,90,53" hai1="112,94,78,45,102,95,76,98,19,133,116,7,59" hai2="101,88,131,130,123,80,71,36,54,79,111,29,109" hai3="32,134,89,57,48,40,124,61,83,51,21,62,16"/><U135/><E116/><V105/><F71/><W63/><G32/><T75/><D70/><U58/><E7/><V64/><F36/><W91/><G124/><T81/><D117/><U103/><E19/><V110/><F64/><W87/><G134/><T127/><D127/><U27/><E27/><V50/><F123/><W39/><G39/><T125/><D125/><U69/><E69/><V104/><F29/><W118/><G118/><T0/><D22/><U86/><E45/><V97/><F54/><W106/><G106/><T85/><D96/><U93/><E112/><V34/><F50/><N who="3" m="18987" /><G91/><T43/><REACH who="0" step="1"/><D14/><REACH who="0" ten="401,279,70,240" step="2"/><U10/><E10/><AGARI ba="0,1" hai="0,5,10,38,43,44,52,53,72,73,75,81,85,90" machi="10" ten="40,8000,1" yaku="1,1,2,1,52,1,54,1,53,0" doraHai="77" doraHaiUra="99" who="0" fromWho="1" sc="401,90,279,-80,70,0,240,0" /><INIT seed="2,0,0,3,0,91" ten="491,199,70,240" oya="2" hai0="21,106,128,32,114,90,26,115,85,93,116,25,9" hai1="46,70,48,1,61,2,112,133,3,67,102,51,95" hai2="103,56,7,44,74,33,40,31,124,28,69,41,19" hai3="94,98,101,14,96,92,17,83,60,6,22,119,62"/><V71/><F124/><W105/><G119/><T113/><D106/><U72/><E112/><V100/><F74/><W66/><G6/><T122/><D128/><U81/><E133/><V12/><F7/><W129/><G129/><T5/><D116/><U35/><E35/><V99/><F103/><W87/><G98/><T47/><D122/><U107/><E107/><V126/><F126/><W10/><G10/><T64/><D64/><U45/><E72/><V111/><F111/><W20/><G22/><T97/><D32/><U84/><E51/><V110/><F110/><W68/><REACH who="3" step="1"/><G62/><REACH who="3" ten="491,199,70,230" step="2"/><T120/><D120/><U30/><E61/><V37/><F33/><W88/><AGARI ba="0,1" hai="14,17,20,60,66,68,83,87,88,92,94,96,101,105" machi="88" ten="20,12000,2" yaku="1,1,2,1,0,1,7,1,52,2,54,1,53,0" doraHai="91" doraHaiUra="23" who="3" fromWho="3" sc="491,-30,199,-30,70,-60,230,130" /><INIT seed="3,0,0,5,5,78" ten="461,169,10,360" oya="3" hai0="79,109,55,129,38,31,22,23,46,42,87,133,26" hai1="108,19,128,119,80,111,2,86,103,64,7,70,114" hai2="30,68,43,85,105,123,113,90,95,60,34,100,39" hai3="135,125,81,3,130,28,121,16,98,24,126,110,93"/><W17/><G121/><T8/><D109/><U32/><E32/><V47/><F113/><W20/><G3/><T134/><D129/><U117/><E103/><V102/><F123/><W35/><G130/><T106/><D106/><U5/><E128/><V74/><F74/><W53/><G53/><T66/><D66/><U58/><E70/><V11/><F11/><W122/><G122/><T59/><D8/><U131/><E131/><V37/><F37/><W67/><G67/><T97/><D97/><U112/><E19/><V1/><F1/><W63/><G63/><T118/><D118/><N who="1" m="45067" /><E58/><V84/><F60/><W88/><G135/><N who="0" m="51723" /><D87/><U45/><E45/><V76/><F68/><W91/><G110/><N who="1" m="42026" /><E64/><V127/><F127/><N who="3" m="48651" /><G35/><N who="0" m="20983" /><D79/><N who="1" m="46367" /><E2/><V41/><F41/><W18/><G28/><T132/><D132/><U6/><AGARI ba="0,0" hai="5,6,7,112,114" m="46367,42026,45067" machi="6" ten="40,5200,0" yaku="12,1,14,1,52,1" doraHai="78" who="1" fromWho="1" sc="461,-13,169,52,10,-13,360,-26" owari="448,54.8,221,-17.9,-3,-50.3,334,13.4" /></mjloggm>