<mjloggm ver="2.3"><GO type="41" lobby="0"/><UN n0="%E7%89%B9%E4%B8%8A%E3%83%8F%E3%82%B2" n1="%E3%81%BB%E3%81%97%E3%81%AA%E6%AD%8C%E5%94%84" n2="%70%6F%63%6F%70%69%6E%6F" n3="%E2%93%9D%4C%75%63%6B%79%4A" dan="14,14,14,17" rate="1889.56,1958.23,1911.51,2157.44" sx="M,M,M,M"/><TAIKYOKU oya="0"/><INIT seed="0,0,0,3,1,49" ten="250,250,250,250" oya="0" hai0="114,130,132,11,29,101,105,122,109,95,75,98,118" hai1="55,135,41,126,125,2,50,27,46,4,73,14,10" hai2="133,96,76,123,88,111,77,107,103,128,108,56,59" hai3="85,18,15,66,127,121,116,84,38,17,53,60,20"/><T80/><D29/><U0/><E73/><V7/><F123/><W68/><G116/><T45/><D118/><U33/><E135/><V65/><F7/><W13/><G38/><T62/><D122/><U115/><E115/><V12/><F12/><W34/><G121/><T61/><D114/><U93/><E93/><V89/><F128/><W131/><G127/><N who="1" m="48650" /><E41/><V119/><F119/><W134/><G34/><T28/><D130/><U100/><E100/><V79/><F59/><W25/><G134/><T44/><D132/><U67/><E67/><V35/><F35/><W48/><G131/><T112/><D112/><U83/><E83/><V19/><F19/><W113/><G113/><T57/><D28/><AGARI ba="0,0" hai="0,2,4,10,14,27,28,33,46,50,55" m="48650" machi="28" ten="30,2000,0" yaku="18,1,52,1" doraHai="49" who="1" fromWho="0" sc="250,-20,250,20,250,0,250,0" /><INIT seed="1,0,0,3,1,1" ten="230,270,250,250" oya="1" hai0="81,45,125,57,7,122,5,103,39,131,56,106,12" hai1="65,11,126,54,124,83,109,47,4,94,105,113,91" hai2="121,40,62,15,77,108,52,120,116,88,90,34,71" hai3="50,112,123,59,102,97,92,118,95,16,9,127,20"/><U22/><E105/><V96/><F116/><W38/><G112/><T78/><D131/><U110/><E113/><V133/><F34/><W58/><G38/><T69/><D69/><U130/><E130/><V99/><F40/><W10/><G123/><T19/><D122/><U66/><E22/><V128/><F128/><W48/><G127/><N who="1" m="48682" /><E83/><V53/><F77/><W75/><G75/><T129/><D125/><U80/><E80/><V27/><F27/><W72/><G72/><T14/><D129/><U117/><E117/><V104/><F133/><W74/><G74/><T26/><D106/><U87/><E47/><V43/><F43/><W21/><G118/><T23/><D103/><U29/><E29/><V41/><F41/><W85/><G85/><N who="0" m="48311" /><D39/><U46/><E46/><V31/><F31/><W107/><G107/><T35/><D35/><U42/><E42/><V84/><F108/><N who="1" m="41577" /><E54/><V70/><F104/><W25/><G102/><T33/><D45/><U64/><E64/><V76/><F84/><W49/><G97/><T36/><D33/><U44/><E44/><V32/><F76/><W3/><G21/><T8/><D36/><U73/><E73/><V30/><F32/><W114/><G114/><T28/><D28/><U51/><E51/><V24/><F30/><W63/><G50/><T79/><D79/><U132/><E132/><V18/><F121/><W2/><G20/><T135/><D135/><U6/><E6/><N who="0" m="2057" /><D8/><U89/><E89/><V86/><F90/><W37/><G37/><T61/><D23/><U100/><E100/><V119/><F88/><W67/><G10/><RYUUKYOKU ba="0,0" sc="230,-10,270,30,250,-10,250,-10" hai1="4,11,65,66,87,91,94" /><INIT seed="1,1,0,5,0,22" ten="220,300,240,240" oya="1" hai0="96,35,9,111,26,114,123,82,72,87,46,54,33" hai1="20,42,85,93,106,66,88,0,44,129,121,104,135" hai2="39,8,12,47,53,80,15,56,31,60,32,100,115" hai3="127,91,13,41,71,95,68,81,103,6,67,134,55"/><U118/><E118/><V28/><F115/><W124/><G41/><T69/><D114/><U48/><E0/><V97/><F80/><W78/><G67/><T49/><D69/><U131/><E121/><V130/><F130/><N who="1" m="49673" /><E66/><V98/><F98/><W63/><G103/><T57/><D123/><U16/><E135/><V27/><F8/><N who="3" m="4247" /><G55/><T133/><D133/><U17/><E17/><V18/><F18/><W108/><G63/><T94/><D111/><U107/><E107/><V37/><F31/><W52/><G108/><T120/><D9/><U89/><E89/><V122/><F122/><W11/><G11/><T1/><D120/><U10/><E10/><V38/><REACH who="2" step="1"/><F47/><REACH who="2" ten="220,300,230,240" step="2"/><W65/><G134/><T45/><D46/><U132/><E132/><V116/><F116/><W59/><G81/><T30/><D45/><U73/><E73/><V126/><F126/><W105/><G127/><T84/><D72/><U19/><E19/><V25/><F25/><AGARI ba="1,1" hai="16,20,25,42,44,48,85,88,93,104,106" m="49673" machi="25" ten="30,11600,0" yaku="19,1,52,1,54,2" doraHai="22" who="1" fromWho="2" sc="220,0,300,129,230,-119,240,0" /><INIT seed="1,2,0,2,5,17" ten="220,429,111,240" oya="1" hai0="99,23,55,83,121,66,97,57,48,62,85,49,94" hai1="123,47,87,89,74,67,31,28,3,0,6,129,19" hai2="133,75,50,44,109,108,46,107,10,104,95,88,125" hai3="131,120,11,122,92,117,9,78,35,12,102,45,8"/><U59/><E74/><V110/><F75/><W24/><G45/><T118/><D118/><U27/><E123/><N who="3" m="47146" /><G102/><T115/><D115/><U29/><E129/><V84/><F125/><W30/><G92/><T132/><D121/><U90/><E47/><V58/><F133/><W93/><G93/><T36/><D36/><U105/><E105/><V68/><F68/><W14/><G78/><T70/><D132/><U103/><E103/><V5/><F58/><W53/><G53/><T7/><D7/><U41/><E41/><V114/><F114/><W69/><G69/><T128/><D128/><U18/><E6/><V61/><F61/><W82/><G82/><T113/><D113/><U39/><E39/><V63/><F63/><W38/><G38/><T4/><D4/><U135/><E135/><V91/><F91/><W20/><G131/><T15/><D49/><U1/><E87/><V111/><N who="2" m="27648" /><DORA hai="98" /><V43/><REACH who="2" step="1"/><F46/><REACH who="2" ten="220,429,101,240" step="2"/><W42/><G117/><T25/><D70/><U80/><E59/><V100/><F100/><W96/><G96/><T2/><D99/><U56/><E90/><V13/><AGARI ba="2,1" hai="5,10,13,43,44,50,84,88,95,104,107" m="27648" machi="13" ten="60,8000,1" yaku="1,1,0,1,14,1,54,1,53,0" doraHai="17,98" doraHaiUra="21,60" who="2" fromWho="2" sc="220,-22,429,-42,101,96,240,-22" /><INIT seed="2,0,0,0,5,45" ten="198,387,197,218" oya="2" hai0="60,14,98,83,79,10,43,96,52,7,73,88,34" hai1="99,0,77,25,78,85,100,55,133,54,86,53,64" hai2="132,26,129,108,134,6,51,97,131,94,124,103,1" hai3="118,31,123,104,29,105,49,36,111,68,113,13,2"/><V9/><F26/><W22/><G36/><T63/><D34/><U24/><E0/><V76/><F76/><N who="1" m="29289" /><E64/><V18/><F18/><W75/><G75/><T106/><D43/><U72/><E72/><V120/><F120/><W3/><G113/><T46/><D106/><U41/><E41/><V30/><F30/><W114/><G118/><T135/><D135/><N who="2" m="51754" /><F108/><W17/><G111/><T102/><D102/><U11/><E11/><V126/><F51/><W33/><G49/><N who="0" m="28727" /><D73/><U130/><E130/><AGARI ba="0,0" hai="1,6,9,94,97,103,124,126,129,130,131" m="51754" machi="130" ten="30,11600,0" yaku="30,2,19,1,20,1" doraHai="45" who="2" fromWho="1" sc="198,0,387,-116,197,116,218,0" /><INIT seed="2,1,0,5,4,39" ten="198,271,313,218" oya="2" hai0="72,43,3,35,117,37,2,44,69,62,6,84,22" hai1="129,76,8,10,0,53,41,57,116,48,56,71,74" hai2="55,89,131,122,36,125,45,25,73,110,98,34,81" hai3="19,115,120,133,12,102,54,128,51,23,130,27,78"/><V82/><F122/><W31/><G120/><T59/><D72/><U18/><E116/><V114/><F114/><W79/><G102/><T50/><D117/><U11/><E71/><V58/><F131/><N who="3" m="50219" /><G115/><T135/><D35/><U85/><E129/><V134/><F125/><W46/><G133/><T42/><D135/><U61/><E74/><V21/><F34/><AGARI ba="1,0" hai="12,19,23,27,31,34,46,51,54,78,79" m="50219" machi="34" ten="30,1000,0" yaku="19,1" doraHai="39" who="3" fromWho="2" sc="198,0,271,0,313,-13,218,13" /><INIT seed="3,0,0,3,1,16" ten="198,271,300,231" oya="3" hai0="37,121,103,89,82,106,91,96,14,105,9,10,5" hai1="7,88,97,59,72,111,49,31,2,123,126,135,21" hai2="118,70,80,48,101,125,133,20,28,27,102,114,23" hai3="55,90,119,52,1,68,42,43,99,110,107,63,132"/><W74/><G74/><T50/><D121/><U85/><E123/><V39/><F114/><W61/><G1/><T109/><D37/><U113/><E113/><V87/><F118/><W100/><G119/><T34/><D34/><U45/><E72/><V40/><F39/><W124/><G124/><T29/><D29/><U58/><E126/><V94/><F70/><W78/><G78/><T86/><D106/><U57/><E111/><V11/><F133/><W79/><G79/><T35/><D35/><U22/><E135/><V64/><F64/><W66/><G132/><T95/><D109/><U60/><E31/><V83/><F11/><W46/><G110/><T131/><D131/><U127/><E127/><V69/><F69/><W38/><G43/><T12/><D50/><U33/><E33/><V116/><F116/><W62/><REACH who="3" step="1"/><G90/><REACH who="3" ten="198,271,300,221" step="2"/><T122/><D122/><U134/><E134/><V71/><F125/><W25/><G25/><T17/><D91/><U75/><E2/><V56/><F27/><W3/><G3/><T47/><D89/><U112/><E112/><V117/><F117/><W130/><G130/><T128/><D128/><U108/><E75/><V19/><F102/><W53/><AGARI ba="0,1" hai="38,42,46,52,53,55,61,62,63,66,68,99,100,107" machi="53" ten="30,6000,0" yaku="1,1,0,1,54,1,53,0" doraHai="16" doraHaiUra="129" who="3" fromWho="3" sc="198,-20,271,-20,300,-20,221,70" /><INIT seed="3,1,0,3,3,82" ten="178,251,280,291" oya="3" hai0="73,129,64,81,69,84,90,21,127,63,108,93,130" hai1="5,125,24,58,74,54,9,27,11,56,96,38,35" hai2="98,101,53,77,109,131,120,128,15,121,60,102,105" hai3="36,41,33,89,123,34,117,68,30,114,25,50,4"/><W132/><G114/><T31/><D108/><U66/><E74/><V48/><F60/><W46/><G123/><N who="2" m="47177" /><F77/><W83/><G117/><T18/><D127/><U2/><E38/><V22/><F102/><W112/><G112/><T28/><D73/><U107/><E125/><V85/><F85/><W80/><G132/><T118/><D118/><U39/><E39/><V94/><F105/><W103/><G34/><T75/><D75/><U8/><E66/><V13/><F109/><W44/><G4/><T95/><D95/><U124/><E124/><V110/><F110/><W23/><G68/><T45/><D45/><U3/><E35/><V87/><F87/><W37/><G103/><T116/><D81/><U79/><E79/><V19/><F15/><W122/><G122/><T7/><D116/><U29/><E29/><V40/><F40/><W135/><G37/><T16/><D7/><U126/><E126/><V91/><F101/><W12/><G89/><T59/><D69/><U67/><E107/><V52/><F53/><W14/><G83/><T49/><D49/><U70/><E70/><V20/><F22/><W97/><G23/><T115/><D115/><U104/><E104/><V17/><F17/><N who="0" m="6762" /><D21/><U51/><E5/><V32/><F32/><W106/><G106/><T133/><D133/><U55/><E67/><V42/><F42/><N who="3" m="22855" /><G135/><T57/><D57/><AGARI ba="1,0" hai="13,19,20,48,52,57,91,94,98,128,131" m="47177" machi="57" ten="30,2000,0" yaku="13,1,54,1" doraHai="82" who="2" fromWho="0" sc="178,-23,251,0,280,23,291,0" /><INIT seed="4,0,0,5,0,85" ten="155,251,303,291" oya="0" hai0="53,9,72,64,52,11,109,128,38,20,58,49,96" hai1="65,31,113,98,21,12,26,67,15,90,83,41,122" hai2="125,91,25,54,69,108,56,70,55,95,120,104,43" hai3="62,92,59,50,86,66,75,2,13,74,46,127,103"/><T110/><D72/><U79/><E122/><V89/><F120/><W80/><G2/><T22/><D38/><U78/><E41/><V88/><F43/><W68/><G127/><T97/><D64/><N who="1" m="24651" /><E113/><V132/><F104/><W51/><G68/><T111/><D128/><U87/><E78/><V16/><F108/><W118/><G118/><T63/><D20/><U4/><E4/><V39/><F39/><W84/><G51/><T19/><D9/><U30/><E30/><V60/><F132/><W27/><G27/><T93/><D11/><U134/><E134/><V44/><F125/><W48/><G50/><T131/><D131/><U7/><E7/><V1/><F1/><W33/><G33/><T57/><REACH who="0" step="1"/><D93/><AGARI ba="0,0" hai="12,15,21,26,31,79,83,87,90,93,98" m="24651" machi="93" ten="30,2000,0" yaku="8,1,52,1" doraHai="85" who="1" fromWho="0" sc="155,-20,251,20,303,0,291,0" /><INIT seed="5,0,0,0,0,127" ten="135,271,303,291" oya="1" hai0="36,130,41,55,59,110,19,6,5,126,129,60,43" hai1="93,69,48,23,125,57,9,30,38,97,74,67,32" hai2="47,18,133,65,20,56,53,42,37,2,120,89,119" hai3="85,73,3,83,92,107,95,31,103,51,58,46,62"/><U117/><E117/><V12/><F120/><W75/><G3/><T114/><D126/><U81/><E38/><V99/><F133/><W17/><G31/><T4/><D110/><U50/><E125/><V11/><F119/><W113/><G113/><T79/><D114/><U78/><E32/><V98/><F65/><W24/><G75/><T68/><D79/><U82/><E82/><V124/><F124/><W128/><G107/><T131/><D36/><U84/><E69/><V26/><F2/><W106/><G103/><T122/><D122/><U27/><E9/><V118/><F89/><W96/><G96/><T91/><D68/><U104/><E104/><V86/><F86/><W70/><G73/><T15/><D91/><U66/><E74/><V21/><F21/><AGARI ba="0,0" hai="4,5,6,15,19,21,41,43,55,59,60,129,130,131" machi="21" ten="50,8000,1" yaku="19,1,52,3" doraHai="127" who="0" fromWho="2" sc="135,80,271,0,303,-80,291,0" /><INIT seed="6,0,0,2,1,110" ten="215,271,223,291" oya="2" hai0="37,123,106,129,111,103,36,87,70,47,19,95,39" hai1="28,33,120,117,82,127,5,126,18,64,7,1,62" hai2="98,132,74,8,108,71,94,114,113,24,53,46,38" hai3="78,72,25,105,96,119,35,55,77,109,4,11,27"/><V45/><F71/><W131/><G109/><T63/><D111/><U65/><E117/><V16/><F74/><W2/><G119/><T59/><D123/><U12/><E120/><V69/><F69/><W60/><G27/><T112/><D70/><U104/><E104/><V67/><F67/><W99/><G131/><T88/><D129/><U102/><E102/><V9/><F108/><W75/><G55/><T101/><D47/><U107/><E107/><V58/><F132/><W118/><G60/><T128/><D128/><U100/><E100/><V44/><F38/><W124/><G124/><N who="1" m="47658" /><E82/><V22/><F9/><W30/><G118/><T84/><D106/><U31/><E64/><V54/><F8/><W135/><G135/><T3/><D3/><U15/><E15/><V86/><F86/><W40/><G105/><T81/><D103/><U6/><E33/><V21/><F21/><W90/><G75/><T66/><D101/><U32/><E32/><V57/><F57/><W122/><G72/><T134/><D134/><U34/><E34/><V130/><F130/><W48/><G122/><T0/><D0/><U14/><E14/><V97/><F54/><W116/><G116/><T133/><D133/><U76/><E1/><V56/><F56/><W51/><G2/><T79/><REACH who="0" step="1"/><D19/><REACH who="0" ten="205,271,223,291" step="2"/><U91/><E18/><V42/><F42/><W80/><G40/><T10/><D10/><U17/><E17/><V92/><F58/><W121/><G121/><T43/><D43/><U13/><E31/><V89/><F53/><W83/><G30/><T26/><D26/><U73/><E28/><RYUUKYOKU ba="0,1" sc="205,15,271,-15,223,15,291,-15" hai0="36,37,39,59,63,66,79,81,84,87,88,95,112" hai2="16,22,24,44,45,46,89,92,94,97,98,113,114" /><INIT seed="6,1,1,4,3,101" ten="220,256,238,276" oya="2" hai0="51,50,16,33,35,44,46,118,65,77,21,2,109" hai1="108,40,10,26,53,31,49,96,4,6,63,30,86" hai2="112,59,41,111,84,125,94,107,95,92,126,72,18" hai3="14,12,58,114,32,22,57,75,89,8,1,0,76"/><V9/><F72/><W79/><G75/><T102/><D109/><U64/><E108/><V115/><F111/><W42/><G42/><T100/><D2/><U113/><E113/><N who="2" m="43595" /><F41/><W121/><G114/><T13/><D118/><U116/><E116/><V129/><F129/><W55/><G32/><T19/><D65/><U91/><E40/><V85/><F59/><W88/><G22/><T73/><D73/><U132/><E132/><V131/><F131/><W87/><G87/><N who="2" m="33353" /><F107/><W7/><G55/><N who="0" m="30151" /><D77/><U15/><E4/><V99/><F99/><W130/><G7/><T3/><D3/><U78/><E78/><V128/><F128/><W106/><G130/><T66/><D66/><U133/><E133/><V74/><F74/><W83/><G83/><T29/><D35/><U122/><E122/><V97/><F97/><W69/><G121/><T82/><D29/><U70/><E96/><V39/><F39/><W120/><G120/><T34/><D33/><U127/><E26/><V48/><F48/><W93/><G79/><T17/><D34/><U47/><E127/><N who="2" m="48651" /><F9/><W134/><G8/><T36/><D36/><U80/><AGARI ba="1,1" hai="6,10,15,30,31,47,49,53,63,64,70,80,86,91" machi="80" ten="20,1500,0" yaku="0,1,7,1" doraHai="101" who="1" fromWho="1" sc="220,-5,256,28,238,-8,276,-5" /><INIT seed="7,0,0,2,3,121" ten="215,284,230,271" oya="3" hai0="49,62,52,60,77,30,97,131,81,114,27,79,120" hai1="37,87,94,32,103,41,93,36,111,66,119,31,5" hai2="124,89,69,24,51,106,125,73,110,23,105,74,128" hai3="2,112,40,7,115,101,22,58,118,47,92,98,3"/><W14/><G118/><T59/><D120/><U95/><E119/><V34/><F34/><W26/><G14/><T12/><D131/><U48/><E103/><V43/><F69/><W90/><G58/><T56/><D114/><N who="3" m="43561" /><G7/><T84/><D79/><U1/><E66/><V68/><F68/><W82/><G82/><T96/><D12/><U80/><E32/><V63/><F63/><W88/><G3/><T75/><D75/><N who="2" m="28682" /><F51/><N who="3" m="27111" /><G2/><T29/><D62/><U134/><E31/><AGARI ba="0,0" hai="22,26,31,88,90,92,98,101" m="27111,43561" machi="31" ten="30,2900,0" yaku="15,1,54,1" doraHai="121" who="3" fromWho="1" sc="215,0,284,-29,230,0,271,29" owari="215,-28.5,255,5.5,230,-17.0,300,40.0" /></mjloggm>