<mjloggm ver="2.3"><GO type="41" lobby="0"/><UN n0="%E2%93%9D%4C%75%63%6B%79%4A" n1="%E9%BB%92%E3%83%88%E3%83%AA%E3%82%AC%E3%83%BC" n2="%E8%BE%9B%E3%83%9F%E3%82%A2%E3%83%AB%E3%83%8A" n3="%23%E6%97%A5%E6%9B%9C%E6%97%A5%E3%81%AE%E7%8C%AB" dan="18,13,14,15" rate="2206.99,1887.14,1832.32,2061.58" sx="M,M,M,M"/><TAIKYOKU oya="0"/><INIT seed="0,0,0,2,1,25" ten="250,250,250,250" oya="0" hai0="81,97,8,55,89,73,108,105,124,37,135,42,65" hai1="99,109,29,62,52,33,71,70,102,23,67,132,104" hai2="22,38,53,18,45,12,117,118,87,78,74,125,49" hai3="10,60,119,127,83,92,20,3,39,47,84,79,5"/><T28/><D65/><U41/><E109/><V31/><F125/><W35/><G35/><T61/><D124/><U75/><E75/><V94/><F74/><W111/><G127/><T91/><D42/><U103/><E132/><V58/><F94/><W26/><G111/><T110/><D37/><U82/><E41/><V54/><F38/><W122/><G119/><T32/><D8/><U21/><E71/><V6/><F6/><W95/><G122/><T46/><D135/><U24/><E82/><V116/><F87/><W134/><G134/><T27/><D91/><U133/><E133/><V90/><F90/><W1/><G1/><T34/><D34/><U9/><E9/><V72/><F72/><W7/><G7/><T123/><D123/><U56/><REACH who="1" step="1"/><E103/><REACH who="1" ten="250,240,250,250" step="2"/><V129/><F78/><W112/><G83/><T17/><D81/><U80/><E80/><V48/><F129/><W19/><G10/><T93/><D73/><U51/><AGARI ba="0,1" hai="21,23,24,29,33,51,52,56,62,67,70,99,102,104" machi="51" ten="20,12000,2" yaku="1,1,0,1,7,1,25,2,52,1,54,1,53,0" doraHai="25" doraHaiUra="11" who="1" fromWho="1" sc="250,-60,240,130,250,-30,250,-30" /><INIT seed="1,0,0,5,4,37" ten="190,370,220,220" oya="1" hai0="24,67,106,54,42,123,35,40,124,81,1,79,41" hai1="44,125,5,17,3,94,46,132,113,51,30,82,93" hai2="95,10,77,47,6,19,52,87,21,96,31,39,114" hai3="110,129,75,33,102,98,92,11,7,80,74,55,128"/><U73/><E113/><V16/><F114/><W116/><G33/><T34/><D106/><U89/><E125/><V60/><F39/><W107/><G110/><T9/><D67/><U85/><E132/><V61/><F31/><W120/><G120/><T112/><D112/><U88/><E30/><V130/><F130/><N who="3" m="50283" /><G116/><T18/><D124/><U65/><E65/><V62/><F21/><W12/><G80/><T131/><D131/><U28/><E28/><V68/><F68/><W99/><G55/><T97/><D97/><U69/><E69/><V121/><F77/><W45/><G45/><T90/><D90/><AGARI ba="0,0" hai="7,11,12,74,75,90,92,98,99,102,107" m="50283" machi="90" ten="30,1000,0" yaku="19,1" doraHai="37" who="3" fromWho="0" sc="190,-10,370,0,220,0,220,10" /><INIT seed="2,0,0,0,5,79" ten="180,370,220,230" oya="2" hai0="68,71,117,2,17,111,46,83,9,48,16,135,101" hai1="77,99,47,95,133,106,73,57,86,41,55,54,87" hai2="125,85,1,21,6,64,38,25,63,116,109,100,50" hai3="35,104,96,75,33,123,42,72,119,49,80,81,84"/><V113/><F116/><W29/><G119/><T97/><D111/><U128/><E133/><V44/><F113/><W130/><G123/><T126/><D117/><U36/><E128/><V18/><F125/><W120/><G120/><T108/><D108/><U27/><E106/><V13/><F109/><W51/><G104/><T121/><D121/><U7/><E73/><V129/><F129/><W94/><G94/><T69/><D135/><U112/><E112/><V56/><F100/><W110/><G110/><T88/><D126/><U32/><E7/><V8/><F38/><W26/><G84/><T70/><D2/><U92/><E92/><V40/><REACH who="2" step="1"/><F85/><REACH who="2" ten="180,370,210,230" step="2"/><W90/><G130/><T10/><D101/><U39/><E36/><V60/><F60/><W11/><G72/><T4/><D97/><U76/><E87/><V114/><F114/><W22/><G75/><T67/><D71/><U52/><E77/><V3/><AGARI ba="0,1" hai="1,3,6,8,13,18,21,25,40,44,50,56,63,64" machi="3" ten="30,11700,0" yaku="1,1,0,1,53,2" doraHai="79" doraHaiUra="34" who="2" fromWho="2" sc="180,-39,370,-39,210,127,230,-39" /><INIT seed="2,1,0,0,0,135" ten="141,331,337,191" oya="2" hai0="93,89,40,21,126,128,90,129,10,26,12,100,7" hai1="33,73,112,65,80,3,92,8,0,31,116,44,68" hai2="27,74,114,50,60,24,122,64,34,36,54,38,79" hai3="83,32,113,133,77,66,82,125,127,123,37,52,78"/><V1/><F114/><W11/><G123/><T72/><D72/><U76/><E112/><V62/><F122/><W23/><G32/><T14/><D40/><U47/><E116/><V58/><F1/><W42/><G113/><T103/><D90/><U96/><E68/><V105/><F105/><W59/><G133/><T20/><D89/><U53/><E65/><V45/><F62/><W18/><G66/><T2/><D93/><U46/><E53/><V88/><F79/><N who="3" m="30219" /><G11/><T97/><D97/><U48/><E48/><V22/><F74/><W28/><G28/><T102/><D21/><U67/><E67/><V134/><F134/><W119/><G42/><T115/><D115/><U109/><E109/><V43/><F34/><W132/><G37/><T130/><REACH who="0" step="1"/><D126/><REACH who="0" ten="131,331,337,191" step="2"/><N who="3" m="48137" /><G132/><T124/><D124/><U85/><E73/><V63/><F22/><W29/><G119/><T17/><AGARI ba="1,1" hai="2,7,10,12,14,17,20,26,100,102,103,128,129,130" machi="17" ten="40,5200,0" yaku="1,1,0,1,19,1,53,0" doraHai="135" doraHaiUra="110" who="0" fromWho="0" sc="131,65,331,-14,337,-27,191,-14" /><INIT seed="3,0,0,2,1,114" ten="196,317,310,177" oya="3" hai0="35,112,50,106,120,97,1,27,67,126,24,87,46" hai1="80,78,17,117,56,132,13,41,121,94,21,119,135" hai2="6,32,19,38,131,130,69,62,42,93,49,55,29" hai3="64,3,47,84,12,133,45,128,66,105,8,34,65"/><W103/><G3/><T104/><D112/><U127/><E121/><V59/><F6/><W68/><G68/><T57/><D120/><U124/><E41/><V71/><F32/><W36/><G34/><T23/><D126/><N who="1" m="48171" /><E94/><V40/><F29/><W70/><G70/><T109/><D109/><U73/><E56/><V60/><F93/><W134/><G128/><N who="2" m="49193" /><F19/><W11/><G84/><T122/><D87/><U18/><E17/><V14/><F14/><W86/><G86/><T76/><D1/><U63/><E63/><N who="2" m="24107" /><F40/><W81/><G81/><T33/><D35/><U123/><E123/><V9/><F9/><N who="3" m="3659" /><G12/><T92/><D33/><U129/><E129/><V111/><F111/><W100/><G36/><T44/><D122/><U58/><E58/><V10/><F10/><W39/><G39/><T118/><D57/><U98/><E98/><V83/><F83/><W53/><G53/><T99/><D99/><U110/><E110/><V79/><F79/><W72/><G72/><T54/><D76/><U96/><E96/><V28/><F28/><W108/><G105/><T26/><D106/><U102/><E102/><N who="3" m="38954" /><G108/><T125/><D104/><U88/><E88/><V74/><F74/><W16/><G16/><T5/><D125/><U25/><E13/><V113/><F113/><W107/><G107/><T101/><D101/><U43/><E43/><V85/><F85/><W91/><G91/><T75/><D75/><U116/><AGARI ba="0,0" hai="18,21,25,73,78,80,116,117,119,132,135" m="48171" machi="116" ten="40,8000,1" yaku="12,1,18,1,52,3" doraHai="114" who="1" fromWho="1" sc="196,-20,317,80,310,-20,177,-40" /><INIT seed="4,0,0,5,3,80" ten="176,397,290,137" oya="0" hai0="132,125,46,61,85,117,6,128,21,7,74,110,10" hai1="16,77,100,26,71,15,133,83,38,79,47,17,2" hai2="104,109,96,29,60,107,108,50,87,30,94,84,72" hai3="75,89,56,19,123,78,81,25,103,127,135,34,63"/><T113/><D117/><U41/><E133/><V129/><F72/><W102/><G127/><T118/><D74/><U82/><E71/><V22/><F50/><W48/><G135/><T73/><D73/><U35/><E2/><V131/><F60/><W99/><G123/><T124/><D118/><U95/><E17/><V120/><F22/><W90/><G48/><T111/><D113/><U11/><E100/><V93/><REACH who="2" step="1"/><F96/><REACH who="2" ten="176,397,280,137" step="2"/><W28/><G19/><T114/><D61/><U20/><E35/><V12/><F12/><W40/><G40/><T37/><D21/><U1/><E1/><V70/><F70/><W97/><G97/><T52/><D132/><U122/><E122/><AGARI ba="0,1" hai="29,30,84,87,93,94,104,107,108,109,120,122,129,131" machi="122" ten="25,12000,2" yaku="1,1,22,2,52,2,53,2" doraHai="80" doraHaiUra="91" who="2" fromWho="1" sc="176,0,397,-120,280,130,137,0" /><INIT seed="5,0,0,3,4,117" ten="176,277,410,137" oya="1" hai0="2,85,40,7,64,38,67,5,15,88,135,123,124" hai1="118,37,76,81,105,86,50,126,12,8,52,60,53" hai2="78,39,132,27,90,130,22,108,46,30,4,6,49" hai3="115,24,21,10,28,59,51,29,13,66,98,1,77"/><U133/><E118/><V70/><F108/><W101/><G115/><T0/><D38/><U110/><E37/><V35/><F70/><W96/><G1/><T112/><D112/><U131/><E110/><V26/><F78/><W114/><G114/><T54/><D40/><U99/><E126/><V97/><F132/><W23/><G77/><T109/><D109/><U32/><E32/><V107/><F130/><W89/><G89/><T87/><D15/><U134/><E131/><V95/><F107/><W17/><G23/><T14/><D14/><U111/><E60/><V47/><F47/><W113/><G113/><T42/><D42/><U9/><E9/><V69/><F69/><W83/><G83/><T72/><D54/><U34/><E34/><V125/><F125/><W80/><G80/><T25/><D25/><U41/><E41/><V127/><F39/><W36/><G36/><T84/><D72/><U58/><E53/><V16/><F127/><W18/><G96/><T19/><D19/><U56/><E56/><V116/><F116/><W68/><G68/><T44/><D44/><U119/><E111/><V3/><F3/><N who="0" m="1066" /><D135/><N who="1" m="51723" /><E119/><V65/><F65/><N who="0" m="25162" /><D124/><U91/><E12/><V11/><F11/><W48/><G48/><T103/><D7/><U122/><E8/><V62/><F62/><N who="3" m="38239" /><G51/><T75/><D5/><U93/><E105/><V57/><F57/><W74/><G74/><T104/><D75/><U63/><E63/><V106/><F106/><W102/><G102/><T61/><D61/><U43/><E43/><AGARI ba="0,0" hai="4,6,16,22,26,27,30,35,43,46,49,90,95,97" machi="43" ten="30,2000,0" yaku="7,1,54,1" doraHai="117" who="2" fromWho="1" sc="176,0,277,-20,410,20,137,0" /><INIT seed="6,0,0,0,3,122" ten="176,257,430,137" oya="2" hai0="48,3,64,50,57,126,68,86,123,82,22,80,21" hai1="10,71,115,58,60,78,106,117,4,93,1,134,8" hai2="119,0,47,41,85,112,81,77,49,76,65,36,37" hai3="79,54,61,130,84,45,11,51,5,120,33,56,67"/><V52/><F119/><W116/><G116/><T40/><D3/><U95/><E117/><V127/><F0/><W99/><G130/><T15/><D68/><U73/><E71/><V102/><F112/><W88/><G120/><T9/><D123/><U83/><E115/><V74/><F127/><W89/><G33/><T16/><D82/><U128/><E128/><V27/><F102/><W75/><G75/><T25/><D126/><U121/><E134/><V96/><F96/><W66/><G79/><T53/><D64/><U24/><E106/><V23/><F65/><W44/><G99/><T26/><D40/><U69/><E69/><V109/><F109/><W6/><G89/><T94/><D94/><U29/><E10/><V97/><F97/><W110/><G110/><T98/><D98/><U7/><E7/><V17/><F74/><W2/><G5/><T131/><D50/><U129/><E129/><V13/><F77/><W135/><G135/><T125/><D125/><U70/><E70/><V107/><F107/><W63/><G63/><T105/><D105/><U124/><E124/><V55/><F37/><W100/><G100/><T30/><D131/><U91/><E91/><V101/><F101/><W39/><G39/><T90/><REACH who="0" step="1"/><D26/><REACH who="0" ten="166,257,430,137" step="2"/><U59/><E121/><V14/><F27/><W12/><G2/><T118/><D118/><U108/><E108/><V132/><F49/><W113/><G113/><T38/><D38/><U104/><E104/><V133/><F36/><W43/><REACH who="3" step="1"/><G44/><REACH who="3" ten="166,257,430,127" step="2"/><T62/><D62/><U103/><E60/><V87/><F132/><W19/><G19/><RYUUKYOKU ba="0,2" sc="166,15,257,-15,430,-15,127,15" hai0="9,15,16,21,22,25,30,48,53,57,80,86,90" hai3="6,11,12,43,45,51,54,56,61,66,67,84,88" /><INIT seed="7,1,2,0,5,83" ten="181,242,415,142" oya="3" hai0="75,61,80,134,11,105,64,53,100,135,27,3,133" hai1="113,81,78,25,30,41,122,59,12,42,14,56,62" hai2="65,40,95,79,115,21,23,69,112,55,18,120,74" hai3="58,51,73,60,17,26,124,77,9,90,99,1,66"/><W89/><G124/><T128/><D128/><U87/><E122/><V94/><F55/><W93/><G1/><T54/><D27/><U16/><E113/><V47/><F18/><W127/><G127/><T130/><D130/><U119/><E119/><V85/><F65/><W71/><G73/><T117/><D117/><U118/><E118/><V10/><F40/><N who="1" m="15465" /><E30/><V6/><F6/><W126/><G126/><T45/><D45/><U97/><E97/><V31/><F10/><W34/><G77/><N who="0" m="44095" /><D100/><U43/><N who="1" m="15473" /><U36/><DORA hai="0" /><E56/><V15/><F31/><W4/><G34/><T39/><D105/><U72/><E72/><V84/><F21/><N who="3" m="13615" /><G71/><N who="0" m="42383" /><D39/><U28/><E28/><V114/><F69/><W110/><G110/><T7/><AGARI ba="1,2" hai="3,7,11,53,54,133,134,135" m="42383,44095" machi="7" ten="40,2700,0" yaku="20,1,52,1" doraHai="83,0" who="0" fromWho="0" sc="181,50,242,-8,415,-8,142,-14" owari="231,-16.9,234,3.4,407,50.7,128,-37.2" /></mjloggm>