<mjloggm ver="2.3"><GO type="41" lobby="0"/><UN n0="%E2%93%9D%4C%75%63%6B%79%4A" n1="%4D%69%61%6F%6A%69%65" n2="%73%6B%79%77%6F%72%64%73" n3="%72%61%69%74%61%39%39%39" dan="15,13,14,14" rate="2134.19,1851.27,1946.79,1939.99" sx="M,M,M,M"/><TAIKYOKU oya="0"/><INIT seed="0,0,0,1,2,105" ten="250,250,250,250" oya="0" hai0="59,47,134,60,51,91,27,128,117,73,121,24,104" hai1="15,84,40,33,132,48,120,3,19,21,89,17,82" hai2="30,1,53,100,133,78,25,112,86,23,65,98,8" hai3="54,125,74,131,75,13,12,72,28,116,29,37,57"/><T61/><D121/><U5/><E120/><V79/><F133/><W32/><G37/><T77/><D117/><U76/><E33/><V92/><F112/><W103/><G116/><T85/><D104/><U43/><E132/><V22/><F1/><W70/><G70/><T88/><D134/><U81/><E3/><V0/><F0/><W44/><G44/><T68/><D68/><U96/><E5/><V20/><F8/><W45/><G45/><T55/><D128/><U7/><E7/><V80/><F79/><W42/><G42/><T113/><D113/><U101/><E48/><V71/><F71/><W36/><G36/><T94/><D91/><U83/><E19/><V9/><F9/><W58/><G103/><T119/><D61/><U107/><REACH who="1" step="1"/><E83/><REACH who="1" ten="250,240,250,250" step="2"/><V66/><REACH who="2" step="1"/><F53/><REACH who="2" ten="250,240,240,250" step="2"/><W26/><G54/><T127/><D119/><U93/><E93/><V49/><F49/><W108/><G131/><T39/><D39/><U31/><E31/><V56/><F56/><W38/><G29/><T52/><REACH who="0" step="1"/><D127/><REACH who="0" ten="240,240,240,250" step="2"/><U62/><E62/><V114/><F114/><W102/><G38/><T115/><D115/><U4/><E4/><V87/><F87/><AGARI ba="0,3" hai="15,17,21,40,43,76,81,82,84,87,89,96,101,107" machi="87" ten="30,3900,0" yaku="1,1,7,1,53,1" doraHai="105" doraHaiUra="14" who="1" fromWho="2" sc="240,0,240,69,240,-39,250,0" /><INIT seed="1,0,0,0,5,98" ten="240,309,201,250" oya="1" hai0="8,70,14,115,54,41,129,40,37,80,42,116,68" hai1="134,34,67,13,126,127,133,24,53,63,55,20,114" hai2="86,90,112,9,49,57,85,89,28,92,39,84,124" hai3="33,76,123,61,48,113,12,72,131,96,111,91,108"/><U104/><E114/><V103/><F39/><W60/><G113/><T21/><D115/><U17/><E104/><V132/><F132/><N who="1" m="50793" /><E34/><V73/><F73/><W106/><G33/><T30/><D116/><U3/><E3/><V75/><F75/><W122/><G131/><T105/><D37/><U27/><E55/><V125/><F28/><W15/><G48/><T58/><D105/><U7/><E53/><N who="2" m="31919" /><F9/><W121/><G76/><T87/><D129/><U32/><E7/><V44/><F44/><W69/><G72/><T43/><N who="0" m="10240" /><DORA hai="128" /><T22/><D70/><N who="1" m="42367" /><E32/><V78/><F78/><W46/><G123/><T47/><D68/><U82/><E82/><V38/><F38/><W35/><G106/><T45/><D47/><U64/><E64/><V25/><F25/><AGARI ba="0,0" hai="13,17,20,24,25,27,126,127" m="42367,50793" machi="25" ten="30,11600,0" yaku="20,1,52,3" doraHai="98,128" who="1" fromWho="2" sc="240,0,309,116,201,-116,250,0" /><INIT seed="1,1,0,5,1,74" ten="240,425,85,250" oya="1" hai0="64,0,17,19,94,5,27,73,109,128,8,62,48" hai1="121,69,77,66,25,101,79,115,1,34,54,59,83" hai2="36,23,30,99,132,125,37,10,106,15,32,96,130" hai3="26,124,14,53,70,80,55,46,89,22,90,18,61"/><U44/><E115/><V13/><F32/><W108/><G108/><T135/><D109/><U126/><E121/><V41/><F125/><W118/><G124/><T97/><D73/><U67/><E1/><V103/><F132/><W65/><G118/><T38/><D38/><U91/><E126/><V63/><F130/><W12/><G90/><T7/><D7/><U20/><E34/><V43/><F63/><W92/><G80/><T116/><D116/><U131/><E131/><V100/><F15/><W6/><G46/><T127/><D135/><U40/><E101/><V129/><F129/><W110/><G110/><T35/><D48/><N who="1" m="26631" /><E69/><V52/><F37/><W98/><G6/><T58/><D127/><U4/><E4/><V117/><F117/><W113/><G113/><T81/><D128/><U114/><E114/><V57/><F36/><W119/><G119/><T93/><D94/><U33/><E33/><V60/><F23/><W87/><G87/><T95/><D95/><U105/><E105/><V120/><F30/><W24/><G24/><T50/><D27/><U2/><E2/><V84/><F84/><W111/><G111/><T56/><D35/><U123/><E123/><V29/><F29/><W86/><G86/><T47/><D81/><U16/><E91/><V112/><F112/><W31/><G12/><T45/><D47/><U78/><E83/><V9/><F120/><W82/><REACH who="3" step="1"/><G82/><REACH who="3" ten="240,425,85,240" step="2"/><T68/><D45/><U102/><E102/><V39/><F39/><W76/><G76/><T134/><D134/><U107/><E107/><N who="2" m="63879" /><F13/><W85/><G85/><T72/><D0/><RYUUKYOKU ba="1,1" sc="240,-30,425,10,85,10,240,10" hai1="16,20,25,54,59,66,67,77,78,79" hai2="9,10,41,43,52,57,60,99,103,106" hai3="14,18,22,26,31,53,55,61,65,70,89,92,98" /><INIT seed="1,2,1,2,1,62" ten="210,435,95,250" oya="1" hai0="61,8,85,38,109,115,35,101,54,42,64,57,31" hai1="93,16,18,84,17,121,91,75,23,14,126,111,59" hai2="128,39,88,73,120,55,98,48,80,29,79,51,102" hai3="50,63,5,106,133,125,20,82,3,78,83,110,97"/><U71/><E121/><V65/><F39/><W53/><G83/><T28/><D115/><U15/><E71/><V72/><F120/><W96/><G125/><T103/><D35/><U33/><E33/><V124/><F124/><W52/><G133/><T135/><D135/><U66/><E126/><V21/><F128/><W131/><G131/><T122/><D122/><U12/><E75/><V129/><F129/><W46/><G5/><T30/><D109/><U132/><E132/><V26/><F73/><W45/><G110/><T112/><D112/><U108/><E59/><V107/><F55/><W7/><G106/><T36/><D8/><U67/><E111/><V19/><F65/><N who="1" m="24585" /><E108/><V10/><F10/><W2/><G2/><T86/><D38/><U47/><E47/><V69/><F69/><W104/><G45/><T34/><D34/><U87/><E84/><N who="0" m="32361" /><D36/><U37/><E37/><V81/><F81/><W113/><G82/><T43/><D54/><U60/><E60/><V56/><F56/><W25/><G53/><T119/><D119/><U77/><E77/><V117/><F117/><W123/><G78/><T134/><D134/><U1/><E1/><V90/><REACH who="2" step="1"/><F29/><REACH who="2" ten="210,435,85,250" step="2"/><W11/><G123/><T22/><D31/><U70/><E70/><V44/><F44/><W118/><G118/><T9/><D30/><U13/><AGARI ba="2,2" hai="12,13,14,15,16,17,18,23,87,91,93" m="24585" machi="13" ten="30,12000,1" yaku="8,1,52,3,54,1" doraHai="62" who="1" fromWho="1" sc="210,-42,435,146,85,-42,250,-42" /><INIT seed="1,3,0,3,4,28" ten="168,581,43,208" oya="1" hai0="2,14,22,67,10,82,86,23,29,57,39,106,5" hai1="77,69,124,45,133,53,80,98,20,55,30,116,122" hai2="52,70,120,60,131,125,3,112,81,13,94,123,101" hai3="46,31,114,41,127,83,118,88,12,132,17,95,102"/><U4/><E116/><V107/><F3/><W104/><G114/><T0/><D106/><U18/><E122/><V50/><F107/><W85/><G127/><T73/><D73/><U48/><E69/><V59/><F125/><W34/><G132/><T63/><D39/><U91/><E124/><V33/><F131/><W99/><G118/><T134/><D134/><U8/><E133/><V54/><F112/><W1/><G1/><T47/><D47/><U103/><E30/><V92/><F81/><W56/><G56/><T78/><D2/><U96/><E91/><V129/><F129/><W111/><G111/><T38/><D38/><U89/><E89/><V43/><F43/><W35/><G31/><T65/><D0/><U79/><E55/><V115/><F115/><W40/><G40/><T84/><D86/><U90/><E90/><V110/><F110/><W117/><G83/><T72/><D72/><U108/><E108/><V37/><F37/><W68/><G68/><T7/><D7/><U119/><E119/><V71/><F13/><W25/><G25/><T97/><D97/><N who="1" m="37483" /><E103/><V26/><F71/><W27/><G117/><T113/><D113/><U49/><E8/><V105/><F105/><W15/><G15/><T32/><REACH who="0" step="1"/><D67/><REACH who="0" ten="158,581,43,208" step="2"/><U19/><E4/><V93/><F101/><W62/><G104/><T51/><D51/><U75/><E49/><V11/><F120/><W135/><G102/><T126/><D126/><U36/><E36/><V6/><F123/><W130/><G135/><T64/><D64/><U66/><E66/><V87/><F70/><W74/><G130/><RYUUKYOKU ba="3,1" sc="158,30,581,-10,43,-10,208,-10" hai0="5,10,14,22,23,29,32,57,63,65,78,82,84" /><INIT seed="2,4,1,4,1,68" ten="188,571,33,198" oya="2" hai0="41,122,94,2,135,113,47,106,97,72,42,121,87" hai1="91,60,45,63,5,11,55,74,18,110,28,36,40" hai2="27,133,120,23,25,16,57,75,84,46,44,96,111" hai3="70,1,115,119,129,34,103,83,108,109,69,99,66"/><V78/><F75/><W73/><G66/><T104/><D2/><U88/><E74/><V53/><F120/><W4/><G4/><T126/><D113/><U81/><E110/><V24/><F133/><W95/><G34/><T52/><D72/><U29/><E18/><V118/><F118/><W26/><G26/><T79/><D126/><U12/><E63/><V54/><F111/><N who="3" m="42571" /><G1/><T58/><D42/><U10/><E11/><V49/><F96/><W100/><G129/><T31/><D31/><U30/><REACH who="1" step="1"/><E81/><REACH who="1" ten="188,561,33,198" step="2"/><N who="2" m="47159" /><F46/><W3/><G83/><T123/><D47/><U14/><E14/><V65/><F65/><W89/><G73/><T117/><D123/><U8/><E8/><V21/><F21/><W98/><G3/><T130/><D122/><U85/><E85/><V50/><AGARI ba="4,2" hai="16,23,24,25,27,44,49,50,53,54,57" m="47159" machi="50" ten="30,3000,0" yaku="8,1,54,1" doraHai="68" who="2" fromWho="2" sc="188,-14,561,-14,33,62,198,-14" /><INIT seed="2,5,0,0,2,6" ten="174,547,95,184" oya="2" hai0="50,70,120,59,12,132,51,114,73,1,33,102,56" hai1="135,71,69,83,127,14,109,80,101,68,128,108,13" hai2="99,91,0,100,46,115,39,106,49,24,19,119,43" hai3="54,18,5,61,65,82,133,104,30,96,16,75,118"/><V3/><F115/><W52/><G118/><T36/><D1/><U92/><E128/><V67/><F119/><W63/><G133/><T85/><D73/><U64/><E135/><V72/><F72/><W107/><G30/><T84/><D36/><U113/><E113/><V111/><F111/><N who="1" m="42569" /><E64/><V60/><F91/><W78/><G5/><T17/><D33/><U29/><E29/><V7/><F7/><W110/><G110/><T27/><D70/><U90/><E101/><V97/><F97/><W40/><G40/><T94/><D27/><U121/><E121/><V123/><F123/><W38/><G38/><T21/><D114/><U117/><E127/><V77/><F77/><W122/><G122/><T23/><D23/><U44/><E44/><V32/><F19/><W131/><G131/><T130/><D130/><U53/><E53/><V9/><F9/><W45/><G54/><T98/><D132/><U35/><E35/><V25/><F25/><W95/><G61/><T2/><D120/><U89/><E117/><V79/><F79/><W31/><G31/><T34/><D34/><U11/><E14/><V105/><F105/><W42/><G107/><T22/><D2/><U28/><E28/><N who="2" m="19463" /><F49/><N who="0" m="18442" /><D22/><U93/><E13/><V81/><F81/><N who="1" m="31305" /><E11/><V74/><F74/><W47/><G104/><T15/><D15/><U125/><E125/><V112/><F112/><W126/><G126/><T26/><D26/><U55/><E55/><V66/><F66/><W103/><G65/><T48/><D48/><U88/><AGARI ba="5,0" hai="68,69,71,88,89,90,92,93" m="31305,42569" machi="88" ten="40,8000,1" yaku="28,2,14,1,54,1" doraHai="6" who="1" fromWho="1" sc="174,-25,547,95,95,-45,184,-25" /><INIT seed="3,0,0,3,4,96" ten="149,642,50,159" oya="3" hai0="114,88,129,121,47,99,30,101,127,27,31,22,44" hai1="60,78,74,45,91,125,130,105,51,34,39,10,132" hai2="18,16,134,123,95,107,70,103,50,9,119,124,13" hai3="79,116,32,15,97,89,112,40,3,62,8,113,122"/><W69/><G32/><T135/><D121/><U131/><E34/><V104/><F70/><W128/><G3/><T126/><D114/><U43/><E105/><V23/><F119/><W41/><G116/><T28/><D135/><U66/><E10/><V35/><F134/><W108/><G122/><T5/><D5/><U73/><E132/><V26/><F124/><N who="0" m="47658" /><D129/><N who="1" m="49163" /><E125/><V93/><F123/><W100/><G128/><T83/><D83/><U57/><E78/><V24/><F93/><W85/><G108/><T42/><D88/><U106/><E106/><V1/><F50/><W2/><G2/><T7/><D7/><U59/><E91/><V38/><F38/><W56/><G69/><T64/><D64/><U29/><E29/><N who="0" m="10761" /><D42/><U58/><E74/><V71/><F71/><W19/><G79/><T120/><D120/><U68/><E73/><V80/><F80/><W4/><G113/><T98/><D99/><U94/><E94/><AGARI ba="0,0" hai="22,27,28,44,47,94,98,101" m="10761,47658" machi="94" ten="30,2000,0" yaku="18,1,52,1" doraHai="96" who="0" fromWho="1" sc="149,20,642,-20,50,0,159,0" /><INIT seed="4,0,0,3,5,49" ten="169,622,50,159" oya="0" hai0="35,41,71,76,130,108,125,87,102,96,94,99,31" hai1="18,131,86,63,116,20,122,38,83,50,129,5,2" hai2="117,103,46,57,39,25,58,9,74,89,3,110,4" hai3="8,27,61,69,32,36,84,70,68,124,126,112,21"/><T47/><D71/><U78/><E116/><V91/><F110/><W128/><G32/><T75/><D108/><U81/><E122/><V80/><F117/><W85/><G36/><T123/><D123/><U60/><E38/><V72/><F103/><W66/><G112/><T132/><D132/><U54/><E5/><V101/><F101/><W42/><G42/><T6/><D125/><U79/><E2/><V40/><F74/><W105/><G8/><T13/><D130/><U64/><E64/><V17/><F17/><W120/><G128/><N who="1" m="49226" /><E18/><V33/><F25/><W52/><G105/><T15/><D99/><U1/><E20/><V43/><F43/><W135/><G135/><T92/><D75/><N who="1" m="43231" /><E1/><V37/><F37/><W23/><G120/><T115/><D115/><U93/><E93/><V51/><F33/><W118/><G118/><T98/><D6/><U0/><E0/><V30/><F30/><N who="3" m="17775" /><G66/><T113/><D113/><U56/><AGARI ba="0,0" hai="50,54,56,60,63,79,83,86" m="43231,49226" machi="56" ten="30,2000,0" yaku="19,1,52,1" doraHai="49" who="1" fromWho="1" sc="169,-10,622,20,50,-5,159,-5" /><INIT seed="5,0,0,0,0,135" ten="159,642,45,154" oya="1" hai0="50,54,25,5,104,64,85,110,70,26,90,112,47" hai1="88,29,114,109,21,120,119,34,74,20,134,65,78" hai2="80,77,13,82,2,30,45,115,6,63,0,83,76" hai3="62,86,58,107,9,99,113,49,124,79,27,98,96"/><U18/><E119/><V127/><F30/><W7/><G113/><T16/><D110/><U11/><E120/><V32/><F32/><W59/><G107/><T75/><D75/><U89/><E114/><V133/><F133/><W52/><G27/><T15/><D104/><U84/><E134/><V118/><F118/><W67/><G124/><T38/><D38/><U116/><E116/><V129/><F115/><W93/><G79/><T46/><D5/><U131/><E131/><V48/><F129/><W8/><G7/><T68/><D47/><U81/><E34/><V123/><F123/><W14/><G14/><T51/><D51/><U41/><E41/><V128/><F128/><W73/><G73/><T72/><D72/><U102/><E102/><V100/><F100/><W87/><G87/><T121/><D121/><U69/><E109/><V61/><F13/><W125/><G125/><T97/><D97/><N who="3" m="37481" /><G86/><T43/><D43/><U10/><E65/><V66/><F127/><W36/><G36/><T94/><D112/><U22/><E69/><V44/><F6/><W105/><G105/><T60/><REACH who="0" step="1"/><D70/><REACH who="0" ten="149,642,45,154" step="2"/><U19/><E74/><V53/><F45/><W33/><G49/><T3/><D3/><U56/><E29/><V117/><F117/><W40/><G40/><T39/><D39/><U55/><E56/><V95/><F95/><W91/><G59/><T111/><D111/><U132/><E132/><V71/><REACH who="2" step="1"/><F63/><REACH who="2" ten="149,642,35,154" step="2"/><W126/><G126/><T106/><D106/><U130/><E130/><V4/><F4/><W12/><G62/><T28/><D28/><U1/><E1/><AGARI ba="0,2" hai="0,1,2,44,48,53,61,66,71,76,77,80,82,83" machi="1" ten="40,2600,0" yaku="1,1,6,1,53,0" doraHai="135" doraHaiUra="103" who="2" fromWho="1" sc="149,0,642,-26,35,46,154,0" /><INIT seed="6,0,0,4,1,76" ten="149,616,81,154" oya="2" hai0="122,66,78,84,28,96,30,42,101,107,94,6,90" hai1="89,64,127,40,99,110,105,100,54,69,82,116,39" hai2="132,48,67,133,8,52,9,91,18,11,104,80,31" hai3="59,21,129,124,27,81,125,16,5,113,56,75,32"/><V17/><F104/><W65/><G32/><T50/><D122/><U43/><E110/><V24/><F67/><W34/><G34/><T13/><D66/><U10/><E116/><V72/><F31/><W92/><G129/><T51/><D42/><U134/><E134/><N who="2" m="51819" /><F24/><W109/><G109/><T19/><D6/><U36/><E127/><V87/><F72/><W123/><G123/><T106/><D107/><U46/><E10/><N who="2" m="2563" /><V26/><DORA hai="45" /><F26/><W1/><G92/><T71/><D71/><U70/><E64/><V119/><F119/><W88/><G5/><T41/><D41/><U86/><E54/><V62/><F62/><W44/><G1/><T7/><D7/><U114/><E114/><V108/><F108/><W57/><G44/><AGARI ba="0,0" hai="36,39,40,43,44,46,69,70,82,86,89,99,100,105" machi="44" ten="40,2600,0" yaku="9,1,52,1" doraHai="76,45" who="1" fromWho="3" sc="149,0,616,26,81,0,154,-26" /><AGARI ba="0,0" hai="17,18,44,48,52,80,87,91" m="2563,51819" machi="44" ten="40,12000,1" yaku="20,1,52,2,54,1" doraHai="76,45" who="2" fromWho="3" sc="149,0,642,0,81,120,128,-120" /><INIT seed="6,1,0,4,4,34" ten="149,642,201,8" oya="2" hai0="27,126,48,107,10,120,117,22,16,115,51,20,45" hai1="31,88,94,99,55,53,122,82,67,130,3,98,68" hai2="103,91,72,86,37,11,5,58,7,80,121,24,38" hai3="43,83,75,39,2,132,63,85,100,77,116,129,1"/><V110/><F121/><W79/><G116/><T133/><D120/><U71/><E3/><N who="3" m="1034" /><G85/><T32/><D32/><U131/><E122/><V21/><F110/><W47/><G79/><T101/><D126/><U60/><E71/><V95/><F72/><W114/><G114/><T36/><D133/><U56/><E31/><V87/><F38/><W65/><G100/><T127/><D127/><U90/><E68/><V29/><F37/><W49/><G49/><T26/><D115/><U41/><E41/><V42/><F42/><W81/><G81/><T76/><D76/><U93/><E82/><V8/><F58/><W40/><G40/><T61/><D117/><U19/><E19/><V23/><F23/><W6/><G6/><N who="2" m="2057" /><F103/><W112/><G112/><T89/><D101/><U59/><E67/><V15/><F15/><W105/><G129/><T84/><D36/><U109/><E109/><V25/><F25/><W134/><G105/><T18/><D107/><U125/><E125/><V70/><F70/><AGARI ba="1,0" hai="39,43,47,63,65,70,75,77,83,132,134" m="1034" machi="70" ten="30,7700,0" yaku="23,1,52,3" doraHai="34" who="3" fromWho="2" sc="149,0,642,0,201,-80,8,80" /><INIT seed="7,0,0,4,5,54" ten="149,642,121,88" oya="3" hai0="17,83,79,53,131,46,116,65,95,63,99,87,120" hai1="73,106,134,129,114,1,32,101,121,100,61,42,119" hai2="31,20,80,81,28,125,94,97,56,105,43,27,37" hai3="124,24,111,23,34,41,40,13,8,115,78,30,112"/><W90/><G124/><T89/><D116/><U22/><E22/><V123/><F105/><W52/><G111/><T72/><D120/><U118/><E61/><V75/><F75/><W68/><G68/><T19/><D131/><U71/><E42/><V9/><F125/><W135/><G135/><T102/><D53/><U122/><E101/><V48/><F123/><W49/><G90/><T86/><D46/><U47/><E47/><N who="2" m="25727" /><F37/><W96/><G96/><T0/><D0/><U45/><E100/><N who="2" m="60471" /><F31/><W57/><G78/><T51/><D51/><U16/><E16/><N who="2" m="12679" /><F9/><W98/><G98/><T109/><D109/><U108/><E45/><V64/><F28/><W76/><G76/><T4/><D4/><U127/><E119/><V69/><F69/><W60/><G34/><T130/><D130/><U29/><E29/><V15/><F15/><W62/><G40/><T126/><D126/><U14/><E14/><V88/><F88/><W91/><G91/><T25/><D25/><U18/><E18/><V6/><F6/><N who="3" m="3223" /><G41/><T3/><D3/><U70/><E70/><V44/><F44/><W2/><G2/><T66/><D72/><U21/><E21/><V55/><F64/><W77/><G77/><T7/><D7/><U84/><E84/><V26/><F26/><W10/><G10/><T12/><D12/><U39/><AGARI ba="0,0" hai="1,32,39,71,73,106,108,114,118,121,122,127,129,134" machi="39" ten="0,32000,5" yakuman="47" doraHai="54" who="1" fromWho="1" sc="149,-80,642,320,121,-80,88,-160" owari="69,-13.1,962,106.2,41,-35.9,-72,-57.2" /></mjloggm>