<mjloggm ver="2.3"><GO type="41" lobby="0"/><UN n0="%E2%93%9D%4C%75%63%6B%79%4A" n1="%48%69%73%68%69" n2="%30%39%30%30%30%30%30%30" n3="%E3%81%B5%E3%81%95%E3%81%88%E3%81%A1" dan="17,14,14,14" rate="2151.00,1950.83,1957.93,1915.28" sx="M,M,M,M"/><TAIKYOKU oya="0"/><INIT seed="0,0,0,0,1,50" ten="250,250,250,250" oya="0" hai0="77,79,20,1,129,81,123,57,59,69,7,131,73" hai1="42,96,40,84,34,15,46,78,135,126,88,103,124" hai2="37,18,53,41,25,109,100,32,82,5,132,110,134" hai3="43,92,116,60,105,44,48,38,127,51,63,87,28"/><T107/><D123/><U65/><E34/><V119/><F100/><W6/><G105/><T90/><D69/><U52/><E65/><V64/><F64/><W111/><G6/><T118/><D118/><U16/><E78/><V10/><F82/><W80/><G116/><T94/><D107/><U47/><E47/><V114/><F119/><W31/><G92/><T85/><D20/><U26/><E26/><V35/><F41/><W70/><G111/><N who="2" m="42505" /><F53/><W19/><G19/><T76/><D7/><U33/><E33/><N who="2" m="12875" /><F37/><W29/><G127/><N who="1" m="48682" /><E135/><N who="2" m="51755" /><F114/><W12/><G38/><T54/><D59/><U39/><E96/><V89/><F89/><W120/><G70/><T13/><D79/><U101/><E40/><V97/><F97/><W108/><G108/><T102/><D77/><U95/><E52/><V56/><F56/><W130/><G43/><T30/><D57/><U98/><E98/><V86/><F86/><W24/><G87/><T49/><D85/><U128/><E128/><V121/><F121/><W3/><G130/><T106/><D131/><U61/><E61/><V125/><F125/><W17/><G60/><T0/><D129/><U21/><AGARI ba="0,0" hai="15,16,21,39,42,46,84,88,95,101,103" m="48682" machi="21" ten="30,4000,0" yaku="18,1,54,2" doraHai="50" who="1" fromWho="1" sc="250,-20,250,40,250,-10,250,-10" /><INIT seed="1,0,0,0,3,32" ten="230,290,240,240" oya="1" hai0="54,11,26,24,2,94,119,100,15,19,22,107,105" hai1="70,68,69,126,82,52,36,90,120,7,104,79,80" hai2="49,43,122,50,5,113,41,14,40,13,72,91,6" hai3="103,134,62,95,10,56,57,121,21,124,123,28,58"/><U108/><E104/><V85/><F72/><W38/><G38/><T128/><D119/><U78/><E120/><V67/><F67/><W18/><G28/><T1/><D107/><U84/><E36/><V96/><F122/><W25/><G123/><T74/><D74/><U20/><E126/><V92/><F113/><W59/><G121/><T60/><D105/><U4/><E20/><V98/><F85/><W53/><G134/><T64/><D54/><U51/><E108/><V48/><REACH who="2" step="1"/><F96/><REACH who="2" ten="230,290,230,240" step="2"/><N who="3" m="59807" /><G124/><T86/><D86/><U110/><E110/><V135/><F135/><W102/><G102/><T0/><D128/><U47/><REACH who="1" step="1"/><E78/><REACH who="1" ten="230,280,230,240" step="2"/><V39/><F39/><W130/><G130/><T16/><D100/><U87/><AGARI ba="0,2" hai="4,7,47,51,52,68,69,70,79,80,82,84,87,90" machi="87" ten="40,12000,1" yaku="1,1,2,1,0,1,54,1,53,0" doraHai="32" doraHaiUra="114" who="1" fromWho="1" sc="230,-40,280,140,230,-40,240,-40" /><INIT seed="1,1,0,1,3,14" ten="190,420,190,200" oya="1" hai0="25,69,29,132,108,22,15,53,103,85,38,65,126" hai1="46,129,62,98,78,93,104,96,118,112,61,51,41" hai2="121,128,42,102,135,20,28,101,122,67,33,4,97" hai3="36,117,81,18,124,13,92,109,31,115,100,131,113"/><U59/><E118/><V56/><F42/><W21/><G36/><T89/><D108/><U114/><E129/><V70/><F56/><W45/><G109/><T26/><D126/><U58/><E78/><V77/><F4/><W8/><G131/><T66/><D132/><U107/><E93/><V64/><F20/><W88/><G124/><T23/><D69/><U34/><E41/><V9/><F9/><W12/><G31/><T7/><D103/><U16/><E51/><V106/><F102/><W24/><G117/><T32/><D32/><U87/><E87/><V52/><F77/><W17/><G24/><T76/><D38/><U74/><E34/><V63/><F67/><W110/><G110/><T95/><D76/><U48/><E48/><V1/><F1/><W71/><G45/><T133/><D133/><U86/><E86/><V6/><F6/><W83/><G71/><T54/><D15/><U35/><E35/><V130/><F135/><W72/><G100/><T73/><D73/><U5/><E5/><V0/><F0/><W40/><G40/><T119/><D7/><U44/><REACH who="1" step="1"/><E16/><REACH who="1" ten="190,410,190,200" step="2"/><V60/><F130/><W19/><G19/><N who="0" m="12671" /><D119/><U84/><E84/><V90/><F128/><W50/><G50/><T116/><D116/><U127/><E127/><V79/><F79/><W39/><G39/><T120/><D120/><U80/><E80/><V47/><F122/><W111/><G111/><T27/><D27/><U3/><E3/><V37/><F121/><W99/><G72/><AGARI ba="1,1" hai="44,46,58,59,61,62,72,74,96,98,104,107,112,114" machi="72" ten="25,4800,0" yaku="1,1,22,2,53,0" doraHai="14" doraHaiUra="68" who="1" fromWho="3" sc="190,0,410,61,190,0,200,-51" /><INIT seed="1,2,0,4,2,92" ten="190,471,190,149" oya="1" hai0="31,34,68,10,0,29,81,47,112,79,23,132,98" hai1="28,90,66,134,97,30,56,40,126,13,115,124,135" hai2="12,3,54,42,107,27,133,7,89,62,11,65,94" hai3="39,69,60,15,72,127,25,36,52,78,77,48,102"/><U103/><E40/><V16/><F107/><W50/><G127/><N who="1" m="48682" /><E90/><V41/><F133/><N who="1" m="50697" /><E115/><V9/><F27/><W24/><G72/><T116/><D116/><U71/><E56/><V122/><F54/><W43/><G43/><T106/><D68/><U8/><E66/><V32/><F32/><W26/><G102/><T87/><D34/><U45/><E45/><V58/><REACH who="2" step="1"/><F122/><REACH who="2" ten="190,471,180,149" step="2"/><W117/><G52/><T37/><D132/><U63/><E71/><V86/><AGARI ba="2,1" hai="3,7,9,11,12,16,41,42,58,62,65,86,89,94" machi="86" ten="20,8000,1" yaku="1,1,2,1,0,1,7,1,54,1,53,0" doraHai="92" doraHaiUra="101" who="2" fromWho="2" sc="190,-22,471,-42,180,96,149,-22" /><INIT seed="2,0,0,1,3,106" ten="168,429,276,127" oya="2" hai0="25,88,30,8,4,109,20,120,86,68,63,64,135" hai1="66,32,121,125,3,75,0,81,102,95,129,45,11" hai2="126,9,110,84,34,87,33,56,18,115,6,131,48" hai3="50,134,38,78,127,116,103,49,13,14,93,47,100"/><V119/><F115/><W7/><G116/><T54/><D135/><U36/><E32/><V92/><F119/><W53/><G38/><T16/><D109/><U24/><E24/><V112/><F112/><W29/><G134/><T90/><D120/><U71/><E129/><V89/><F126/><W117/><G117/><T43/><D43/><U37/><E95/><V76/><F18/><W60/><G127/><T73/><D73/><U22/><E22/><V41/><F131/><W101/><G60/><T57/><D30/><U83/><E102/><V74/><F74/><W108/><G29/><T113/><D113/><U12/><E66/><V17/><F17/><W61/><G61/><T122/><D122/><U46/><E71/><V133/><F84/><W123/><G123/><T21/><D21/><U132/><E75/><V51/><F51/><W65/><G65/><T55/><D68/><U130/><E130/><V107/><F76/><W19/><G78/><T35/><D35/><U80/><E132/><V58/><F107/><W5/><G108/><T111/><D111/><U124/><E121/><V10/><F34/><W96/><G49/><T42/><D42/><N who="1" m="22727" /><E125/><V104/><F104/><W98/><G14/><N who="0" m="5383" /><D90/><U118/><E118/><V62/><F33/><W52/><G53/><T77/><D77/><U114/><E114/><V128/><F110/><W2/><G2/><N who="1" m="554" /><E124/><V1/><F128/><W97/><REACH who="3" step="1"/><G93/><AGARI ba="0,0" hai="16,20,25,54,55,57,63,64,86,88,93" m="5383" machi="93" ten="30,3900,0" yaku="8,1,54,2" doraHai="106" who="0" fromWho="3" sc="168,39,429,0,276,0,127,-39" /><INIT seed="3,0,0,4,3,71" ten="207,429,276,88" oya="3" hai0="85,64,46,34,62,88,16,117,35,11,96,109,21" hai1="114,20,131,133,49,14,120,70,32,67,5,81,12" hai2="134,130,101,57,100,19,41,91,76,55,78,125,4" hai3="129,27,17,119,90,102,8,3,123,105,61,124,107"/><W115/><G123/><T135/><D117/><U42/><E32/><V84/><F19/><W45/><G115/><T7/><D109/><U73/><E120/><V22/><F41/><W92/><G119/><T60/><D135/><U110/><E110/><V24/><F4/><W80/><G129/><T54/><D96/><U52/><E42/><V68/><F68/><W126/><G80/><T1/><D62/><U36/><E36/><V31/><F125/><N who="3" m="48235" /><G102/><T103/><D103/><U87/><E73/><V127/><F134/><W56/><G45/><T104/><D104/><U93/><E131/><V30/><F30/><W25/><G3/><T116/><D54/><U18/><E93/><V0/><F0/><W118/><G118/><T39/><D46/><N who="1" m="27703" /><E133/><V112/><F101/><W77/><G77/><T28/><D28/><U94/><E94/><V38/><F100/><W98/><G8/><T6/><D116/><U82/><E114/><V47/><F112/><W79/><G79/><T121/><D121/><U122/><E122/><V86/><F78/><W48/><G48/><T58/><D7/><U13/><E5/><V37/><F76/><W40/><G40/><T66/><D66/><U51/><E51/><V15/><F38/><W132/><G132/><T10/><D11/><U99/><E81/><V72/><F130/><W50/><G50/><T33/><D39/><U111/><E111/><V97/><F37/><W65/><G17/><T95/><REACH who="0" step="1"/><D35/><REACH who="0" ten="197,429,276,88" step="2"/><U9/><E9/><V2/><F127/><W75/><G75/><T113/><D113/><U106/><E106/><AGARI ba="0,1" hai="25,27,56,61,65,90,92,98,105,106,107" m="48235" machi="106" ten="30,1500,0" yaku="18,1" doraHai="71" who="3" fromWho="1" sc="197,0,429,-15,276,0,88,25" /><INIT seed="3,1,0,2,3,5" ten="197,414,276,113" oya="3" hai0="46,1,127,82,131,12,25,123,109,16,61,28,115" hai1="76,98,92,97,75,17,133,39,135,69,13,95,116" hai2="58,121,10,106,124,62,7,37,26,67,132,99,6" hai3="32,57,73,72,44,3,0,65,93,101,100,108,114"/><W36/><G114/><T85/><D115/><U48/><E39/><V41/><F124/><W22/><G32/><T35/><D123/><U56/><E69/><V77/><F77/><W29/><G36/><T27/><D1/><U107/><E76/><V63/><F132/><N who="1" m="50761" /><E75/><V53/><F121/><W19/><G44/><T8/><D109/><U112/><E112/><V34/><F6/><W40/><G40/><T49/><D131/><U50/><E56/><V83/><F83/><W66/><G108/><T130/><D130/><U113/><E116/><V102/><F41/><W96/><G100/><T119/><D27/><U55/><E55/><V31/><F37/><W68/><G68/><T90/><D61/><U129/><E107/><V117/><F117/><W89/><G89/><T64/><D64/><U11/><E129/><V128/><F128/><W88/><G88/><T81/><D127/><U4/><E4/><V105/><F105/><W126/><G19/><T20/><D119/><U23/><E23/><V78/><F78/><W103/><G103/><T9/><D82/><U43/><E43/><AGARI ba="1,0" hai="8,9,12,16,20,25,28,35,43,46,49,81,85,90" machi="43" ten="30,7700,0" yaku="7,1,52,2,54,1" doraHai="5" who="0" fromWho="1" sc="197,80,414,-80,276,0,113,0" /><INIT seed="4,0,0,0,3,123" ten="277,334,276,113" oya="0" hai0="31,129,103,87,63,86,32,75,102,84,130,127,64" hai1="104,116,133,25,98,53,66,106,56,97,85,16,119" hai2="118,92,61,30,82,45,9,90,14,95,52,91,113" hai3="5,115,1,132,122,89,4,40,79,62,121,20,33"/><T22/><D32/><U44/><E133/><V69/><F113/><W15/><G40/><T131/><D75/><U135/><E66/><V55/><F118/><W68/><G79/><T26/><REACH who="0" step="1"/><D127/><REACH who="0" ten="267,334,276,113" step="2"/><U105/><E119/><V58/><F69/><AGARI ba="0,1" hai="22,26,31,63,64,69,84,86,87,102,103,129,130,131" machi="69" ten="50,18000,2" yaku="1,1,2,1,19,1,53,3" doraHai="123" doraHaiUra="83" who="0" fromWho="2" sc="267,190,334,0,276,-180,113,0" /><INIT seed="4,1,0,5,2,103" ten="457,334,96,113" oya="0" hai0="66,92,8,44,114,31,132,120,55,97,128,122,40" hai1="16,126,59,36,18,5,37,62,27,98,112,1,71" hai2="96,45,79,104,130,29,121,110,127,11,51,69,135" hai3="2,39,87,53,61,23,131,42,108,133,91,101,14"/><T82/><D66/><U75/><E75/><V74/><F29/><W88/><G108/><T33/><D128/><U17/><E71/><V48/><F11/><W125/><G2/><T10/><D114/><U28/><E112/><V115/><F45/><W116/><G116/><T95/><D132/><U123/><E123/><V65/><F48/><W81/><G133/><T129/><D82/><U67/><E126/><V7/><F51/><W38/><G125/><T124/><D129/><U86/><E86/><V26/><F26/><W84/><G42/><T60/><D33/><U76/><E76/><V25/><F25/><W6/><G101/><T57/><D31/><U52/><E67/><V15/><F15/><W111/><G111/><T30/><D30/><U34/><REACH who="1" step="1"/><E98/><REACH who="1" ten="457,324,96,113" step="2"/><V49/><F96/><W50/><G87/><T83/><D97/><U21/><E21/><V68/><F79/><W58/><G23/><T70/><D70/><U90/><E90/><V105/><F65/><W43/><G91/><T12/><D122/><U80/><E80/><V4/><F69/><W47/><G131/><T35/><D83/><U113/><E113/><V24/><F68/><W73/><G73/><T3/><D120/><U72/><E72/><V0/><F74/><W64/><G64/><T63/><D124/><U19/><N who="1" m="4096" /><DORA hai="54" /><U99/><E99/><V117/><F115/><W118/><G118/><T119/><D119/><U13/><E13/><V134/><F117/><W93/><G81/><T22/><D12/><U89/><E89/><V9/><F127/><W94/><G14/><T85/><D85/><RYUUKYOKU ba="1,1" sc="457,-10,324,30,96,-10,113,-10" hai1="1,5,27,28,34,36,37,52,59,62" /><INIT seed="5,2,1,2,5,81" ten="447,354,86,103" oya="1" hai0="43,7,30,123,8,122,131,119,91,15,112,11,35" hai1="38,86,94,57,124,106,130,0,74,93,65,116,82" hai2="87,52,36,14,110,33,42,98,47,117,10,113,50" hai3="23,32,39,2,69,83,24,135,79,48,84,31,44"/><U118/><E0/><V63/><F33/><W29/><G69/><T73/><D73/><U77/><E38/><V17/><F117/><W105/><G105/><T78/><D78/><U22/><E22/><V101/><F110/><W120/><G135/><T129/><D43/><U18/><E18/><V114/><F63/><W49/><G120/><N who="0" m="46123" /><D91/><N who="1" m="53495" /><E57/><V55/><F87/><W5/><G39/><T80/><D80/><U41/><E65/><V34/><F34/><W9/><G31/><T125/><D119/><N who="1" m="45611" /><E41/><V58/><REACH who="2" step="1"/><F55/><REACH who="2" ten="447,354,76,103" step="2"/><W40/><G32/><T96/><D35/><U62/><E62/><V126/><F126/><W25/><G29/><T127/><D30/><U99/><E124/><V53/><F53/><W89/><G40/><T107/><D127/><U85/><E130/><V103/><F103/><W111/><G111/><T12/><D125/><U71/><E71/><V75/><F75/><W76/><G84/><T59/><D131/><U28/><E74/><V102/><F102/><W104/><G76/><T64/><D129/><U54/><E54/><V6/><F6/><W108/><G79/><T100/><D7/><U97/><E106/><AGARI ba="2,2" hai="10,14,17,36,42,47,50,52,58,98,101,106,113,114" machi="106" ten="40,2600,0" yaku="1,1,54,1,53,0" doraHai="81" doraHaiUra="16" who="2" fromWho="1" sc="447,0,354,-32,76,52,103,0" /><INIT seed="6,0,0,5,0,33" ten="447,322,128,103" oya="2" hai0="64,99,81,19,110,48,118,68,104,128,10,131,38" hai1="77,93,117,124,80,125,100,18,97,79,42,76,21" hai2="113,111,58,83,85,49,41,84,59,22,45,82,103" hai3="39,66,14,25,108,71,0,63,130,50,119,35,1"/><V54/><F113/><W20/><G119/><T73/><D48/><U44/><E117/><V70/><F70/><W75/><G108/><T107/><D19/><U15/><REACH who="1" step="1"/><E80/><REACH who="1" ten="447,312,128,103" step="2"/><V36/><F111/><W29/><G130/><T5/><D81/><U115/><E115/><V47/><F103/><W72/><G39/><AGARI ba="0,1" hai="15,18,21,39,42,44,76,77,79,93,97,100,124,125" machi="39" ten="40,1300,0" yaku="1,1,53,0" doraHai="33" doraHaiUra="53" who="1" fromWho="3" sc="447,0,312,23,128,0,103,-13" /><INIT seed="7,0,0,4,0,5" ten="447,335,128,90" oya="3" hai0="108,125,133,87,75,37,88,78,113,95,2,100,76" hai1="9,44,15,40,36,14,21,118,97,3,132,80,61" hai2="93,19,119,17,24,104,111,46,10,112,32,28,86" hai3="81,18,126,27,51,33,31,67,127,62,57,72,25"/><W6/><G6/><T73/><D37/><U65/><E132/><V117/><F104/><W70/><G72/><T98/><D2/><U129/><E129/><V66/><F66/><W96/><G81/><T79/><D108/><U90/><E118/><V53/><F111/><W134/><G134/><T128/><D128/><U7/><E21/><V26/><F112/><W20/><REACH who="3" step="1"/><G96/><REACH who="3" ten="447,335,128,80" step="2"/><T120/><D133/><U99/><E99/><V30/><F119/><W58/><G58/><T94/><D75/><U22/><E97/><V13/><F117/><W68/><G68/><T56/><D56/><U74/><E90/><V38/><F86/><W115/><G115/><T92/><D73/><U34/><E34/><V102/><F102/><W130/><G130/><T39/><D113/><U41/><E22/><V29/><F93/><W12/><G12/><T69/><D69/><U0/><E0/><V64/><F32/><W55/><AGARI ba="0,1" hai="18,20,25,27,31,33,51,55,57,62,67,70,126,127" machi="55" ten="30,6000,0" yaku="1,1,0,1,53,1" doraHai="5" doraHaiUra="52" who="3" fromWho="3" sc="447,-20,335,-20,128,-20,80,70" /><INIT seed="7,1,0,0,3,42" ten="427,315,108,150" oya="3" hai0="129,118,61,94,124,5,17,53,56,70,122,51,119" hai1="125,28,44,135,55,97,115,45,3,79,36,88,116" hai2="39,105,54,2,15,6,1,65,4,0,18,76,14" hai3="66,78,113,104,110,20,46,35,103,57,133,37,126"/><W95/><G104/><T13/><D5/><N who="2" m="2154" /><F105/><W128/><G35/><T131/><D122/><U93/><E3/><V59/><F39/><W83/><G113/><T33/><D33/><U67/><E115/><V127/><F65/><W16/><G128/><N who="0" m="49227" /><D94/><U86/><E28/><V11/><F76/><W114/><G114/><T9/><D124/><U112/><E112/><V64/><F64/><AGARI ba="1,0" hai="9,13,17,51,53,56,61,64,70,118,119" m="49227" machi="64" ten="30,1000,0" yaku="19,1" doraHai="42" who="0" fromWho="2" sc="427,13,315,0,108,-13,150,0" owari="440,54.0,315,11.5,95,-40.5,150,-25.0" /></mjloggm>