<mjloggm ver="2.3"><GO type="41" lobby="0"/><UN n0="%4B%45%4E%35%35" n1="%E2%93%9D%4C%75%63%6B%79%4A" n2="%E7%B7%B4%E9%A6%AC%E3%81%AE%E8%B3%AD%E5%8D%9A%E7%8E%8B" n3="%79%79%7A" dan="15,18,13,15" rate="1938.39,2196.22,1878.00,1984.15" sx="M,M,M,M"/><TAIKYOKU oya="0"/><INIT seed="0,0,0,3,3,68" ten="250,250,250,250" oya="0" hai0="116,113,56,100,109,81,133,34,90,130,132,67,60" hai1="18,72,39,73,0,102,85,127,24,59,31,55,5" hai2="94,82,11,12,58,112,126,21,9,99,89,1,117" hai3="76,2,77,47,128,3,119,54,46,36,53,30,13"/><T44/><D34/><U26/><E102/><V93/><F112/><W33/><G33/><T84/><D113/><U80/><E127/><V121/><F121/><W45/><G128/><T27/><D116/><U19/><E0/><V37/><F126/><W42/><G13/><T63/><D130/><U51/><E5/><V103/><F117/><W49/><G119/><T25/><D100/><U10/><E39/><V86/><F37/><W101/><G101/><T129/><D129/><U15/><E19/><V8/><F58/><W118/><G118/><T96/><D96/><U16/><E18/><N who="2" m="10439" /><F1/><W23/><G3/><T123/><D123/><U50/><E51/><V65/><F65/><W92/><G92/><AGARI ba="0,0" hai="8,9,11,82,86,89,92,93,94,99,103" m="10439" machi="92" ten="30,1000,0" yaku="8,1" doraHai="68" who="2" fromWho="3" sc="250,0,250,0,250,10,250,-10" /><INIT seed="1,0,0,2,4,69" ten="250,250,260,240" oya="1" hai0="45,32,30,55,104,110,9,126,86,106,101,35,59" hai1="88,51,95,2,127,67,87,93,12,63,121,111,21" hai2="124,132,18,82,90,98,54,43,83,7,15,44,0" hai3="84,108,17,92,37,135,56,52,66,62,25,46,10"/><U22/><E121/><V107/><F107/><W48/><G108/><T129/><D129/><U11/><E2/><V91/><F132/><W36/><G135/><T20/><D110/><U41/><E111/><V134/><F134/><W102/><G102/><T14/><D126/><U112/><E112/><V38/><F124/><W118/><G118/><T50/><D86/><U116/><E116/><V8/><F54/><W113/><G113/><T81/><D81/><U33/><E33/><V29/><F29/><W131/><G131/><T74/><D74/><U65/><E127/><V96/><F90/><W73/><G73/><T94/><D35/><U58/><E67/><V100/><F100/><W89/><REACH who="3" step="1"/><G25/><REACH who="3" ten="250,250,260,230" step="2"/><T80/><D101/><U19/><E95/><V60/><F83/><W61/><G61/><T40/><D80/><U130/><E130/><V119/><F60/><W53/><G53/><T49/><D94/><U5/><E5/><V31/><F119/><W128/><G128/><T16/><REACH who="0" step="1"/><D32/><REACH who="0" ten="240,250,260,230" step="2"/><U117/><E117/><V99/><F82/><W39/><G39/><T70/><D70/><U34/><E34/><V78/><F38/><W76/><G76/><T57/><D57/><U85/><E87/><V109/><F78/><W71/><G71/><T123/><D123/><U72/><E72/><V105/><F109/><W114/><G114/><T4/><D4/><U27/><E27/><AGARI ba="0,2" hai="9,14,16,20,27,30,40,45,49,50,55,59,104,106" machi="27" ten="40,5200,0" yaku="1,1,54,1,53,1" doraHai="69" doraHaiUra="42" who="0" fromWho="1" sc="240,72,250,-52,260,0,230,0" /><INIT seed="2,0,0,3,0,72" ten="312,198,260,230" oya="2" hai0="7,93,52,74,99,133,92,132,45,24,84,119,21" hai1="103,95,34,88,89,73,91,1,3,40,51,101,82" hai2="129,27,13,41,35,17,75,108,122,102,77,130,43" hai3="112,126,16,79,11,46,8,105,4,128,49,5,28"/><V118/><F122/><W20/><G126/><T121/><D121/><U81/><E34/><V94/><F118/><W87/><G105/><T15/><D119/><U25/><E25/><V53/><F53/><W117/><G117/><T38/><D74/><U37/><E37/><V111/><F94/><W48/><G128/><N who="2" m="49257" /><F102/><N who="1" m="38921" /><E3/><V65/><F65/><W100/><G100/><T127/><D127/><U78/><E1/><V113/><F113/><W96/><G28/><T98/><D38/><U32/><E32/><V56/><F56/><W26/><G96/><N who="0" m="36907" /><D84/><N who="1" m="48215" /><E40/><N who="2" m="15435" /><F27/><W55/><G49/><N who="0" m="28719" /><D133/><U64/><E64/><V110/><F35/><W70/><G70/><T76/><D132/><U83/><E51/><V62/><F62/><W69/><G69/><T54/><D54/><U59/><E59/><V14/><F17/><W0/><G112/><T68/><D68/><U107/><E107/><V30/><F30/><W44/><G44/><T23/><D23/><U80/><E73/><V19/><F19/><W125/><G125/><T47/><D47/><U58/><E58/><V123/><F123/><W42/><G42/><T85/><D15/><N who="2" m="5642" /><F75/><W31/><G31/><N who="0" m="17807" /><D7/><N who="3" m="2633" /><G0/><T36/><D36/><U131/><E131/><V39/><F39/><W60/><G60/><T86/><D86/><AGARI ba="0,0" hai="80,81,83,86,88,89,91,95" m="48215,38921" machi="86" ten="30,16000,3" yaku="8,1,35,5,52,1,54,1" doraHai="72" who="1" fromWho="0" sc="312,-160,198,160,260,0,230,0" /><INIT seed="3,0,0,0,4,64" ten="152,358,260,230" oya="3" hai0="13,119,19,85,95,102,96,135,104,79,75,84,20" hai1="58,9,94,111,68,53,47,72,22,37,29,69,41" hai2="78,45,126,27,67,71,101,36,106,6,107,40,44" hai3="54,63,12,127,116,26,129,86,7,65,10,18,122"/><W5/><G122/><T132/><D119/><U108/><E72/><V42/><F78/><W110/><G116/><T115/><D115/><U83/><E9/><V0/><F126/><W105/><G127/><T74/><D74/><U91/><E83/><V57/><F27/><W120/><G105/><T70/><D70/><N who="1" m="27243" /><E91/><V88/><F101/><W73/><G73/><T98/><D98/><U51/><E22/><V43/><F71/><W124/><G65/><T92/><D92/><U24/><E24/><V3/><F36/><W113/><G124/><T50/><D50/><U25/><E25/><V14/><F88/><W90/><G120/><T23/><D20/><U131/><E29/><V82/><F82/><W134/><G113/><T130/><D130/><U112/><E94/><V39/><F39/><W77/><G77/><T99/><D96/><U76/><E76/><V109/><F14/><W32/><G129/><T62/><D62/><U60/><E112/><V35/><F35/><W52/><G26/><T1/><D1/><U125/><E125/><V46/><F6/><W121/><G32/><T80/><REACH who="0" step="1"/><D85/><REACH who="0" ten="142,358,260,230" step="2"/><U114/><E114/><V2/><F109/><N who="1" m="42057" /><E131/><V103/><F103/><W34/><G110/><T118/><D118/><U97/><E97/><V28/><F28/><W117/><G121/><T93/><D93/><U133/><E133/><V56/><REACH who="2" step="1"/><F67/><REACH who="2" ten="142,358,250,230" step="2"/><W31/><G134/><T87/><D87/><U16/><E37/><V89/><F89/><AGARI ba="0,2" hai="13,19,23,75,79,80,84,89,95,99,102,104,132,135" machi="89" ten="40,5200,0" yaku="1,1,24,2,53,0" doraHai="64" doraHaiUra="21" who="0" fromWho="2" sc="142,72,358,0,250,-52,230,0" /><INIT seed="4,0,0,2,1,118" ten="214,358,198,230" oya="0" hai0="60,96,92,21,56,6,50,130,41,69,119,74,37" hai1="24,93,61,25,112,133,5,49,107,85,97,110,121" hai2="111,90,32,79,65,78,10,104,13,36,19,26,62" hai3="35,109,30,72,54,113,103,43,129,70,68,18,16"/><T2/><D119/><U86/><E110/><V82/><F111/><W57/><G113/><T124/><D74/><U7/><E107/><V40/><F104/><W52/><G72/><T94/><D130/><U75/><E75/><V0/><F0/><W77/><G77/><T73/><D73/><U100/><E133/><V63/><F40/><W106/><G43/><T80/><D80/><U108/><E61/><V84/><F36/><W87/><G87/><T125/><D69/><U117/><E117/><V28/><REACH who="2" step="1"/><F63/><REACH who="2" ten="214,358,188,230" step="2"/><W128/><G109/><T33/><D37/><U8/><E108/><V131/><F131/><W135/><G128/><T89/><D41/><U27/><E112/><V71/><AGARI ba="0,1" hai="10,13,19,26,28,32,62,65,71,78,79,82,84,90" machi="71" ten="20,2700,0" yaku="1,1,0,1,7,1,53,0" doraHai="118" doraHaiUra="105" who="2" fromWho="2" sc="214,-13,358,-7,188,37,230,-7" /><INIT seed="5,0,0,1,5,4" ten="201,351,225,223" oya="1" hai0="79,1,118,90,115,83,68,130,8,76,114,9,101" hai1="6,75,59,26,52,106,134,21,17,16,44,78,123" hai2="40,107,112,100,49,43,108,131,51,11,5,38,82" hai3="31,97,60,57,36,46,74,53,48,133,18,45,127"/><U34/><E123/><V119/><F108/><W120/><G74/><T67/><D1/><U0/><E34/><V88/><F119/><W22/><G120/><T89/><D118/><U28/><E106/><V73/><F131/><W2/><G2/><T132/><D101/><U109/><E109/><V86/><F73/><W84/><G127/><T135/><D130/><U35/><E44/><V91/><F112/><N who="0" m="43050" /><D67/><U42/><E42/><V41/><F38/><W24/><G133/><N who="0" m="51275" /><D68/><U92/><E134/><V63/><F63/><W66/><G97/><T56/><D56/><U124/><E124/><V126/><F126/><W70/><G84/><N who="0" m="50335" /><D90/><U32/><E35/><V47/><F91/><W30/><G45/><T129/><D129/><U104/><E32/><V116/><F116/><W111/><REACH who="3" step="1"/><G111/><REACH who="3" ten="201,351,225,213" step="2"/><T87/><D87/><U25/><E75/><V103/><F47/><W110/><G110/><T93/><D93/><U13/><E92/><V37/><F37/><W14/><G14/><T77/><AGARI ba="0,1" hai="8,9,76,77,79" m="50335,51275,43050" machi="77" ten="40,8000,1" yaku="15,1,20,1,52,2" doraHai="4" who="0" fromWho="0" sc="201,90,351,-40,225,-20,213,-20" /><INIT seed="6,0,0,4,2,28" ten="291,311,205,193" oya="2" hai0="124,127,2,29,92,36,79,49,111,105,74,30,86" hai1="22,104,87,83,47,93,42,20,38,90,107,119,84" hai2="46,1,67,56,110,32,45,25,134,70,109,133,132" hai3="3,98,126,135,73,12,118,11,131,9,39,14,97"/><V48/><F1/><W10/><G3/><T44/><D111/><N who="2" m="42506" /><F32/><W65/><G39/><T99/><D2/><U130/><E119/><V31/><F31/><W71/><G118/><T77/><D36/><U108/><E130/><V0/><F25/><W19/><G131/><T34/><D105/><U43/><E43/><V26/><F26/><W17/><G126/><N who="0" m="48171" /><D74/><U57/><E108/><V61/><F0/><W60/><G135/><T106/><D106/><U6/><E6/><V64/><F64/><W129/><G129/><T13/><D13/><U115/><E107/><V128/><F128/><W15/><REACH who="3" step="1"/><G73/><REACH who="3" ten="291,311,205,183" step="2"/><T24/><D29/><U63/><E38/><V122/><F122/><W123/><G123/><T18/><D18/><AGARI ba="0,1" hai="9,10,11,12,14,15,17,18,19,60,65,71,97,98" machi="18" ten="30,3900,0" yaku="1,1,7,1,9,1,53,0" doraHai="28" doraHaiUra="78" who="3" fromWho="0" sc="291,-39,311,0,205,0,183,49" /><INIT seed="7,0,0,4,1,33" ten="252,311,205,232" oya="3" hai0="75,81,127,5,58,126,124,94,85,31,71,103,97" hai1="135,27,109,101,123,92,60,70,6,112,105,122,26" hai2="65,52,25,72,64,73,15,110,95,63,50,48,129" hai3="29,86,38,32,34,53,98,118,13,19,96,45,7"/><W80/><G118/><T115/><D71/><U39/><E92/><V66/><F110/><W59/><G7/><T102/><D31/><U121/><E39/><V47/><F25/><W14/><G32/><T44/><D44/><U8/><E112/><V91/><F129/><W2/><G2/><T89/><D58/><U111/><E101/><N who="0" m="38409" /><D5/><U23/><E105/><V56/><F15/><W84/><G29/><T40/><D40/><U132/><E60/><V100/><F100/><W4/><G34/><T130/><D130/><U104/><E104/><V106/><F106/><W9/><G45/><T3/><D3/><N who="1" m="95" /><E70/><V107/><F107/><W99/><G38/><T88/><D75/><U131/><E27/><V62/><F72/><W42/><G42/><T79/><D115/><U12/><E12/><V67/><F73/><W57/><G57/><T82/><D82/><U18/><E131/><V43/><N who="2" m="16384" /><DORA hai="17" /><V10/><REACH who="2" step="1"/><F10/><REACH who="2" ten="252,311,195,232" step="2"/><N who="3" m="6583" /><G80/><T36/><D36/><U22/><E111/><V24/><F24/><W11/><G11/><T116/><D116/><U1/><E109/><V68/><F68/><W69/><G69/><T113/><D113/><U133/><E1/><V37/><F37/><W49/><AGARI ba="0,1" hai="4,9,14,49,53,59,84,86,96,98,99" m="6583" machi="49" ten="30,1500,0" yaku="8,1" doraHai="33,17" who="3" fromWho="3" sc="252,-5,311,-5,195,-5,232,25" /><INIT seed="7,1,0,5,1,97" ten="247,306,190,257" oya="3" hai0="103,58,71,2,9,3,108,35,52,63,78,7,12" hai1="31,20,98,87,22,5,83,4,69,131,64,111,89" hai2="62,102,33,1,125,67,104,56,116,18,23,14,114" hai3="53,11,82,65,72,117,128,121,84,45,85,60,44"/><W51/><G121/><T123/><D108/><U110/><E69/><V109/><F109/><W134/><G117/><T99/><D35/><U107/><E64/><V124/><F116/><W96/><G128/><T94/><D123/><U61/><E61/><V95/><F1/><W80/><G72/><T135/><D135/><U88/><E107/><V76/><F76/><W29/><G134/><T77/><REACH who="0" step="1"/><D71/><REACH who="0" ten="237,306,190,257" step="2"/><U16/><E111/><V13/><F33/><W133/><G133/><T70/><D70/><U75/><E110/><V59/><F114/><W50/><G29/><T55/><D55/><U74/><E31/><V126/><F104/><W41/><G53/><T38/><D38/><U15/><E131/><V79/><F79/><AGARI ba="1,1" hai="2,3,7,9,12,52,58,63,77,78,79,94,99,103" machi="79" ten="40,5200,0" yaku="1,1,52,1,54,1,53,0" doraHai="97" doraHaiUra="68" who="0" fromWho="2" sc="237,65,306,0,190,-55,257,0" owari="302,10.2,306,40.6,135,-36.5,257,-14.3" /></mjloggm>