<mjloggm ver="2.3"><GO type="41" lobby="0"/><UN n0="%E2%93%9D%4C%75%63%6B%79%4A" n1="%E7%8E%8B%E9%81%93%E5%AE%B6" n2="%E3%81%B2%E3%83%BC%E3%81%A6%E3%81%83%E2%98%86" n3="%E3%81%AF%E3%82%89%E3%81%8A%E3%81%86" dan="16,13,14,13" rate="2152.29,1901.58,1940.30,1845.94" sx="M,M,M,M"/><TAIKYOKU oya="0"/><INIT seed="0,0,0,3,5,0" ten="250,250,250,250" oya="0" hai0="65,123,64,18,63,41,71,11,95,19,111,109,128" hai1="47,91,87,35,88,32,107,77,110,132,75,84,70" hai2="89,61,59,113,62,60,99,46,49,58,114,134,115" hai3="83,2,28,127,94,23,33,37,124,21,30,36,9"/><T125/><D123/><U118/><E70/><V119/><F99/><W48/><G94/><T122/><D122/><U50/><E118/><V42/><F89/><W67/><G67/><T121/><D121/><U130/><E107/><V126/><F119/><W66/><G66/><T13/><D125/><U129/><E132/><V45/><F126/><W90/><G48/><T96/><D128/><N who="1" m="49259" /><E110/><N who="0" m="41993" /><D65/><U131/><N who="1" m="49267" /><U52/><DORA hai="8" /><E75/><V112/><N who="2" m="28672" /><DORA hai="69" /><V27/><F27/><W79/><G127/><T100/><D41/><U86/><E77/><V24/><F24/><W106/><G79/><T133/><D133/><U31/><E31/><V1/><F1/><W53/><G2/><T98/><D98/><U93/><E91/><V76/><F76/><W117/><G90/><T3/><D3/><U5/><E5/><AGARI ba="0,0" hai="5,11,13,18,19,63,64,71,95,96,100" m="41993" machi="5" ten="30,11600,0" yaku="14,1,10,1,52,2" doraHai="0,8,69" who="0" fromWho="1" sc="250,116,250,-116,250,0,250,0" /><INIT seed="0,1,0,0,3,75" ten="366,134,250,250" oya="0" hai0="105,62,96,127,102,81,53,5,70,68,94,106,79" hai1="60,120,38,101,92,33,17,67,90,57,86,76,20" hai2="3,56,89,27,118,51,48,46,13,1,19,16,91" hai3="77,128,4,98,80,132,72,74,30,29,32,99,133"/><T124/><D5/><U108/><E120/><V104/><F118/><W15/><G128/><T107/><D53/><U119/><E33/><V9/><F104/><W114/><G114/><T129/><D62/><U130/><E130/><V113/><F113/><W7/><G32/><T64/><D64/><U36/><E119/><V131/><F131/><W52/><G15/><T71/><REACH who="0" step="1"/><D129/><REACH who="0" ten="356,134,250,250" step="2"/><U2/><E2/><V111/><F1/><W41/><G52/><T34/><D34/><U35/><E35/><V121/><F3/><W93/><G41/><T24/><D24/><U103/><E108/><V12/><F111/><W116/><G116/><T47/><D47/><U61/><E60/><V100/><F27/><W58/><G4/><T117/><D117/><U49/><E49/><V11/><F121/><W23/><G7/><T59/><D59/><U42/><E42/><V25/><F25/><W39/><G58/><T135/><D135/><U40/><E40/><V87/><F56/><W110/><G110/><T95/><D95/><U18/><E38/><V85/><F46/><W21/><G93/><T83/><D83/><U14/><E36/><V45/><F45/><W50/><G39/><T26/><D26/><U88/><E67/><V43/><F43/><W123/><G123/><T112/><D112/><U6/><E61/><V37/><F37/><W63/><G63/><T109/><D109/><U65/><E57/><V44/><F44/><W69/><G80/><T73/><AGARI ba="1,1" hai="68,70,71,73,79,81,94,96,102,105,106,107,124,127" machi="73" ten="40,7800,0" yaku="1,1,0,1,52,1,53,0" doraHai="75" doraHaiUra="115" who="0" fromWho="0" sc="356,91,134,-27,250,-27,250,-27" /><INIT seed="0,2,0,0,1,31" ten="447,107,223,223" oya="0" hai0="44,91,24,4,32,64,37,100,10,40,6,65,101" hai1="56,69,47,68,122,54,133,0,53,63,36,23,49" hai2="104,118,130,84,67,114,61,18,48,43,8,95,99" hai3="131,92,75,106,28,57,17,45,26,123,70,93,77"/><T16/><D91/><U88/><E23/><V55/><F114/><W34/><G34/><T60/><BYE who="3" /><D65/><N who="1" m="39143" /><E88/><UN n3="%E3%81%AF%E3%82%89%E3%81%8A%E3%81%86" /><V14/><F130/><W126/><G106/><T112/><D112/><U12/><E12/><V90/><F118/><W35/><G70/><N who="1" m="27242" /><E0/><V76/><F43/><W15/><G123/><T115/><D115/><U81/><E81/><V129/><F129/><W127/><G131/><T39/><D39/><U42/><E133/><V74/><F76/><W134/><G134/><T116/><D116/><U38/><E122/><V46/><F74/><W41/><G41/><BYE who="3" /><UN n3="%E3%81%AF%E3%82%89%E3%81%8A%E3%81%86" /><T96/><D101/><U109/><E109/><V5/><F104/><W119/><G119/><T20/><D10/><U1/><E1/><V25/><F25/><W11/><G77/><T135/><D32/><U80/><E80/><V82/><F82/><W66/><G75/><T107/><REACH who="0" step="1"/><D135/><REACH who="0" ten="437,107,223,223" step="2"/><U9/><E9/><V89/><F89/><W128/><G128/><T105/><D105/><U7/><E7/><V59/><F5/><W2/><G11/><T98/><D98/><AGARI ba="2,1" hai="8,14,18,46,48,55,59,61,67,84,90,95,98,99" machi="98" ten="40,1300,0" yaku="8,1" doraHai="31" who="2" fromWho="0" sc="437,-19,107,0,223,29,223,0" /><INIT seed="1,0,0,0,4,38" ten="418,107,252,223" oya="1" hai0="59,113,19,17,16,100,114,32,48,101,42,72,24" hai1="51,1,73,54,11,130,123,129,106,4,9,91,22" hai2="47,21,127,52,25,80,82,133,36,34,128,111,104" hai3="14,62,56,98,50,125,75,88,86,26,107,44,5"/><U61/><E106/><V102/><F111/><W63/><G75/><T31/><D72/><U8/><E73/><V109/><F109/><W81/><G125/><T96/><D101/><U70/><E123/><V58/><F127/><W74/><G74/><T33/><D33/><U65/><E91/><V0/><F133/><W79/><G26/><T71/><D71/><U7/><E22/><V46/><F128/><W13/><G56/><T39/><D39/><U45/><REACH who="1" step="1"/><E1/><REACH who="1" ten="418,97,252,223" step="2"/><V120/><F0/><W121/><G121/><T3/><D3/><U20/><E20/><V116/><F120/><W12/><G107/><T78/><D78/><U126/><E126/><V69/><F21/><W28/><G28/><T122/><D122/><U119/><E119/><V131/><F116/><W6/><G98/><T93/><D96/><U135/><E135/><V92/><F104/><W40/><G88/><T118/><D118/><U49/><E49/><V87/><F34/><W29/><G29/><T68/><D31/><U35/><E35/><V60/><F102/><W95/><G95/><T43/><D93/><U97/><E97/><V66/><F92/><W76/><G76/><T112/><D100/><U27/><E27/><V117/><F25/><W53/><G62/><T134/><D134/><U30/><E30/><V83/><F60/><W84/><G84/><T105/><D105/><U37/><E37/><V10/><F36/><W67/><G63/><T2/><D32/><U124/><E124/><V110/><F87/><W15/><G86/><T108/><D24/><U18/><E18/><V41/><F117/><RYUUKYOKU ba="0,1" sc="418,-10,97,30,252,-10,223,-10" hai1="4,7,8,9,11,45,51,54,61,65,70,129,130" /><INIT seed="1,1,1,4,5,45" ten="408,127,242,213" oya="1" hai0="3,22,72,27,20,6,88,89,101,99,17,111,96" hai1="86,53,21,126,103,121,41,131,56,48,10,70,4" hai2="15,110,16,30,63,46,61,66,87,62,55,123,14" hai3="124,105,37,67,95,129,75,76,25,104,133,65,34"/><U80/><E121/><V54/><F110/><W33/><G37/><T97/><D72/><U93/><E126/><V51/><F123/><W29/><G124/><T43/><D111/><U118/><E118/><V42/><F30/><W69/><G34/><T78/><D78/><U38/><E131/><V26/><F66/><W47/><G129/><T94/><D3/><U52/><E70/><V68/><F68/><W2/><G2/><T92/><D6/><U9/><E38/><V32/><F32/><W73/><G65/><T135/><D135/><U39/><E39/><V64/><F64/><W128/><G128/><T125/><D125/><U31/><E41/><V112/><F87/><W79/><G95/><T115/><D115/><U130/><E130/><V35/><F112/><W83/><G47/><T109/><D109/><U122/><E122/><V107/><F107/><W13/><G13/><N who="2" m="4617" /><F35/><W11/><G11/><T132/><D132/><U102/><E4/><V98/><F98/><W0/><G0/><T71/><D71/><U5/><E5/><V23/><AGARI ba="1,1" hai="16,23,26,42,46,51,54,55,61,62,63" m="4617" machi="23" ten="30,4000,0" yaku="8,1,52,1,54,1" doraHai="45" who="2" fromWho="2" sc="408,-11,127,-21,242,53,213,-11" /><INIT seed="2,0,0,1,5,122" ten="397,106,295,202" oya="2" hai0="88,120,107,42,24,12,34,58,32,104,17,62,65" hai1="85,129,40,77,31,26,15,126,68,96,95,83,69" hai2="93,45,59,70,72,118,94,109,38,27,20,8,127" hai3="9,14,115,130,48,61,87,81,53,73,100,128,66"/><V133/><F118/><W135/><G73/><T55/><D120/><U60/><E126/><V112/><F112/><W44/><G100/><T23/><D42/><U123/><E129/><V7/><F127/><W63/><G135/><T111/><D34/><U0/><E123/><V22/><F133/><W52/><G53/><T74/><D74/><U50/><E0/><V28/><F70/><W108/><G115/><T35/><D35/><U116/><E116/><V6/><F6/><W119/><G119/><T91/><D111/><U51/><E68/><V13/><F72/><W124/><G108/><T16/><D32/><U39/><E39/><V5/><F5/><W2/><G2/><T4/><D4/><U43/><E15/><V54/><F109/><W97/><G97/><T18/><D107/><U117/><E117/><V10/><F10/><W114/><G114/><T132/><D104/><U21/><E60/><V106/><F106/><W25/><G25/><T1/><D1/><U56/><E69/><V33/><F45/><W92/><G92/><N who="2" m="35433" /><F33/><W90/><G124/><T105/><D105/><U49/><REACH who="1" step="1"/><E56/><REACH who="1" ten="397,96,295,202" step="2"/><V71/><F71/><N who="3" m="42447" /><G63/><T113/><D113/><U134/><E134/><V30/><F38/><W131/><G14/><T86/><D12/><U37/><E37/><V110/><F110/><W125/><G125/><T121/><D121/><U84/><E84/><V79/><F59/><W78/><G9/><T3/><D132/><U41/><E41/><V101/><F13/><W89/><AGARI ba="0,1" hai="44,48,52,78,81,87,89,90,128,130,131" m="42447" machi="89" ten="40,2700,0" yaku="19,1,54,1" doraHai="122" who="3" fromWho="3" sc="397,-7,96,-7,295,-13,202,37" /><INIT seed="3,0,0,0,3,3" ten="390,89,282,239" oya="3" hai0="68,135,126,78,14,84,100,65,18,89,91,117,30" hai1="86,110,56,109,37,119,93,82,39,63,6,131,79" hai2="104,17,41,22,80,133,124,34,73,25,51,9,95" hai3="44,50,129,11,101,7,53,70,96,105,75,127,12"/><W48/><G129/><T55/><D117/><U49/><E119/><V10/><F104/><W114/><G114/><T98/><D30/><U71/><E131/><V64/><F133/><W83/><G70/><T118/><D118/><U72/><E71/><V103/><F124/><W43/><G127/><T87/><D55/><U62/><E6/><V99/><F64/><W38/><G75/><T20/><D78/><U36/><E49/><V28/><F73/><W27/><G27/><T8/><D135/><U60/><E56/><V106/><F80/><W21/><G21/><T88/><D126/><U66/><E66/><V85/><F41/><W2/><G2/><T24/><D65/><U54/><E54/><V23/><F34/><W31/><G31/><T16/><REACH who="0" step="1"/><D68/><REACH who="0" ten="380,89,282,239" step="2"/><U35/><E35/><V13/><F28/><W112/><G112/><T77/><D77/><U67/><E67/><V113/><F113/><W57/><REACH who="3" step="1"/><G83/><REACH who="3" ten="380,89,282,229" step="2"/><T45/><D45/><U123/><E123/><V59/><F59/><W128/><G128/><T76/><D76/><U81/><E81/><V1/><F1/><W4/><G4/><T102/><D102/><U122/><E122/><V19/><F103/><W116/><G116/><T115/><D115/><U26/><E82/><V132/><F132/><W97/><G97/><T130/><D130/><U90/><E79/><V0/><F99/><W107/><G107/><AGARI ba="0,2" hai="8,14,16,18,20,24,84,87,88,89,91,98,100,107" machi="107" ten="40,5200,0" yaku="1,1,54,2,53,0" doraHai="3" doraHaiUra="40" who="0" fromWho="3" sc="380,72,89,0,282,0,229,-52" /><INIT seed="4,0,0,4,3,18" ten="452,89,282,177" oya="0" hai0="98,110,105,76,59,35,132,57,133,64,94,103,70" hai1="84,82,95,37,121,38,27,47,19,30,71,63,53" hai2="129,93,117,126,15,17,131,61,77,36,116,119,113" hai3="3,66,0,52,51,81,50,4,60,55,127,48,79"/><T11/><D35/><U26/><E121/><V8/><F36/><W43/><G127/><T97/><D70/><U12/><E95/><V13/><F77/><W65/><G43/><T21/><D11/><U107/><E107/><V128/><F93/><W108/><G108/><T45/><D64/><U114/><E114/><V20/><F61/><W41/><G41/><T5/><D5/><U62/><E62/><V91/><F91/><W69/><G65/><T99/><D45/><U100/><E100/><V92/><F92/><W130/><G130/><T109/><D59/><U40/><E71/><V2/><F113/><W134/><G134/><N who="0" m="51819" /><D57/><U22/><E63/><V80/><F80/><W49/><N who="3" m="12288" /><DORA hai="111" /><W120/><G120/><T56/><D56/><U34/><E53/><V75/><F75/><W122/><G122/><T89/><D21/><U1/><E38/><V39/><F39/><W74/><REACH who="3" step="1"/><G4/><REACH who="3" ten="452,89,282,167" step="2"/><T87/><D76/><U118/><E40/><V46/><F126/><W102/><G102/><T104/><D103/><U112/><E37/><V86/><F119/><W31/><G31/><T6/><D6/><U123/><E118/><V7/><F117/><W85/><G85/><T83/><D110/><U28/><E84/><V10/><F86/><W125/><G125/><T135/><D109/><U32/><E123/><V23/><F116/><W9/><G9/><T115/><D115/><U72/><E112/><V124/><F124/><W88/><G88/><N who="0" m="51327" /><D135/><U101/><E30/><V25/><F10/><W44/><G44/><T106/><AGARI ba="0,1" hai="89,94,97,98,99,104,105,106" m="51327,51819" machi="106" ten="40,12000,1" yaku="20,1,34,2,54,1" doraHai="18,111" who="0" fromWho="0" sc="452,130,89,-40,282,-40,167,-40" /><INIT seed="4,1,0,4,1,111" ten="582,49,242,127" oya="0" hai0="68,44,73,6,18,56,59,116,43,81,104,30,120" hai1="80,83,20,10,71,97,133,26,103,16,60,125,3" hai2="52,109,23,45,9,4,95,122,110,7,58,89,130" hai3="14,37,101,17,100,112,76,24,105,107,46,42,70"/><T33/><D120/><U12/><E133/><V19/><F130/><W8/><G70/><T92/><D104/><U135/><E135/><V53/><F45/><W94/><G76/><T69/><D6/><U99/><E125/><V123/><F4/><W1/><G1/><T25/><D116/><U75/><E3/><V126/><F126/><W34/><G112/><T127/><D92/><U98/><E103/><V82/><F82/><W74/><G74/><T124/><D18/><U84/><E75/><V15/><F110/><W131/><G131/><T121/><D59/><U2/><E2/><V88/><F109/><W85/><G105/><T117/><D56/><U61/><E71/><N who="0" m="27209" /><D121/><U35/><E35/><V67/><F67/><W5/><G107/><T48/><D48/><U31/><REACH who="1" step="1"/><E83/><REACH who="1" ten="582,39,242,127" step="2"/><V129/><F123/><W128/><G128/><T51/><D117/><U90/><AGARI ba="1,1" hai="10,12,16,20,26,31,60,61,80,84,90,97,98,99" machi="90" ten="30,8000,1" yaku="1,1,2,1,0,1,8,1,54,1,53,0" doraHai="111" doraHaiUra="106" who="1" fromWho="1" sc="582,-41,39,93,242,-21,127,-21" /><INIT seed="5,0,0,5,3,61" ten="541,132,221,106" oya="1" hai0="11,25,104,111,56,135,35,26,30,78,133,94,70" hai1="28,77,17,39,128,32,57,125,110,88,87,3,72" hai2="22,53,29,15,40,116,90,59,50,121,84,117,2" hai3="13,132,23,16,74,126,0,124,48,12,62,100,36"/><U42/><E3/><V99/><F121/><W93/><G74/><T86/><D70/><U68/><E68/><V75/><F75/><W33/><G36/><T55/><D104/><U103/><E110/><V65/><F2/><W21/><G33/><T14/><D26/><U66/><E128/><V107/><F40/><W79/><G79/><T19/><D111/><U18/><E103/><V46/><F99/><W81/><G0/><T115/><D115/><U109/><E109/><V106/><F29/><W54/><G81/><T38/><D38/><U31/><E72/><V43/><F15/><W58/><G132/><T127/><D127/><U60/><E32/><V73/><F22/><W67/><G93/><T9/><D11/><U64/><E77/><V7/><F7/><W92/><G92/><T131/><D131/><U41/><E125/><N who="3" m="48234" /><G100/><T80/><REACH who="0" step="1"/><D94/><REACH who="0" ten="531,132,221,106" step="2"/><N who="1" m="54559" /><E39/><V49/><F107/><W6/><G6/><T102/><D102/><U37/><E37/><V129/><F106/><W91/><G91/><T120/><D120/><U63/><E42/><V47/><F129/><W95/><G95/><T85/><D85/><U112/><E41/><V101/><F101/><W44/><G12/><T52/><D52/><N who="1" m="33831" /><E112/><V34/><F73/><W123/><G123/><T5/><D5/><U45/><E45/><V69/><F46/><W1/><G1/><T134/><D134/><U118/><E118/><V119/><F119/><W98/><G98/><T89/><D89/><U130/><E130/><V96/><F117/><W105/><G105/><T113/><D113/><U97/><E97/><V27/><F116/><RYUUKYOKU ba="0,1" sc="531,15,132,-15,221,-15,106,15" hai0="9,14,19,25,30,35,55,56,78,80,86,133,135" hai3="13,16,21,23,44,48,54,58,62,67" /><INIT seed="6,1,1,1,4,118" ten="546,117,206,121" oya="2" hai0="33,127,61,98,86,119,102,51,35,41,113,104,60" hai1="54,36,63,38,48,4,10,0,47,50,131,93,95" hai2="45,92,123,3,121,17,90,114,37,65,72,107,20" hai3="103,80,106,133,31,73,56,62,76,120,42,110,83"/><V18/><F3/><W49/><G110/><T34/><D119/><U97/><E131/><V96/><F107/><W94/><G106/><T124/><D86/><U84/><E63/><V101/><F72/><W8/><G133/><T19/><D19/><U66/><E66/><V55/><F17/><W21/><G83/><T85/><D85/><U52/><E84/><V117/><F117/><W57/><G8/><T46/><REACH who="0" step="1"/><D113/><REACH who="0" ten="536,117,206,121" step="2"/><U44/><REACH who="1" step="1"/><E93/><REACH who="1" ten="536,107,206,121" step="2"/><V134/><F114/><W25/><G94/><T24/><D24/><U81/><E81/><V58/><F92/><W115/><G115/><T122/><D122/><U79/><E79/><V70/><F121/><W32/><G120/><T12/><D12/><U14/><E14/><V43/><F123/><W71/><G76/><T5/><D5/><U126/><E126/><AGARI ba="1,3" hai="33,34,35,41,46,51,60,61,98,102,104,124,126,127" machi="126" ten="50,6400,0" yaku="1,1,18,1,53,1" doraHai="118" doraHaiUra="40" who="0" fromWho="1" sc="536,97,107,-67,206,0,121,0" /><INIT seed="7,0,0,4,3,5" ten="633,40,206,121" oya="3" hai0="51,54,10,93,104,24,113,122,53,119,111,29,66" hai1="59,20,40,47,133,135,44,127,72,132,30,1,105" hai2="130,76,33,19,83,8,71,26,112,131,108,56,57" hai3="23,103,4,49,94,126,114,70,34,100,35,52,58"/><W92/><G70/><T9/><D122/><U73/><E105/><V62/><F112/><W37/><G37/><T129/><D66/><U63/><E1/><V128/><F108/><W25/><G114/><T85/><D54/><U81/><E127/><V90/><F90/><W110/><G110/><T21/><D119/><U13/><E81/><V99/><F99/><W124/><G34/><T121/><D121/><U2/><E2/><V77/><F71/><W55/><G35/><T67/><D67/><U101/><E101/><V28/><F62/><W78/><G78/><N who="2" m="30313" /><F83/><W116/><G116/><T27/><D129/><U11/><E20/><V0/><F0/><W50/><G4/><T82/><D104/><U61/><E30/><V120/><F120/><W125/><G103/><T84/><D27/><U46/><E40/><V79/><N who="2" m="30321" /><V38/><DORA hai="102" /><F38/><W87/><G100/><T31/><D31/><U86/><E86/><N who="0" m="33385" /><D82/><U7/><REACH who="1" step="1"/><E59/><REACH who="1" ten="633,30,206,121" step="2"/><V14/><AGARI ba="0,1" hai="8,14,19,26,28,33,56,57,128,130,131" m="30321" machi="14" ten="40,2700,0" yaku="19,1,52,1" doraHai="5,102" who="2" fromWho="2" sc="633,-7,30,-7,206,37,121,-13" owari="626,72.6,23,-47.7,243,4.3,108,-29.2" /></mjloggm>