<mjloggm ver="2.3"><GO type="41" lobby="0"/><UN n0="%E3%83%9E%E3%82%B5%E3%83%A2%32%34" n1="%E2%93%9D%4C%75%63%6B%79%4A" n2="%51%43%31%35%31%32%37" n3="%69%74%6E%6F%68%69%74%6F" dan="14,18,15,13" rate="1994.28,2155.46,1910.00,1848.00" sx="M,M,M,M"/><TAIKYOKU oya="0"/><INIT seed="0,0,0,2,5,44" ten="250,250,250,250" oya="0" hai0="53,35,29,42,22,14,76,100,25,24,82,69,117" hai1="109,97,134,2,45,65,17,38,119,50,127,55,107" hai2="132,115,28,19,133,52,90,88,126,102,47,98,64" hai3="72,48,61,59,111,94,11,43,56,96,78,105,57"/><T73/><D117/><U104/><E119/><V0/><F0/><W101/><G72/><T54/><D69/><U92/><E2/><V30/><F115/><W93/><G78/><T77/><D77/><U39/><E109/><V7/><F7/><W125/><G125/><T13/><D42/><U130/><E130/><V83/><F64/><W121/><G121/><T113/><D100/><U34/><E34/><V84/><F90/><W103/><G111/><T86/><D73/><U112/><E134/><N who="2" m="51819" /><F19/><W80/><G80/><T60/><D113/><U114/><E65/><V128/><F126/><W70/><G70/><T10/><D60/><U46/><E17/><V18/><F18/><W129/><G129/><T41/><D41/><U8/><E8/><V106/><F128/><W21/><G21/><T36/><D36/><U58/><E127/><V1/><F1/><W33/><G33/><T40/><D40/><U4/><E4/><V108/><F108/><W87/><G11/><T118/><D118/><U5/><E5/><V71/><F71/><W131/><G131/><T75/><D75/><U124/><E124/><V16/><F16/><W66/><G105/><N who="1" m="40522" /><E114/><V9/><F9/><W120/><G120/><T6/><REACH who="0" step="1"/><D14/><REACH who="0" ten="240,250,250,250" step="2"/><U79/><E112/><V32/><F102/><W23/><G103/><T122/><D122/><U3/><E3/><V116/><F116/><W15/><G15/><T68/><D68/><U26/><E39/><V123/><F123/><W20/><G61/><T81/><D81/><U74/><E38/><V51/><F83/><W89/><G66/><T85/><D85/><RYUUKYOKU ba="0,1" sc="240,15,250,-15,250,-15,250,15" hai0="6,10,13,22,24,25,29,35,53,54,76,82,86" hai3="20,23,43,48,56,57,59,87,89,93,94,96,101" /><INIT seed="0,1,1,0,3,37" ten="255,235,235,265" oya="0" hai0="9,35,123,119,41,110,115,103,73,75,6,102,120" hai1="84,122,127,128,125,126,78,24,63,17,135,74,28" hai2="89,95,62,83,104,60,87,77,18,121,98,105,96" hai3="99,13,81,58,46,29,64,114,42,27,16,76,34"/><T53/><D53/><U79/><BYE who="0" /><E122/><V133/><F121/><W97/><G114/><T116/><D116/><U68/><E74/><UN n0="%E3%83%9E%E3%82%B5%E3%83%A2%32%34" /><V48/><F133/><W109/><G58/><T92/><D119/><U61/><E135/><V44/><F104/><W50/><G64/><T55/><D35/><U11/><E128/><V40/><F18/><W106/><G106/><T70/><D70/><U30/><E84/><V39/><F39/><W65/><G65/><T43/><D92/><U12/><E30/><V117/><F117/><W26/><G26/><T36/><D36/><U4/><E17/><V3/><F3/><W130/><G130/><T72/><D55/><U31/><E31/><V111/><F111/><W93/><G93/><T19/><D19/><U56/><E68/><V52/><F105/><W45/><G45/><T108/><D75/><U38/><E38/><V113/><F113/><W5/><G5/><T2/><D6/><U101/><E101/><V86/><F62/><N who="1" m="23561" /><E56/><AGARI ba="1,1" hai="40,44,48,52,56,60,77,83,86,87,89,95,96,98" machi="56" ten="40,5200,0" yaku="8,1,52,1,54,1" doraHai="37" who="2" fromWho="1" sc="255,0,235,-55,235,65,265,0" /><INIT seed="1,0,0,4,0,130" ten="255,180,300,265" oya="1" hai0="24,121,54,22,76,4,14,52,37,125,89,7,75" hai1="126,80,5,111,31,96,108,114,13,87,124,10,131" hai2="72,30,92,6,123,106,62,1,56,66,40,12,84" hai3="99,9,93,36,70,107,94,43,45,51,100,98,35"/><U39/><E39/><V81/><F123/><W129/><G35/><T86/><D125/><N who="1" m="48235" /><E96/><V53/><F106/><W50/><G129/><T34/><D34/><U38/><E38/><V88/><F30/><W109/><G70/><T55/><D37/><U95/><E95/><V104/><F104/><W127/><G109/><N who="1" m="42058" /><E131/><V21/><F92/><W28/><G127/><T3/><D121/><U16/><E31/><V116/><F72/><W29/><G107/><T8/><D76/><N who="1" m="46471" /><E5/><V48/><F6/><W46/><G36/><T68/><D75/><U73/><E73/><V17/><F81/><W2/><G2/><T97/><D97/><U32/><E32/><V83/><F1/><W20/><G9/><T58/><D68/><U15/><E15/><V49/><F116/><W19/><G19/><N who="0" m="12383" /><D4/><U79/><E79/><V59/><F40/><W132/><G20/><T78/><D78/><U0/><E0/><V112/><F112/><AGARI ba="0,0" hai="10,13,16,112,114" m="46471,42058,48235" machi="112" ten="30,11600,0" yaku="18,1,14,1,10,1,54,1" doraHai="130" who="1" fromWho="2" sc="255,0,180,116,300,-116,265,0" /><INIT seed="1,1,0,2,3,33" ten="255,296,184,265" oya="1" hai0="69,18,67,21,105,93,94,66,73,36,89,13,42" hai1="115,120,35,47,135,127,62,112,116,111,25,107,75" hai2="81,12,53,129,60,109,72,104,24,32,98,110,20" hai3="23,126,122,48,40,92,2,124,71,80,134,29,3"/><U5/><RYUUKYOKU type="yao9" ba="1,0" sc="255,0,296,0,184,0,265,0" hai1="5,25,35,47,62,75,107,111,112,115,116,120,127,135" /><INIT seed="1,2,0,5,2,44" ten="255,296,184,265" oya="1" hai0="1,86,96,104,131,124,79,48,40,134,113,46,125" hai1="11,67,54,82,91,28,42,89,72,121,115,97,74" hai2="116,53,13,127,66,129,34,94,135,85,75,58,101" hai3="21,30,109,56,31,92,83,23,5,77,24,41,120"/><U114/><E67/><V123/><F116/><W102/><G109/><T6/><D113/><U18/><E28/><V105/><F123/><W78/><G120/><T2/><D131/><U50/><E121/><V118/><F118/><W128/><G128/><T93/><D134/><U98/><E42/><V25/><F129/><W99/><G5/><T110/><D110/><U59/><E115/><V64/><F75/><W68/><G41/><T12/><D104/><U47/><E114/><V33/><F33/><W39/><G68/><T17/><D86/><N who="1" m="50647" /><E59/><V7/><F34/><W51/><G39/><T60/><D60/><U14/><E98/><V29/><F29/><W26/><G83/><T4/><D79/><U81/><E97/><V45/><F135/><W133/><G133/><T117/><D117/><U126/><E126/><N who="0" m="48745" /><D2/><U62/><E62/><V49/><F66/><W22/><G22/><N who="0" m="11559" /><D1/><U132/><E132/><V57/><F64/><W20/><G20/><T35/><D35/><U69/><E69/><V65/><F65/><W15/><REACH who="3" step="1"/><G15/><REACH who="3" ten="255,296,184,255" step="2"/><T122/><D122/><U76/><E76/><V61/><F13/><W70/><G70/><T111/><D111/><U130/><E130/><V80/><F127/><W27/><G27/><T38/><D38/><U112/><E112/><V37/><F25/><W119/><G119/><T9/><D9/><U103/><E11/><V95/><F37/><W73/><G73/><T107/><D107/><U36/><E36/><V3/><F105/><W88/><G88/><AGARI ba="2,1" hai="4,6,40,46,48,88,93,96" m="11559,48745" machi="88" ten="30,3900,0" yaku="18,1,52,1,54,1" doraHai="44" who="0" fromWho="3" sc="255,55,296,0,184,0,255,-45" /><INIT seed="2,0,0,1,5,13" ten="310,296,184,210" oya="2" hai0="120,48,65,115,84,112,54,14,105,126,29,4,131" hai1="118,87,93,107,56,47,64,102,2,94,121,16,22" hai2="21,25,8,24,58,49,50,51,127,106,11,74,46" hai3="92,52,3,128,39,20,63,40,133,31,130,77,73"/><V19/><F106/><W76/><G3/><T23/><D120/><U70/><E70/><V30/><F74/><W66/><G73/><T69/><D105/><U110/><E118/><V12/><F127/><W68/><G133/><T38/><D38/><U129/><E2/><V79/><F79/><W134/><G134/><T99/><D69/><U33/><E33/><V26/><F58/><W113/><G113/><T55/><D65/><U132/><E110/><V41/><REACH who="2" step="1"/><F11/><REACH who="2" ten="310,296,174,210" step="2"/><W27/><G77/><T1/><D126/><U0/><E56/><V91/><F91/><W101/><G76/><T59/><D59/><U109/><E107/><V45/><F45/><W44/><G68/><T98/><D115/><U100/><E47/><V103/><F103/><W116/><G101/><T62/><D112/><U80/><E102/><V42/><F42/><W123/><G40/><T95/><D95/><U7/><E94/><V122/><F122/><W60/><G92/><T85/><D131/><U114/><E93/><V117/><F117/><W61/><G123/><T90/><D90/><U82/><E121/><V10/><F10/><W32/><G116/><T57/><D57/><U119/><E119/><V34/><F34/><W124/><G32/><T104/><D104/><U71/><E114/><V37/><AGARI ba="0,1" hai="8,12,19,21,24,25,26,30,37,41,46,49,50,51" machi="37" ten="30,6000,0" yaku="1,1,0,1,52,1,53,0" doraHai="13" doraHaiUra="135" who="2" fromWho="2" sc="310,-20,296,-20,174,70,210,-20" /><INIT seed="2,1,0,5,4,135" ten="290,276,244,190" oya="2" hai0="131,18,62,33,10,112,35,19,77,32,118,8,61" hai1="30,60,55,115,103,45,38,76,78,34,23,86,95" hai2="58,123,97,107,84,66,128,104,39,89,42,14,101" hai3="94,71,50,120,21,82,52,81,49,93,99,125,132"/><V28/><F123/><W129/><G71/><T85/><D112/><U113/><E34/><V88/><F128/><W6/><G129/><T1/><D131/><U126/><E38/><V47/><F28/><W70/><G132/><T127/><D1/><U29/><E45/><V90/><F107/><W111/><G70/><T69/><D69/><U109/><E55/><V122/><F122/><W3/><G120/><T121/><D121/><U65/><E109/><V73/><F73/><W72/><G111/><T56/><D56/><U15/><E15/><V83/><F14/><W63/><G72/><T124/><D118/><U17/><E17/><N who="0" m="6153" /><D85/><U92/><E86/><V87/><F66/><W9/><G94/><T54/><D54/><U106/><E106/><V46/><F58/><W110/><G110/><T5/><D5/><U116/><E116/><V25/><F84/><W20/><G50/><T2/><D77/><U44/><E65/><V108/><F108/><W41/><G63/><N who="0" m="24075" /><D2/><U40/><E60/><V64/><F64/><W16/><G41/><T0/><D0/><U11/><E40/><V130/><F130/><W119/><G119/><T79/><D79/><U114/><E115/><V98/><F42/><W91/><G20/><T53/><D53/><U31/><E23/><V43/><F39/><W57/><REACH who="3" step="1"/><G125/><AGARI ba="1,0" hai="8,10,32,33,35,124,125,127" m="24075,6153" machi="125" ten="40,12000,2" yaku="28,2,18,1,52,3" doraHai="135" who="0" fromWho="3" sc="290,123,276,0,244,0,190,-123" /><INIT seed="3,0,0,5,3,59" ten="413,276,244,67" oya="3" hai0="57,67,48,37,45,43,71,102,40,105,41,55,135" hai1="21,38,58,72,83,81,66,84,89,96,69,50,114" hai2="91,39,56,13,22,126,62,82,107,53,88,119,14" hai3="68,134,76,28,87,77,97,49,11,129,103,113,9"/><W31/><G68/><T127/><D105/><U63/><E114/><V109/><F109/><W100/><G113/><T86/><D102/><N who="3" m="38953" /><G129/><T20/><D86/><U34/><E34/><V111/><F107/><W44/><G134/><T133/><D20/><U120/><E120/><V5/><F111/><W130/><G97/><T7/><D7/><U99/><E38/><V8/><F39/><W17/><G130/><T122/><D122/><U1/><E1/><V101/><F101/><W132/><G132/><N who="0" m="50763" /><D127/><U118/><E118/><V121/><F126/><W25/><G87/><T104/><D104/><U110/><E110/><V108/><F121/><W70/><G70/><T80/><D80/><U131/><E131/><V73/><F119/><W18/><G25/><T19/><D19/><N who="3" m="7177" /><G49/><T4/><D4/><U79/><E69/><V32/><F108/><W27/><G27/><T6/><D6/><U3/><E3/><V0/><F32/><W128/><G44/><T124/><D124/><U115/><E115/><V2/><F91/><W35/><G35/><T123/><D123/><U12/><E50/><V95/><F82/><W15/><G128/><T51/><D51/><U10/><E21/><V98/><F73/><W112/><G112/><T26/><D26/><U64/><E99/><V42/><F22/><W47/><G47/><T74/><D74/><U92/><E83/><V125/><F125/><W90/><G90/><T75/><D75/><U30/><E72/><V94/><F88/><W116/><G116/><T24/><D24/><U46/><E89/><V65/><F98/><W85/><G85/><RYUUKYOKU ba="0,0" sc="413,30,276,-10,244,-10,67,-10" hai0="37,40,41,43,45,48,55,57,67,71" /><INIT seed="4,1,0,1,4,7" ten="443,266,234,57" oya="0" hai0="36,50,43,15,110,82,37,6,69,70,34,105,9" hai1="40,38,64,55,0,20,4,98,67,49,56,102,21" hai2="131,117,91,84,77,112,19,109,127,24,90,85,93" hai3="100,79,86,46,65,39,115,129,12,73,81,76,14"/><T26/><D105/><U1/><E38/><V132/><F109/><W66/><G129/><T119/><D119/><U23/><E40/><V13/><F131/><W57/><G115/><T126/><D110/><U121/><E121/><V52/><F127/><W120/><G100/><T114/><D114/><U51/><E51/><V22/><F132/><W111/><G120/><T83/><D50/><U75/><E75/><V47/><F117/><W123/><G111/><T25/><D126/><U35/><E35/><V28/><F77/><W17/><G123/><T27/><D34/><U94/><REACH who="1" step="1"/><E4/><REACH who="1" ten="443,256,234,57" step="2"/><V97/><F112/><W11/><G73/><T128/><D37/><U18/><E18/><V99/><F47/><W101/><G39/><T78/><D43/><U125/><E125/><V104/><F52/><W53/><G46/><T10/><D36/><U44/><E44/><V63/><F63/><W74/><G74/><T80/><D128/><U30/><E30/><V92/><REACH who="2" step="1"/><F104/><REACH who="2" ten="443,256,224,57" step="2"/><W89/><G76/><T133/><D78/><U135/><E135/><V113/><F113/><W61/><G79/><T116/><D133/><U2/><AGARI ba="1,2" hai="0,1,2,20,21,23,49,55,56,64,67,94,98,102" machi="2" ten="40,2700,0" yaku="1,1,0,1,53,0" doraHai="7" doraHaiUra="8" who="1" fromWho="1" sc="443,-14,256,50,224,-8,57,-8" /><INIT seed="5,0,0,4,1,133" ten="429,306,216,49" oya="1" hai0="15,6,97,40,118,61,19,54,62,100,126,44,123" hai1="116,81,20,110,10,128,86,117,7,28,16,119,5" hai2="3,0,27,49,57,24,11,111,42,31,53,43,91" hai3="21,22,70,101,79,77,76,105,35,134,14,90,127"/><U114/><E128/><V84/><F111/><W47/><G70/><T107/><D123/><U129/><E129/><V18/><F3/><W48/><G35/><T34/><D118/><U26/><E110/><V109/><F109/><W131/><G134/><T102/><D34/><U99/><E99/><V115/><F115/><W63/><G131/><T85/><D6/><U2/><E7/><V46/><F42/><W50/><G105/><T36/><D102/><U72/><E72/><V95/><F31/><W108/><G101/><T32/><D32/><U68/><E68/><V12/><REACH who="2" step="1"/><F0/><REACH who="2" ten="429,306,206,49" step="2"/><W82/><G108/><T71/><D40/><U120/><E120/><V8/><F8/><W73/><G73/><T122/><D122/><U59/><E114/><V51/><AGARI ba="0,1" hai="11,12,18,24,27,43,46,49,51,53,57,84,91,95" machi="51" ten="20,8000,1" yaku="1,1,0,1,7,1,8,1,53,1" doraHai="133" doraHaiUra="87" who="2" fromWho="2" sc="429,-20,306,-40,206,90,49,-20" /><INIT seed="6,0,0,5,4,35" ten="409,266,296,29" oya="2" hai0="78,3,96,79,27,10,90,64,47,22,20,58,18" hai1="93,0,31,57,7,14,4,123,13,101,82,21,76" hai2="74,17,72,86,38,132,61,120,81,54,48,28,122" hai3="49,1,51,109,69,5,112,23,43,113,25,91,24"/><V133/><F38/><W102/><G69/><T63/><D3/><U117/><E117/><V97/><F28/><W108/><G102/><T73/><D73/><U114/><E114/><N who="3" m="44138" /><G91/><T115/><D10/><U95/><E123/><V119/><F119/><W130/><G43/><T124/><D124/><U121/><E121/><V6/><F61/><W125/><G49/><T46/><D115/><U8/><E7/><V105/><F97/><W99/><G99/><T106/><D106/><U88/><E101/><V68/><F105/><W70/><G51/><T30/><D96/><U39/><E39/><V111/><F68/><W94/><G70/><T29/><D90/><U129/><E129/><V127/><F86/><W42/><G94/><T16/><D29/><U116/><E116/><V44/><F81/><W52/><G52/><T84/><D30/><U36/><E36/><V131/><F127/><W37/><G37/><T26/><D84/><U32/><E95/><V40/><F131/><W65/><G65/><T75/><D75/><U77/><E93/><V9/><F74/><W66/><G42/><T128/><D128/><U126/><E126/><V89/><F72/><W110/><G66/><T83/><D83/><U53/><E88/><V33/><F89/><W67/><G67/><T92/><D92/><U50/><E32/><V45/><F40/><W104/><G130/><T100/><D100/><U15/><E82/><V2/><F54/><W55/><G55/><T19/><D19/><U98/><E98/><V41/><F120/><W80/><G125/><T107/><D107/><U135/><E135/><RYUUKYOKU ba="0,0" sc="409,15,266,15,296,-15,29,-15" hai0="16,18,20,22,26,27,46,47,58,63,64,78,79" hai1="0,4,8,13,14,15,21,31,50,53,57,76,77" /><INIT seed="7,1,0,5,1,5" ten="424,281,281,14" oya="3" hai0="10,85,116,125,123,79,106,38,109,46,108,80,95" hai1="2,62,100,133,121,69,40,33,104,29,17,113,114" hai2="122,64,55,0,34,132,119,126,83,54,19,127,41" hai3="48,76,23,45,70,9,27,77,124,82,39,84,4"/><W102/><G70/><T105/><D46/><U131/><E121/><V53/><F122/><W93/><G124/><T18/><D38/><U87/><E17/><V56/><F34/><W51/><G77/><T26/><D26/><N who="1" m="18615" /><E40/><V44/><F0/><W65/><G39/><T63/><D18/><U42/><E42/><V128/><F119/><W47/><G65/><T81/><D63/><U32/><E131/><V111/><F111/><W72/><G72/><T71/><D105/><U110/><E87/><V118/><F83/><W20/><G102/><T8/><D8/><U94/><E94/><V96/><F19/><W67/><G93/><T11/><D71/><U97/><E133/><V6/><F96/><W60/><G60/><T31/><D31/><U107/><E32/><V112/><F6/><W86/><G67/><T99/><D116/><U89/><E89/><V35/><F35/><W59/><G59/><T49/><D125/><N who="2" m="47626" /><F128/><W78/><G27/><T101/><D49/><U57/><E57/><V90/><F90/><W12/><G86/><T92/><D123/><U3/><E107/><V91/><F91/><W88/><G76/><T13/><D79/><U24/><E24/><V134/><F118/><W120/><G120/><T36/><D85/><U22/><E110/><V30/><F30/><W16/><G4/><T25/><D25/><U115/><E22/><N who="3" m="8234" /><G78/><T103/><D36/><U74/><E74/><V21/><F132/><W15/><G15/><T75/><D109/><U37/><E37/><V98/><F134/><W68/><G68/><T14/><D108/><U1/><E69/><RYUUKYOKU ba="1,0" sc="424,-15,281,15,281,-15,14,15" hai1="1,2,3,62,97,100,104,113,114,115" hai3="9,12,16,45,47,48,51,82,84,88" /><INIT seed="7,2,0,5,3,130" ten="409,296,266,29" oya="3" hai0="6,81,50,35,84,18,22,63,78,61,124,119,76" hai1="2,16,80,85,30,113,48,123,66,125,58,55,103" hai2="42,11,23,54,112,133,4,69,131,46,53,135,116" hai3="10,77,25,26,120,89,134,115,90,68,37,20,96"/><W52/><G68/><T13/><D35/><U5/><E123/><V97/><F112/><W33/><G37/><T95/><D119/><U14/><E125/><V49/><F131/><W47/><G115/><T9/><D78/><U17/><E2/><V92/><F69/><W65/><G120/><T12/><D124/><U70/><E113/><V128/><F23/><W34/><G134/><N who="2" m="51209" /><F116/><W132/><G77/><T108/><D108/><U102/><E30/><V101/><F128/><W74/><G132/><T27/><D50/><U40/><E40/><V8/><F8/><W105/><G74/><T86/><D27/><U41/><E41/><V93/><F93/><W109/><G65/><T121/><D121/><U117/><E66/><V94/><F94/><W114/><G109/><T38/><D38/><U122/><E70/><V64/><F64/><W129/><G114/><T88/><AGARI ba="2,0" hai="6,9,12,13,18,22,61,63,76,81,84,86,88,95" machi="88" ten="30,4000,0" yaku="0,1,8,1,54,1" doraHai="130" who="0" fromWho="0" sc="409,46,296,-12,266,-12,29,-22" owari="455,55.5,284,8.4,254,-14.6,7,-49.3" /></mjloggm>