<mjloggm ver="2.3"><GO type="9" lobby="0"/><UN n0="%4E%49%4B%55%4D%41%4E" n1="%73%77%6F%72%64" n2="%E2%93%9D%4C%75%63%6B%79%4A" n3="%6B%6F%73%73%79%30%37" dan="8,8,9,11" rate="1695.52,1414.53,1755.89,1626.34" sx="M,M,M,M"/><TAIKYOKU oya="0"/><INIT seed="0,0,0,4,3,100" ten="250,250,250,250" oya="0" hai0="83,121,88,61,80,104,8,93,21,24,124,90,64" hai1="106,125,23,118,33,86,36,62,29,114,126,19,85" hai2="54,77,40,130,102,95,132,111,56,67,79,81,43" hai3="60,37,26,25,53,66,51,107,42,113,50,65,73"/><T74/><D121/><U11/><E118/><V10/><F67/><W17/><G73/><T5/><D124/><N who="1" m="47723" /><E36/><V99/><F111/><W110/><G113/><T38/><D38/><U58/><E11/><V46/><F132/><W123/><G123/><T14/><D74/><U129/><E129/><V98/><F130/><W82/><G82/><T119/><D119/><U127/><E29/><V63/><F10/><W55/><G110/><T131/><D131/><U122/><E33/><V68/><F68/><W84/><G84/><N who="1" m="32362" /><E122/><V1/><F1/><W4/><G4/><T78/><D78/><U115/><E106/><V9/><F9/><W91/><G91/><T101/><D104/><U103/><E103/><V7/><F7/><W6/><G6/><T48/><D101/><U12/><E127/><V16/><F99/><W44/><G107/><T31/><D48/><N who="3" m="18473" /><G17/><T120/><D120/><U0/><E0/><V116/><F116/><W34/><G34/><T47/><D47/><U109/><E109/><V105/><F46/><W117/><G117/><T2/><D2/><U89/><E89/><V135/><F105/><W57/><G26/><T70/><D90/><U108/><E108/><V30/><F79/><W52/><G25/><T22/><REACH who="0" step="1"/><D22/><REACH who="0" ten="240,250,250,250" step="2"/><U97/><E97/><AGARI ba="0,1" hai="5,8,14,21,24,31,61,64,70,80,83,88,93,97" machi="97" ten="30,11600,0" yaku="1,1,2,1,7,1,54,1,53,0" doraHai="100" doraHaiUra="69" who="0" fromWho="1" sc="240,126,250,-116,250,0,250,0" /><INIT seed="0,1,0,3,2,92" ten="366,134,250,250" oya="0" hai0="18,124,62,116,39,0,64,88,49,41,78,55,48" hai1="28,128,81,68,4,47,83,59,98,30,74,5,117" hai2="119,113,96,43,45,110,66,26,118,129,104,123,17" hai3="25,134,114,80,135,57,71,106,108,19,15,70,35"/><T56/><D0/><U103/><E128/><V40/><F113/><W120/><G120/><T84/><D116/><N who="2" m="44586" /><F123/><W36/><G36/><T52/><D78/><U127/><E127/><V24/><F66/><W10/><G114/><T79/><D79/><U27/><E68/><V72/><F110/><W102/><G108/><T34/><D34/><U22/><E117/><V94/><F104/><W85/><G57/><T65/><D124/><U2/><E74/><V6/><F6/><W38/><G38/><T122/><D122/><U1/><E1/><V44/><F17/><W61/><G61/><T33/><D33/><U11/><E5/><V126/><F72/><W115/><G115/><T42/><D18/><U101/><E30/><V32/><F129/><W132/><G35/><T121/><D39/><U99/><E47/><N who="2" m="17995" /><F126/><W14/><G25/><N who="2" m="9833" /><F32/><W93/><G106/><T73/><D73/><U63/><E103/><AGARI ba="1,0" hai="40,43,94,96,103" m="9833,17995,44586" machi="103" ten="30,2000,0" yaku="12,1,52,1" doraHai="92" who="2" fromWho="1" sc="366,0,134,-23,250,23,250,0" /><INIT seed="1,0,0,1,1,22" ten="366,111,273,250" oya="1" hai0="16,123,9,76,24,81,13,60,17,113,33,27,80" hai1="126,112,71,74,72,43,95,8,51,52,64,67,18" hai2="101,90,108,23,134,93,4,87,110,54,99,129,41" hai3="114,98,83,35,44,65,96,21,14,120,122,42,49"/><U32/><E126/><V105/><F41/><W109/><G114/><T45/><D113/><U125/><E125/><V31/><F4/><W79/><G35/><T78/><D123/><U124/><E124/><V36/><F36/><W57/><G109/><N who="2" m="42089" /><F54/><W103/><G122/><T59/><D45/><U56/><E112/><V40/><F40/><W107/><G120/><T39/><D39/><U133/><E133/><V86/><F31/><W38/><G98/><T97/><D33/><U58/><E43/><V119/><F23/><W117/><G117/><T61/><D97/><U68/><E32/><V116/><F129/><W5/><G38/><T92/><D92/><U50/><E95/><N who="2" m="54751" /><F134/><W48/><G48/><T115/><D115/><U15/><E50/><V75/><F75/><W118/><G118/><N who="2" m="45097" /><F86/><W111/><G111/><T37/><D37/><U47/><E47/><V84/><F84/><W121/><G121/><T53/><D61/><U130/><E130/><V28/><F28/><W11/><G21/><T91/><D17/><U82/><E72/><V0/><F0/><W88/><G65/><T132/><D132/><U104/><E104/><AGARI ba="0,0" hai="93,99,101,104,105" m="45097,54751,42089" machi="104" ten="30,3900,0" yaku="14,1,34,2" doraHai="22" who="2" fromWho="1" sc="366,0,111,-39,273,39,250,0" /><INIT seed="2,0,0,1,4,25" ten="366,72,312,250" oya="2" hai0="83,117,109,94,7,12,34,11,135,104,66,64,80" hai1="39,126,58,132,60,0,122,16,105,53,127,46,115" hai2="107,85,54,101,6,62,69,72,1,111,2,18,15" hai3="45,19,74,65,43,77,20,89,13,90,41,52,29"/><V26/><BYE who="1" /><F72/><W22/><G65/><UN n1="%73%77%6F%72%64" /><T102/><D104/><U99/><E132/><V59/><F6/><W82/><G41/><T47/><D109/><U84/><E115/><V124/><F69/><W36/><G29/><T32/><D117/><U28/><E0/><V133/><F124/><N who="1" m="47657" /><E84/><V23/><F133/><W91/><REACH who="3" step="1"/><G20/><REACH who="3" ten="366,72,312,240" step="2"/><T10/><D64/><U112/><E112/><V131/><F23/><W44/><G44/><T130/><D66/><U71/><E71/><V38/><F59/><W121/><G121/><T40/><D47/><U116/><E116/><V8/><F111/><W93/><G93/><T9/><D94/><U119/><E119/><V37/><F107/><W42/><G42/><T114/><D40/><N who="1" m="22815" /><E122/><V86/><F38/><W100/><G100/><T33/><D102/><N who="1" m="62687" /><E16/><V134/><F18/><W88/><N who="3" m="22528" /><DORA hai="4" /><W30/><G30/><AGARI ba="0,1" hai="28,30,53,58,60" m="62687,22815,47657" machi="30" ten="30,3900,0" yaku="18,1,52,2" doraHai="25,4" who="1" fromWho="3" sc="366,0,72,49,312,0,240,-39" /><INIT seed="3,0,0,2,1,82" ten="366,121,312,201" oya="3" hai0="22,56,123,116,127,57,53,87,115,135,134,14,31" hai1="126,72,98,60,38,34,43,85,113,93,106,66,79" hai2="40,32,91,36,47,104,29,59,107,117,67,92,89" hai3="37,71,86,64,95,74,68,132,90,45,103,26,46"/><W12/><G74/><T62/><D123/><U84/><E126/><V105/><F117/><W129/><G132/><T114/><D116/><U35/><E113/><N who="0" m="43017" /><D127/><U1/><E1/><V41/><F41/><W33/><G103/><T0/><D0/><U88/><E106/><V4/><F4/><W70/><G37/><T99/><D99/><U6/><E6/><V10/><F10/><W94/><G64/><N who="0" m="38983" /><D87/><U108/><E108/><V9/><F9/><W61/><G61/><N who="0" m="36015" /><D14/><U120/><E120/><V20/><F107/><W69/><N who="3" m="17408" /><DORA hai="17" /><W65/><G65/><T16/><D16/><U109/><E109/><V128/><F105/><W5/><G129/><T11/><D11/><U83/><E60/><V19/><F104/><W130/><G130/><T55/><D55/><U58/><E58/><V122/><F59/><W7/><G94/><T125/><D125/><U39/><E66/><V100/><F67/><W110/><G110/><T77/><D77/><U52/><E52/><V131/><F131/><W75/><G75/><T111/><D111/><U133/><E133/><V2/><F128/><W18/><G33/><T97/><D97/><U80/><E80/><V21/><F122/><W42/><G26/><AGARI ba="0,0" hai="22,26,31,134,135" m="36015,38983,43017" machi="26" ten="30,2000,0" yaku="11,1,52,1" doraHai="82,17" who="0" fromWho="3" sc="366,20,121,0,312,0,201,-20" /><INIT seed="4,0,0,2,0,7" ten="386,121,312,181" oya="0" hai0="64,56,92,108,21,90,114,122,22,135,38,133,88" hai1="5,81,30,93,9,125,2,128,72,43,124,54,75" hai2="35,12,69,102,59,66,95,106,112,39,105,110,103" hai3="91,3,58,94,63,98,116,73,6,111,117,109,0"/><T40/><D114/><U55/><E128/><V14/><F39/><W97/><G73/><T47/><D122/><U113/><E113/><V115/><F59/><W126/><G126/><N who="1" m="48746" /><E30/><V83/><F66/><W36/><G36/><T46/><D108/><U31/><E31/><V50/><F50/><W41/><G41/><T32/><D32/><U86/><E93/><V10/><F95/><W67/><G6/><T1/><D1/><U15/><E2/><V89/><F89/><W27/><G27/><T29/><D47/><U101/><E101/><V44/><F44/><W45/><G45/><T18/><D29/><U85/><E43/><V76/><F110/><W130/><G130/><T19/><D90/><N who="1" m="51503" /><E86/><V70/><F83/><W74/><G74/><AGARI ba="0,0" hai="5,9,15,54,55,72,74,75" m="51503,48746" machi="74" ten="30,2000,0" yaku="18,1,52,1" doraHai="7" who="1" fromWho="3" sc="386,0,121,20,312,0,181,-20" /><INIT seed="5,0,0,0,3,52" ten="386,141,312,161" oya="1" hai0="12,80,54,97,101,48,77,14,122,103,125,8,30" hai1="60,86,74,68,85,37,6,108,18,133,109,90,110" hai2="50,5,55,20,70,129,98,127,42,132,32,7,111" hai3="40,115,123,26,100,128,76,89,39,57,17,24,3"/><U11/><E133/><V119/><F32/><W51/><G123/><T29/><D125/><U1/><E74/><V46/><F119/><W130/><G3/><T53/><D122/><U112/><E112/><V78/><F70/><W0/><G0/><T75/><D54/><U64/><E37/><V35/><F35/><W28/><G100/><T67/><D67/><U96/><E18/><V126/><F78/><W13/><G115/><T43/><D43/><U2/><E2/><V107/><F20/><W49/><G76/><T41/><D41/><U47/><E47/><V71/><F129/><N who="3" m="49771" /><G39/><T106/><D103/><U134/><E134/><V82/><F71/><W72/><G72/><T69/><D69/><U33/><E33/><V99/><F107/><W4/><G4/><N who="2" m="1609" /><F82/><W36/><G36/><T83/><D83/><U16/><REACH who="1" step="1"/><E16/><REACH who="1" ten="386,131,312,161" step="2"/><V15/><F132/><W116/><G116/><T131/><D131/><U95/><AGARI ba="0,1" hai="1,6,11,60,64,68,85,86,90,95,96,108,109,110" machi="95" ten="40,12000,1" yaku="1,1,2,1,0,1,10,1,53,0" doraHai="52" doraHaiUra="117" who="1" fromWho="1" sc="386,-40,131,130,312,-40,161,-40" /><INIT seed="5,1,0,0,1,94" ten="346,261,272,121" oya="1" hai0="116,129,85,20,42,92,3,93,18,52,4,130,115" hai1="90,77,45,96,1,21,120,105,27,64,80,113,47" hai2="84,46,14,112,51,33,6,131,126,2,31,16,8" hai3="99,37,97,81,76,123,101,60,106,125,133,69,68"/><U7/><E113/><V91/><F112/><W29/><G123/><T28/><D116/><U40/><E120/><V66/><F131/><N who="0" m="50186" /><D28/><U49/><E64/><V17/><F126/><W110/><G110/><T38/><D85/><U95/><E105/><V25/><F66/><W59/><G125/><T100/><D3/><U98/><E47/><V55/><REACH who="2" step="1"/><F2/><REACH who="2" ten="346,261,262,121" step="2"/><W132/><G37/><T72/><D38/><U23/><E1/><V82/><AGARI ba="1,1" hai="6,8,14,16,17,25,31,33,46,51,55,82,84,91" machi="82" ten="20,12000,2" yaku="1,1,2,1,0,1,7,1,54,1,53,1" doraHai="94" doraHaiUra="5" who="2" fromWho="2" sc="346,-31,261,-61,262,133,121,-31" /><INIT seed="6,0,0,4,1,29" ten="315,200,395,90" oya="2" hai0="45,77,87,36,74,67,90,92,13,98,42,133,4" hai1="96,125,15,18,69,78,32,19,91,115,34,56,5" hai2="101,88,89,75,26,1,121,130,61,30,117,119,120" hai3="16,58,112,129,116,63,71,93,135,27,55,62,122"/><V126/><F1/><W44/><G122/><N who="2" m="47209" /><F61/><W66/><G116/><N who="2" m="44617" /><F26/><W109/><G109/><T105/><D133/><U100/><E91/><N who="2" m="34891" /><F30/><W2/><G2/><T65/><D4/><U110/><E78/><V54/><F54/><W68/><G135/><T37/><D13/><U48/><E96/><V73/><F130/><W49/><G93/><T52/><D36/><U40/><E100/><V102/><F126/><W3/><G3/><T106/><D106/><U43/><E48/><V6/><F6/><W41/><G27/><T111/><D111/><U131/><E56/><V25/><F25/><W7/><G7/><T132/><D132/><U80/><E80/><V59/><F59/><N who="3" m="37215" /><G16/><N who="1" m="6186" /><E69/><N who="3" m="26698" /><G112/><T76/><D52/><U94/><E94/><V10/><F10/><W107/><G107/><T47/><D47/><U70/><E70/><V103/><AGARI ba="0,0" hai="73,75,101,102,103" m="34891,44617,47209" machi="103" ten="40,12000,1" yaku="28,2,34,2,54,1" doraHai="29" who="2" fromWho="2" sc="315,-40,200,-40,395,120,90,-40" /><INIT seed="6,1,0,5,4,1" ten="275,160,515,50" oya="2" hai0="75,5,4,78,117,58,114,102,128,121,35,100,84" hai1="23,107,79,0,59,103,20,116,36,24,34,96,73" hai2="93,47,82,126,110,131,48,13,28,26,16,27,18" hai3="67,65,115,124,105,83,52,125,54,109,40,41,104"/><V74/><F110/><W69/><G109/><T70/><D121/><U50/><E116/><V33/><F131/><W22/><G22/><T122/><D70/><U8/><E36/><V7/><F126/><N who="3" m="48747" /><G83/><T94/><D122/><U2/><E79/><V44/><F47/><W43/><G105/><T106/><D35/><U11/><E73/><V92/><F27/><W19/><G19/><T42/><D114/><U134/><E134/><V37/><F37/><W87/><G87/><T88/><D117/><U62/><E50/><V64/><F64/><N who="3" m="24651" /><G104/><T133/><D133/><U85/><E85/><V86/><F74/><W81/><G81/><T112/><D112/><U80/><E80/><V123/><F123/><W32/><G32/><T60/><D42/><U17/><E34/><V46/><F46/><W57/><G115/><T61/><D78/><U29/><E2/><V77/><F18/><W63/><G69/><T97/><D75/><U30/><E0/><V15/><F15/><W132/><G132/><T113/><D128/><U14/><REACH who="1" step="1"/><E30/><REACH who="1" ten="275,150,515,50" step="2"/><V9/><F16/><W127/><N who="3" m="48755" /><W51/><DORA hai="71" /><G41/><AGARI ba="1,1" hai="7,9,13,26,28,33,41,44,48,77,82,86,92,93" machi="41" ten="30,11600,0" yaku="7,1,25,2,52,1" doraHai="1,71" who="2" fromWho="3" sc="275,0,150,0,515,129,50,-119" owari="275,7.5,150,-25.0,644,74.4,-69,-56.9" /></mjloggm>