<mjloggm ver="2.3"><GO type="41" lobby="0"/><UN n0="%6E%69%63%6B%6C%6F%77" n1="%E2%93%9D%4C%75%63%6B%79%4A" n2="%73%68%69%76%69%61%6E" n3="%E3%82%86%E3%81%86%E3%81%A6%E3%81%84" dan="16,17,13,14" rate="2049.97,2127.98,2049.77,1947.48" sx="F,M,M,M"/><TAIKYOKU oya="0"/><INIT seed="0,0,0,5,0,66" ten="250,250,250,250" oya="0" hai0="106,60,79,94,65,120,95,115,13,47,40,75,98" hai1="96,68,4,41,54,36,124,84,123,127,117,51,133" hai2="108,10,121,27,82,116,63,90,18,59,2,85,134" hai3="19,48,128,99,57,100,102,131,14,6,20,31,29"/><T130/><D115/><U38/><E4/><V93/><F121/><W34/><G6/><T78/><D120/><U110/><E84/><V28/><F108/><W52/><G100/><T72/><D130/><N who="3" m="49705" /><G34/><T17/><D106/><AGARI ba="0,0" hai="14,19,20,29,31,48,52,57,99,102,106" m="49705" machi="106" ten="30,2000,0" yaku="19,1,54,1" doraHai="66" who="3" fromWho="0" sc="250,-20,250,0,250,0,250,20" /><INIT seed="1,0,0,2,2,17" ten="230,250,250,270" oya="1" hai0="85,6,9,122,64,128,58,131,100,89,92,8,97" hai1="31,42,124,37,19,54,3,95,80,74,49,123,108" hai2="70,79,60,65,24,83,30,27,119,96,116,121,55" hai3="125,129,12,82,126,87,91,101,99,134,61,72,63"/><U68/><E123/><V38/><F121/><W51/><G72/><T15/><D122/><U25/><E68/><V88/><F38/><W16/><G134/><T41/><D41/><U109/><E3/><V130/><F130/><W90/><G129/><T75/><D75/><U0/><E0/><V11/><F27/><W4/><G4/><T103/><D9/><U46/><E95/><V45/><F11/><W44/><G91/><T112/><D112/><U110/><E124/><V86/><F45/><W1/><G1/><T39/><D39/><U102/><E102/><V133/><F55/><W2/><G2/><T43/><D43/><U77/><E19/><V62/><F62/><W13/><G13/><T81/><D131/><U22/><E54/><V7/><F7/><W14/><G14/><T106/><D128/><U118/><E118/><V132/><F133/><W34/><G34/><T21/><D106/><U135/><E135/><V32/><REACH who="2" step="1"/><F132/><REACH who="2" ten="230,250,240,270" step="2"/><W53/><G126/><T50/><D50/><AGARI ba="0,1" hai="22,25,31,37,42,46,49,50,74,77,80,108,109,110" machi="50" ten="40,7700,0" yaku="14,1,10,1,52,1" doraHai="17" who="1" fromWho="0" sc="230,-77,250,87,240,0,270,0" /><INIT seed="1,1,0,1,4,41" ten="153,337,240,270" oya="1" hai0="9,130,84,2,20,44,100,63,118,82,85,47,32" hai1="7,55,133,22,57,74,80,35,88,78,129,77,12" hai2="73,92,38,120,29,83,37,10,132,26,71,51,13" hai3="107,67,45,109,17,6,50,72,122,16,86,42,30"/><U48/><E35/><V65/><F120/><W135/><G122/><T53/><D118/><U11/><E133/><V116/><F116/><W95/><G72/><T91/><D130/><U23/><E129/><V56/><F132/><W115/><G115/><T110/><D110/><U108/><E108/><V52/><F92/><W46/><G107/><T106/><D32/><U81/><REACH who="1" step="1"/><E88/><REACH who="1" ten="153,327,240,270" step="2"/><V128/><F128/><W113/><G109/><T101/><D106/><U54/><E54/><V131/><F131/><W124/><G135/><T69/><D69/><U87/><AGARI ba="1,1" hai="7,11,12,22,23,48,55,57,74,77,78,80,81,87" machi="87" ten="20,3900,0" yaku="1,1,0,1,7,1,53,0" doraHai="41" doraHaiUra="58" who="1" fromWho="1" sc="153,-14,327,52,240,-14,270,-14" /><INIT seed="1,2,0,0,0,119" ten="139,379,226,256" oya="1" hai0="48,78,68,117,54,51,102,18,73,87,129,109,79" hai1="42,41,83,134,66,98,16,81,21,112,12,13,76" hai2="105,92,20,74,38,110,57,72,113,17,126,58,121" hai3="77,123,80,100,116,71,130,82,31,115,111,8,99"/><U85/><E112/><V43/><F105/><W118/><G71/><T5/><D117/><N who="3" m="45161" /><G31/><T19/><D68/><U62/><E134/><V6/><F113/><W32/><G32/><T29/><D29/><U93/><E83/><V64/><F110/><W108/><G115/><T128/><D109/><N who="3" m="42057" /><G8/><T86/><D102/><U33/><E33/><V28/><F28/><W53/><G53/><T91/><D54/><U132/><E132/><V133/><F64/><W135/><G135/><T88/><REACH who="0" step="1"/><D5/><REACH who="0" ten="129,379,226,256" step="2"/><U56/><E13/><N who="2" m="9263" /><F6/><W52/><G52/><T2/><D2/><U122/><E122/><V40/><F133/><W95/><G130/><T47/><D47/><U107/><E107/><V120/><F126/><W104/><G104/><T106/><D106/><U27/><E12/><V23/><F43/><W44/><G44/><T0/><D0/><U103/><AGARI ba="2,1" hai="16,21,27,41,42,56,62,66,76,81,85,93,98,103" machi="103" ten="20,7800,0" yaku="0,1,7,1,8,1,54,1" doraHai="119" who="1" fromWho="1" sc="129,-28,379,94,226,-28,256,-28" /><INIT seed="1,3,0,2,4,31" ten="101,473,198,228" oya="1" hai0="125,127,131,77,86,44,118,107,62,4,121,93,10" hai1="24,106,61,70,19,114,47,129,113,58,23,111,17" hai2="18,39,104,124,21,56,135,133,94,28,108,35,16" hai3="53,26,88,50,75,48,68,76,11,112,57,126,89"/><U115/><E70/><V99/><F39/><W2/><G112/><T92/><D118/><U97/><E129/><V91/><F108/><W14/><G68/><T105/><D62/><U132/><E111/><V12/><F104/><N who="0" m="40010" /><D44/><U54/><E132/><N who="2" m="50763" /><F124/><N who="0" m="47690" /><D10/><U1/><E1/><V5/><F56/><W45/><G2/><T96/><D4/><U60/><E61/><V71/><F5/><W119/><G119/><T33/><D33/><U22/><E47/><V116/><F116/><W110/><G110/><T49/><D49/><U36/><E36/><V81/><F71/><W32/><G126/><T100/><D131/><U98/><REACH who="1" step="1"/><E106/><REACH who="1" ten="101,463,198,228" step="2"/><V83/><F18/><W64/><G45/><T82/><D121/><U29/><E29/><V134/><F134/><W46/><G46/><T72/><D93/><U95/><E95/><V15/><F15/><AGARI ba="3,1" hai="15,17,19,22,23,24,54,58,60,97,98,113,114,115" machi="15" ten="40,3900,0" yaku="1,1,53,1" doraHai="31" doraHaiUra="9" who="1" fromWho="2" sc="101,0,463,58,198,-48,228,0" /><INIT seed="1,4,0,0,4,118" ten="101,521,150,228" oya="1" hai0="84,88,5,99,126,119,92,106,54,50,19,113,109" hai1="89,107,134,78,16,42,120,53,8,73,68,85,46" hai2="100,58,2,133,76,86,26,79,57,63,108,114,18" hai3="74,37,110,29,71,121,93,97,116,31,128,56,10"/><U61/><E107/><V66/><F2/><W1/><G93/><T105/><D113/><U129/><E73/><V41/><F114/><W70/><G97/><T62/><D119/><U72/><E72/><V28/><F108/><W101/><G101/><T82/><D109/><U27/><E120/><V24/><F133/><W3/><G10/><T20/><D126/><U7/><E78/><V104/><F41/><W21/><G21/><T103/><D62/><U12/><E129/><V11/><F100/><W14/><G14/><T130/><D130/><U112/><E134/><V49/><F104/><W91/><G91/><T96/><D96/><U38/><E112/><V67/><F86/><W124/><G31/><T15/><REACH who="0" step="1"/><D5/><REACH who="0" ten="91,521,150,228" step="2"/><U111/><E7/><V43/><F66/><W36/><G128/><T4/><D4/><U98/><E98/><V131/><F131/><W135/><G124/><T75/><D75/><U80/><E111/><V69/><F69/><W17/><G110/><T47/><AGARI ba="4,1" hai="15,19,20,47,50,54,82,84,88,92,99,103,105,106" machi="47" ten="20,5200,0" yaku="1,1,0,1,7,1,54,1,53,0" doraHai="118" doraHaiUra="0" who="0" fromWho="0" sc="91,74,521,-30,150,-17,228,-17" /><INIT seed="2,0,0,1,0,66" ten="165,491,133,211" oya="2" hai0="17,113,63,117,33,127,23,34,83,111,81,51,91" hai1="44,41,13,103,93,71,119,29,9,124,132,100,1" hai2="70,96,76,87,56,31,0,18,102,86,26,48,114" hai3="4,22,45,3,109,52,95,77,94,108,82,68,40"/><V101/><F114/><W64/><G22/><T98/><D113/><U27/><E119/><V112/><F112/><W19/><G19/><T50/><D117/><U46/><E1/><V79/><F0/><W90/><G4/><T43/><D111/><N who="3" m="42569" /><G3/><T107/><D127/><U11/><E132/><V6/><F6/><W85/><G40/><T123/><D123/><U59/><E59/><V106/><F102/><W20/><G20/><T14/><D107/><U92/><E41/><V73/><F70/><W42/><G42/><T24/><D51/><U32/><E124/><V35/><F18/><W133/><G133/><T61/><D34/><U69/><E29/><V80/><REACH who="2" step="1"/><F79/><REACH who="2" ten="165,491,123,211" step="2"/><W21/><G77/><T2/><D2/><U65/><E103/><V118/><F118/><W120/><G120/><T105/><D17/><U36/><E100/><V30/><F30/><W131/><G131/><T115/><D115/><U130/><E130/><V28/><F28/><W12/><G21/><T60/><D33/><U74/><E32/><V39/><F39/><W97/><G12/><T126/><D14/><U58/><E13/><V55/><AGARI ba="0,1" hai="26,31,35,48,55,56,73,76,80,86,87,96,101,106" machi="55" ten="30,6000,0" yaku="1,1,0,1,53,1" doraHai="66" doraHaiUra="72" who="2" fromWho="2" sc="165,-20,491,-20,123,70,211,-20" /><INIT seed="2,1,0,3,1,24" ten="145,471,193,191" oya="2" hai0="111,55,41,93,53,46,65,91,66,71,110,33,92" hai1="127,45,126,39,49,78,21,108,31,7,54,98,52" hai2="81,83,22,40,5,120,102,23,62,43,134,67,115" hai3="61,50,51,135,29,8,2,133,94,84,114,105,125"/><V44/><F115/><W89/><G105/><T63/><D93/><U32/><E39/><V27/><F120/><W122/><G122/><T117/><D33/><U37/><E37/><V119/><F119/><W123/><G123/><T113/><D113/><U103/><E7/><V80/><F134/><N who="3" m="51211" /><G114/><T16/><D117/><U73/><E32/><V106/><F5/><N who="3" m="1079" /><G125/><N who="1" m="47626" /><E108/><V77/><F77/><W124/><G124/><T96/><D65/><U97/><E54/><V17/><F44/><W25/><G61/><T4/><D4/><U56/><E103/><V132/><F132/><W95/><G94/><T19/><D55/><U36/><E73/><V59/><REACH who="2" step="1"/><F23/><AGARI ba="1,0" hai="23,25,29,50,51,84,89,95" m="1079,51211" machi="23" ten="30,2000,0" yaku="20,1,52,1" doraHai="24" who="3" fromWho="2" sc="145,0,471,0,193,-23,191,23" /><INIT seed="3,0,0,1,0,123" ten="145,471,170,214" oya="3" hai0="107,133,76,86,43,108,88,96,64,134,42,69,60" hai1="27,65,91,61,98,5,19,57,82,105,115,67,103" hai2="81,116,72,36,95,13,0,29,12,78,53,9,104" hai3="87,40,120,11,71,35,15,28,93,132,89,10,31"/><W3/><G120/><T49/><D108/><U80/><E115/><V114/><F104/><W7/><G71/><T131/><D131/><U59/><E5/><V135/><F114/><W18/><G132/><T106/><D76/><U63/><E91/><V73/><F135/><N who="0" m="51722" /><D96/><U101/><E103/><V130/><F116/><W33/><REACH who="3" step="1"/><G40/><REACH who="3" ten="145,471,170,204" step="2"/><N who="0" m="15403" /><D49/><U34/><E34/><AGARI ba="0,1" hai="3,7,10,11,15,18,28,31,33,34,35,87,89,93" machi="34" ten="40,2000,0" yaku="1,1,53,0" doraHai="123" doraHaiUra="56" who="3" fromWho="1" sc="145,0,471,-20,170,0,204,30" /><INIT seed="3,1,0,1,0,127" ten="145,451,170,234" oya="3" hai0="108,35,106,0,114,6,89,4,49,107,16,60,125" hai1="67,29,124,131,111,37,134,8,73,133,54,45,57" hai2="62,99,126,25,20,52,2,76,130,59,78,46,42" hai3="96,85,82,110,40,87,26,1,11,39,118,83,32"/><W102/><G118/><T17/><D125/><U22/><E73/><V41/><F126/><W128/><G39/><T119/><D119/><U10/><E124/><V112/><F112/><W28/><G40/><T90/><D49/><U122/><E122/><V21/><F2/><W53/><G85/><T132/><D0/><U13/><E67/><V55/><F130/><W70/><G70/><T24/><D24/><N who="1" m="16535" /><E111/><V51/><F42/><W19/><G128/><T100/><D100/><U98/><E98/><V7/><F7/><W34/><G34/><T9/><D35/><U65/><E65/><V5/><F5/><N who="0" m="2154" /><D9/><U104/><E104/><N who="0" m="39977" /><D60/><N who="1" m="35895" /><E13/><V77/><F99/><W18/><G96/><T15/><D15/><U27/><E27/><V69/><F69/><W44/><G26/><T88/><D108/><U81/><E10/><V109/><F109/><W117/><G11/><T97/><D97/><U74/><E8/><V86/><F86/><W56/><G87/><T38/><D38/><U58/><E37/><V116/><F116/><W31/><G117/><T75/><D132/><U120/><E134/><V72/><F72/><W68/><G68/><T121/><D75/><U84/><E74/><V115/><F115/><W14/><G32/><T33/><D33/><U123/><E133/><V135/><F135/><W101/><G1/><T103/><D103/><N who="3" m="39433" /><G14/><T93/><D114/><U61/><E123/><V23/><REACH who="2" step="1"/><F25/><REACH who="2" ten="145,451,160,234" step="2"/><W43/><G110/><T91/><D121/><U129/><E120/><V113/><F113/><W12/><G43/><T3/><D3/><U80/><E131/><V36/><F36/><RYUUKYOKU ba="1,1" sc="145,15,451,-15,160,15,234,-15" hai0="16,17,88,89,90,91,93" hai2="20,21,23,41,46,51,52,55,59,62,76,77,78" /><INIT seed="4,2,1,0,5,127" ten="160,436,175,219" oya="0" hai0="125,42,85,48,90,93,31,13,96,25,102,130,103" hai1="14,116,33,67,11,35,38,29,63,39,111,115,44" hai2="100,37,22,126,132,57,59,3,82,36,60,109,65" hai3="94,17,135,80,45,15,28,99,52,30,122,34,92"/><T24/><D125/><U20/><E116/><V26/><F126/><W107/><G135/><T0/><D0/><U8/><E111/><V6/><F132/><W41/><G122/><T74/><D74/><U68/><E11/><V134/><F134/><W110/><G110/><T32/><D25/><U7/><E115/><V78/><F109/><W19/><G107/><T84/><D84/><U105/><E105/><V10/><F100/><W88/><G80/><T89/><D13/><U58/><E68/><V69/><F59/><W128/><G34/><T66/><D66/><U16/><E44/><V129/><F129/><W73/><G73/><T50/><D130/><U55/><E67/><V106/><F106/><W86/><G128/><T121/><D121/><U76/><E76/><V40/><F40/><W123/><G123/><T75/><D75/><U54/><E55/><V87/><REACH who="2" step="1"/><F69/><REACH who="2" ten="160,436,165,219" step="2"/><W77/><G41/><T119/><D119/><U21/><E54/><V51/><F51/><N who="3" m="28783" /><G77/><T91/><D103/><U23/><E39/><V27/><F27/><W98/><G30/><AGARI ba="2,2" hai="3,6,10,22,26,30,36,37,57,60,65,78,82,87" machi="30" ten="30,2000,0" yaku="1,1,7,1,53,0" doraHai="127" doraHaiUra="64" who="2" fromWho="3" sc="160,0,436,0,165,46,219,-26" /><INIT seed="5,0,0,0,5,117" ten="160,436,211,193" oya="1" hai0="39,1,108,41,30,13,49,33,91,118,84,104,80" hai1="114,88,125,73,56,45,68,129,72,51,81,27,110" hai2="63,94,12,48,23,7,9,11,109,86,3,83,4" hai3="93,40,29,43,22,85,111,46,17,92,115,19,107"/><U26/><E68/><V62/><F109/><W50/><G111/><T42/><D108/><U15/><E110/><V37/><F37/><W20/><G107/><T95/><D118/><U131/><E56/><V90/><F23/><W121/><G29/><T133/><D1/><U89/><E114/><V74/><F74/><N who="1" m="28777" /><E15/><V82/><F82/><W25/><G121/><T79/><D39/><U58/><E58/><V59/><F83/><W6/><G6/><T130/><D104/><U87/><E89/><V54/><AGARI ba="0,0" hai="3,4,7,9,11,12,48,54,59,62,63,86,90,94" machi="54" ten="30,1100,0" yaku="0,1" doraHai="117" who="2" fromWho="2" sc="160,-3,436,-5,211,11,193,-3" /><INIT seed="6,0,0,2,0,6" ten="157,431,222,190" oya="2" hai0="42,20,129,2,115,83,92,93,82,91,69,27,132" hai1="9,119,101,37,44,128,117,62,96,35,49,88,16" hai2="104,4,47,41,108,124,61,114,109,86,116,21,73" hai3="7,1,28,103,100,72,89,98,75,39,38,90,127"/><V112/><F116/><W54/><G7/><T99/><D69/><U66/><E37/><V23/><F73/><W26/><G26/><T48/><D2/><U14/><E35/><V51/><F104/><W84/><G1/><T40/><D115/><N who="2" m="44074" /><F124/><W63/><G28/><T52/><D129/><U107/><E128/><V80/><F4/><W87/><G63/><T17/><D132/><U15/><E15/><V78/><F61/><W50/><G50/><T53/><D53/><U106/><E107/><V67/><F67/><W46/><G46/><T19/><D92/><U77/><E77/><V76/><F78/><W59/><G59/><T57/><REACH who="0" step="1"/><D19/><REACH who="0" ten="147,431,222,190" step="2"/><U71/><REACH who="1" step="1"/><E88/><REACH who="1" ten="147,421,222,190" step="2"/><V31/><F31/><W29/><G29/><T70/><D70/><U36/><E36/><V111/><AGARI ba="0,2" hai="21,23,41,47,51,76,80,86,108,109,111" m="44074" machi="111" ten="40,3900,0" yaku="10,1,15,1" doraHai="6" who="2" fromWho="2" sc="147,-13,421,-13,222,59,190,-13" /><INIT seed="6,1,0,2,0,22" ten="134,408,281,177" oya="2" hai0="26,131,17,0,92,97,57,10,5,90,74,113,112" hai1="119,37,101,76,111,55,107,114,49,78,32,67,85" hai2="123,23,102,63,82,71,121,15,47,4,41,51,39" hai3="130,128,36,60,70,19,9,45,133,62,79,13,14"/><V135/><F135/><W69/><G79/><T30/><D74/><U33/><E37/><V6/><F102/><W2/><G2/><T115/><D57/><U24/><E119/><V95/><F95/><W88/><G133/><T25/><D30/><U100/><E114/><V86/><F39/><W104/><G104/><T48/><D131/><N who="3" m="50217" /><G36/><T77/><D77/><U72/><E67/><V110/><F110/><W46/><G46/><T80/><D80/><U44/><E111/><V118/><F118/><W8/><G45/><T75/><D75/><U81/><E78/><V59/><F71/><N who="3" m="27147" /><G88/><T38/><D38/><U3/><E3/><V65/><F6/><AGARI ba="1,0" hai="6,8,9,13,14,19,60,62" m="27147,50217" machi="6" ten="30,1000,0" yaku="19,1" doraHai="22" who="3" fromWho="2" sc="134,0,408,0,281,-13,177,13" /><INIT seed="7,0,0,0,2,18" ten="134,408,268,190" oya="3" hai0="58,69,19,70,109,35,99,32,46,103,51,131,101" hai1="107,39,98,40,64,13,41,63,76,42,120,59,15" hai2="71,80,20,113,124,34,10,114,16,91,2,121,36" hai3="74,66,73,11,126,48,77,22,89,26,88,14,94"/><W83/><G126/><T60/><D109/><U52/><E120/><V108/><F108/><W23/><G73/><T9/><D131/><U7/><E39/><V87/><F36/><W53/><G66/><T0/><D35/><U55/><E76/><V47/><F71/><W38/><G38/><T27/><D103/><U45/><E107/><V119/><F34/><W118/><G118/><T62/><D62/><U1/><E1/><V5/><F121/><W105/><G105/><T102/><D102/><U28/><E28/><V67/><F124/><W43/><G43/><T130/><D130/><U24/><E24/><N who="2" m="14343" /><F119/><W21/><G26/><T72/><D72/><U56/><E98/><V84/><F84/><N who="3" m="48239" /><G94/><T123/><D123/><U68/><E68/><V125/><F125/><W116/><G116/><T37/><D37/><U135/><E64/><V33/><F67/><W127/><G74/><T49/><D32/><U78/><E42/><V106/><F106/><W133/><G133/><T44/><D70/><U117/><E41/><V90/><F33/><W30/><G30/><T25/><D69/><U86/><E40/><V57/><F57/><N who="3" m="32935" /><G127/><T97/><D0/><U93/><E117/><V95/><F95/><W122/><G122/><T128/><D128/><U75/><E135/><V92/><F92/><W3/><G3/><T134/><D134/><U104/><E104/><V12/><F2/><W4/><AGARI ba="0,0" hai="4,11,14,21,22,23,88,89" m="32935,48239" machi="4" ten="30,12000,1" yaku="8,1,52,3,54,1" doraHai="18" who="3" fromWho="3" sc="134,-40,408,-40,268,-40,190,120" /><INIT seed="7,1,0,4,5,49" ten="94,368,228,310" oya="3" hai0="132,4,9,129,104,28,44,102,50,27,37,63,17" hai1="61,81,8,95,11,106,79,97,2,90,47,85,41" hai2="76,55,30,83,122,1,119,73,75,6,13,40,48" hai3="113,60,38,125,130,34,117,115,20,121,107,70,89"/><W10/><RYUUKYOKU type="yao9" ba="1,0" sc="94,0,368,0,228,0,310,0" hai3="10,20,34,38,60,70,89,107,113,115,117,121,125,130" /><INIT seed="7,2,0,4,5,22" ten="94,368,228,310" oya="3" hai0="79,92,123,90,88,95,75,2,39,27,121,32,62" hai1="85,102,83,57,99,74,106,40,50,104,120,3,105" hai2="17,72,109,51,31,14,43,81,77,19,126,98,94" hai3="7,132,26,4,38,135,118,61,44,101,10,12,52"/><W23/><G118/><T21/><D32/><U25/><E3/><V70/><F70/><W124/><G124/><T80/><D2/><U71/><E71/><V82/><F109/><W42/><G101/><T46/><D39/><U20/><E74/><V86/><F126/><W64/><G7/><T119/><D46/><U100/><E120/><V34/><F34/><W122/><G122/><T13/><D13/><U54/><E40/><V28/><F51/><W129/><G129/><T131/><D119/><U125/><E125/><V60/><F60/><W15/><G15/><T29/><D131/><U0/><E0/><V128/><F43/><W66/><G52/><T53/><D62/><U35/><E35/><V30/><F128/><W134/><REACH who="3" step="1"/><G61/><REACH who="3" ten="94,368,228,300" step="2"/><T59/><D53/><U84/><E102/><V110/><F14/><W69/><G69/><T8/><D59/><U93/><REACH who="1" step="1"/><E83/><REACH who="1" ten="94,358,228,300" step="2"/><V96/><F110/><W103/><G103/><T33/><D33/><U130/><E130/><V112/><F112/><W1/><G1/><T108/><D108/><U11/><E11/><V6/><F82/><W55/><G55/><T133/><D133/><U115/><E115/><V65/><F65/><W117/><G117/><T58/><D8/><U89/><E89/><V47/><F81/><W97/><G97/><T49/><D58/><U73/><E73/><V16/><F98/><W9/><G9/><T68/><D68/><U18/><AGARI ba="2,2" hai="18,20,25,50,54,57,84,85,93,99,100,104,105,106" machi="18" ten="30,4000,0" yaku="1,1,0,1,52,1,53,0" doraHai="22" doraHaiUra="127" who="1" fromWho="1" sc="94,-12,358,66,228,-12,300,-22" owari="82,-41.8,424,52.4,216,-18.4,278,7.8" /></mjloggm>