<mjloggm ver="2.3"><GO type="9" lobby="0"/><UN n0="%E9%9B%80%E9%AD%82%E3%82%84%E3%82%81%E3%81%BE%E3%81%97%E3%81%9F" n1="%E7%8E%89%E6%AC%A1%E9%83%8E" n2="%E2%93%9D%4C%75%63%6B%79%4A" n3="%79%61%73%75%4E%4F%52%49" dan="11,11,6,10" rate="1811.57,1714.36,1636.50,1524.88" sx="M,M,M,M"/><TAIKYOKU oya="0"/><INIT seed="0,0,0,0,3,135" ten="250,250,250,250" oya="0" hai0="10,27,104,119,109,63,90,91,79,101,8,0,68" hai1="124,2,110,70,36,81,7,62,50,19,116,122,18" hai2="5,86,9,100,12,83,58,82,89,33,99,127,49" hai3="47,40,75,24,84,3,30,17,74,35,34,123,15"/><T118/><D79/><U46/><E122/><V22/><F33/><W16/><G3/><T69/><D101/><U53/><E116/><V97/><F127/><W121/><G84/><T112/><D0/><U66/><E110/><V52/><F100/><W57/><G57/><T80/><D27/><U117/><E117/><V67/><F67/><W93/><G75/><T130/><D63/><U98/><E98/><V37/><F37/><W132/><G93/><T73/><D130/><U128/><E128/><V32/><F32/><N who="3" m="12331" /><G47/><T1/><D1/><U96/><E96/><V54/><F22/><N who="3" m="15639" /><G40/><T115/><D73/><U59/><E81/><V72/><F72/><W64/><G64/><T14/><D80/><U88/><E2/><V77/><F83/><W102/><G102/><T31/><D31/><U61/><E7/><V21/><F21/><N who="3" m="11423" /><G74/><T13/><REACH who="0" step="1"/><D109/><REACH who="0" ten="240,250,250,250" step="2"/><U45/><E88/><V20/><F89/><W25/><G132/><T60/><D60/><U105/><E105/><AGARI ba="0,1" hai="8,10,13,14,68,69,90,91,104,105,112,115,118,119" machi="105" ten="25,4800,0" yaku="1,1,22,2,53,0" doraHai="135" doraHaiUra="125" who="0" fromWho="1" sc="240,58,250,-48,250,0,250,0" /><INIT seed="0,1,0,0,5,6" ten="298,202,250,250" oya="0" hai0="62,79,104,97,59,123,9,74,92,52,106,135,121" hai1="33,37,84,3,71,103,91,14,69,65,80,43,12" hai2="111,4,28,85,11,47,110,87,2,22,118,10,100" hai3="73,24,78,130,77,131,38,93,29,75,113,54,102"/><T98/><D135/><U99/><E3/><V95/><F47/><W26/><G38/><T46/><D74/><U20/><E33/><V25/><F100/><W7/><G54/><T42/><D79/><U82/><E37/><V128/><F95/><W88/><G102/><T124/><D124/><U67/><E43/><V116/><F87/><W5/><G113/><T44/><D44/><U90/><E103/><V64/><F64/><W51/><G51/><T108/><D108/><N who="2" m="41514" /><F85/><W35/><G35/><T86/><D86/><U70/><E99/><V122/><F122/><W17/><G17/><T1/><D121/><U132/><E132/><V32/><F128/><W19/><G19/><T55/><D55/><U40/><E40/><V126/><F126/><W31/><G93/><T13/><D1/><U0/><E0/><N who="2" m="391" /><F22/><W39/><REACH who="3" step="1"/><G39/><REACH who="3" ten="298,202,250,240" step="2"/><T96/><D123/><U16/><E84/><V36/><F36/><W18/><G18/><N who="0" m="8495" /><D106/><U68/><E71/><V109/><F109/><W48/><G48/><N who="0" m="26711" /><D104/><U125/><E125/><V119/><F119/><W76/><G76/><T57/><D59/><U8/><E80/><V120/><F120/><W23/><G23/><T30/><D30/><U72/><E82/><V112/><F112/><W15/><G15/><T56/><D56/><U21/><E72/><V50/><F50/><W105/><G105/><T127/><D127/><U89/><E89/><AGARI ba="1,1" hai="5,7,24,26,29,31,73,75,77,78,88,89,130,131" machi="89" ten="25,6400,0" yaku="1,1,22,2,54,1,53,0" doraHai="6" doraHaiUra="41" who="3" fromWho="1" sc="298,0,202,-67,250,0,240,77" /><AGARI ba="1,0" hai="52,57,62,89,92,96,97,98" m="26711,8495" machi="89" ten="30,5800,0" yaku="8,1,52,1,54,1" doraHai="6" who="0" fromWho="1" sc="298,58,135,-58,250,0,317,0" /><INIT seed="0,2,0,4,0,81" ten="356,77,250,317" oya="0" hai0="13,120,122,22,64,96,89,74,43,123,75,103,33" hai1="12,127,133,41,134,129,15,118,44,80,77,105,0" hai2="30,8,131,59,106,62,107,55,6,87,57,56,112" hai3="84,2,85,86,11,108,102,28,50,93,35,52,24"/><T66/><D33/><U94/><E118/><V113/><F30/><W42/><G42/><T82/><D43/><U91/><E0/><V26/><F26/><W104/><G104/><T116/><D116/><U100/><E15/><V130/><F107/><W58/><G2/><T121/><N who="0" m="30720" /><DORA hai="4" /><T114/><D114/><N who="2" m="44138" /><F106/><W37/><G11/><T128/><D128/><N who="2" m="49194" /><F87/><N who="3" m="22275" /><W40/><DORA hai="110" /><G102/><T135/><D135/><U88/><E105/><V132/><F132/><N who="1" m="50793" /><E100/><V60/><F55/><W71/><G71/><T47/><D47/><U97/><E77/><V9/><F9/><W1/><G1/><AGARI ba="2,0" hai="1,6,8,56,57,59,60,62" m="49194,44138" machi="1" ten="40,8000,1" yaku="19,1,52,4" doraHai="81,4,110" who="2" fromWho="3" sc="356,0,77,0,250,86,317,-86" /><INIT seed="1,0,0,3,5,6" ten="356,77,336,231" oya="1" hai0="101,16,104,122,57,26,19,60,12,52,8,47,131" hai1="21,45,35,61,50,58,127,23,53,99,75,130,27" hai2="54,102,105,83,24,90,76,32,129,4,9,5,95" hai3="80,67,66,1,70,82,103,113,93,135,22,86,92"/><U94/><E75/><V115/><F115/><W128/><G1/><T31/><D131/><U96/><E35/><V72/><F129/><W51/><G135/><T41/><D122/><U0/><E0/><V123/><F123/><W38/><G38/><T55/><D104/><U40/><E130/><V108/><F54/><W89/><G70/><T43/><D101/><U25/><E127/><V106/><F5/><W37/><G37/><T85/><D19/><U28/><REACH who="1" step="1"/><E94/><REACH who="1" ten="356,67,336,231" step="2"/><V69/><F95/><W81/><G128/><T78/><D78/><U64/><E64/><V74/><F74/><W79/><G67/><T71/><D71/><U87/><E87/><V112/><F72/><W109/><G66/><T48/><D85/><U124/><E124/><V44/><F32/><AGARI ba="0,1" hai="8,12,16,26,31,32,41,43,47,48,52,55,57,60" machi="32" ten="30,7700,0" yaku="7,1,52,1,54,2" doraHai="6" who="0" fromWho="2" sc="356,87,67,0,336,-77,231,0" /><INIT seed="2,0,0,0,0,77" ten="443,67,259,231" oya="2" hai0="35,100,44,93,31,105,72,17,94,104,97,68,63" hai1="123,39,7,6,120,92,20,111,47,51,43,27,103" hai2="86,1,112,75,81,132,25,67,89,91,80,36,50" hai3="66,24,9,109,14,12,0,102,11,114,28,48,74"/><V21/><F36/><W131/><G114/><T128/><D128/><U101/><E111/><V49/><F112/><W76/><G0/><T54/><D105/><U41/><E39/><V56/><F1/><W37/><G37/><T127/><D127/><U122/><E43/><V29/><F132/><W124/><G131/><T135/><D135/><U125/><E125/><V70/><F70/><W62/><G109/><T18/><D72/><U78/><E78/><V90/><F75/><W60/><G102/><T129/><D129/><U40/><E40/><V45/><F86/><W64/><G74/><T71/><D71/><U88/><E103/><V115/><F115/><W106/><G106/><T79/><D79/><U73/><E73/><V98/><F98/><W53/><G76/><T84/><D44/><U99/><REACH who="1" step="1"/><E101/><REACH who="1" ten="443,57,259,231" step="2"/><V38/><F38/><W133/><G124/><T87/><D100/><U116/><E116/><V96/><F96/><W13/><G133/><T19/><D97/><U59/><E59/><V33/><F33/><W69/><G53/><T52/><D104/><U130/><E130/><V121/><F121/><W4/><G48/><N who="2" m="18537" /><F45/><W83/><G83/><N who="2" m="31817" /><F56/><W119/><G119/><T134/><D134/><U5/><E5/><V117/><F117/><W42/><G42/><T34/><D68/><U82/><E82/><V126/><F126/><W30/><G24/><N who="0" m="18791" /><D35/><U85/><E85/><N who="0" m="32841" /><D54/><U110/><E110/><V22/><F67/><W23/><G23/><T113/><D113/><U55/><E55/><V58/><F58/><N who="3" m="36887" /><G14/><T8/><D8/><U15/><E15/><V26/><F22/><RYUUKYOKU ba="0,1" sc="443,0,57,0,259,0,231,0" hai0="17,18,19,52,63,93,94" hai1="6,7,20,27,41,47,51,88,92,99,120,122,123" hai2="21,25,26,29,89,90,91" hai3="4,9,11,12,13,28,30,62,66,69" /><INIT seed="2,1,1,0,5,73" ten="443,57,259,231" oya="2" hai0="29,59,5,60,103,43,129,110,117,71,99,131,1" hai1="86,16,135,101,116,0,56,47,105,92,13,115,52" hai2="28,122,37,41,34,120,124,127,100,40,91,26,109" hai3="9,45,104,94,10,55,70,77,88,2,48,114,76"/><V17/><F100/><W58/><G104/><T14/><D1/><U81/><E116/><V33/><F91/><W46/><G114/><T111/><D71/><U57/><E115/><V125/><F37/><W108/><G2/><T38/><D117/><U4/><E105/><V72/><F72/><W21/><G70/><T62/><D29/><U8/><E135/><V82/><F82/><W30/><G108/><N who="0" m="41515" /><D38/><U25/><E101/><V51/><F109/><W132/><G132/><T35/><D35/><N who="2" m="13322" /><F17/><W42/><G45/><T96/><D43/><N who="2" m="16458" /><F51/><N who="3" m="27095" /><G10/><N who="0" m="4431" /><D62/><U3/><E92/><V49/><F49/><W121/><G9/><T134/><D134/><U27/><E47/><V65/><F65/><W67/><G67/><N who="0" m="39327" /><D99/><U66/><E0/><V112/><F112/><W64/><G64/><T22/><D22/><AGARI ba="1,1" hai="22,26,28,120,122,124,125,127" m="16458,13322" machi="22" ten="40,2000,0" yaku="18,1" doraHai="73" who="2" fromWho="0" sc="443,-23,57,0,259,33,231,0" /><INIT seed="2,2,0,1,5,56" ten="420,57,292,231" oya="2" hai0="62,128,74,45,58,3,23,10,44,102,47,33,67" hai1="50,29,38,106,27,0,4,91,126,135,49,60,120" hai2="55,87,73,112,124,116,90,68,16,63,34,64,133" hai3="122,94,42,82,48,18,93,111,131,46,51,75,121"/><V2/><F112/><W99/><G111/><T96/><D33/><U57/><E38/><V125/><F73/><W37/><G37/><T103/><D74/><U26/><E106/><V118/><F2/><W130/><G18/><T70/><D128/><N who="3" m="49193" /><G75/><T25/><D3/><U108/><E108/><V22/><F55/><W127/><G82/><T20/><D70/><U59/><E120/><N who="3" m="46186" /><G51/><T30/><D10/><U89/><E0/><V129/><F34/><W35/><G35/><T114/><D114/><U1/><E1/><V117/><F129/><W113/><G127/><N who="2" m="48713" /><F133/><W119/><G113/><T83/><D83/><U6/><E126/><V95/><F118/><W31/><G31/><T36/><D103/><U11/><E135/><V97/><F87/><W107/><G119/><T86/><D86/><U28/><E11/><V53/><F53/><W52/><G42/><T66/><D23/><U71/><E71/><V21/><F22/><W79/><G79/><T9/><D9/><U84/><E84/><V80/><F80/><W76/><G76/><T8/><D8/><U115/><E115/><V19/><F19/><W39/><G39/><T132/><D132/><U54/><E54/><V32/><F32/><W17/><G17/><T14/><D36/><U78/><E78/><V100/><F100/><AGARI ba="2,0" hai="46,48,52,93,94,99,100,107" m="46186,49193" machi="100" ten="30,2000,0" yaku="19,1,54,1" doraHai="56" who="3" fromWho="2" sc="420,0,57,0,292,-26,231,26" /><INIT seed="3,0,0,1,0,30" ten="420,57,266,257" oya="3" hai0="85,97,12,13,11,37,83,16,116,119,48,18,78" hai1="42,65,86,84,2,31,99,71,124,40,79,10,125" hai2="122,123,55,60,93,70,15,89,113,32,64,14,103" hai3="100,132,20,102,68,96,45,66,75,57,7,107,74"/><W36/><G132/><T76/><D37/><U22/><E99/><V21/><F113/><W50/><G102/><T105/><D105/><U112/><E112/><V131/><F55/><W33/><G7/><T8/><D97/><U114/><E114/><V90/><F131/><W72/><G20/><T6/><D6/><U63/><E2/><V53/><F53/><W41/><G75/><T108/><D108/><U27/><E10/><V17/><F32/><W19/><G19/><T118/><REACH who="0" step="1"/><D48/><REACH who="0" ten="410,57,266,257" step="2"/><U121/><E121/><V69/><F123/><W3/><G50/><T46/><D46/><U0/><E0/><V5/><F5/><W128/><G128/><T24/><D24/><U135/><E135/><V129/><F122/><W47/><G47/><T25/><D25/><U104/><E104/><V26/><F26/><W34/><G3/><T43/><D43/><U35/><E22/><V1/><F21/><W77/><G57/><T23/><D23/><U29/><E29/><V134/><F1/><W127/><G74/><T115/><D115/><U130/><E130/><V54/><F129/><W98/><G96/><T28/><D28/><U73/><E73/><V106/><F134/><W61/><G127/><N who="1" m="48714" /><E79/><AGARI ba="0,1" hai="8,11,12,13,16,18,76,78,79,83,85,116,118,119" machi="79" ten="40,5200,0" yaku="1,1,9,1,54,1,53,0" doraHai="30" doraHaiUra="110" who="0" fromWho="1" sc="410,62,57,-52,266,0,257,0" /><INIT seed="4,0,0,2,5,98" ten="472,5,266,257" oya="0" hai0="77,108,93,58,63,37,54,103,106,81,30,116,20" hai1="3,87,52,83,48,4,72,6,76,17,15,25,10" hai2="123,18,46,16,40,129,69,38,88,80,53,102,5" hai3="33,0,109,101,78,132,92,105,56,117,32,111,131"/><T44/><D116/><U95/><E25/><V68/><F123/><W13/><G117/><T135/><D106/><U51/><E51/><V45/><F5/><W24/><G131/><T60/><D135/><U1/><E1/><V112/><F112/><W91/><G132/><T35/><D35/><U41/><E41/><V121/><F121/><W84/><G0/><T115/><D115/><U50/><E50/><V118/><F118/><W36/><G36/><T26/><D108/><U66/><E66/><V70/><F102/><W79/><G56/><T57/><D37/><U122/><E122/><V23/><F129/><W31/><G13/><T59/><D44/><U94/><E3/><V86/><REACH who="2" step="1"/><F23/><REACH who="2" ten="472,5,256,257" step="2"/><W27/><G111/><T97/><REACH who="0" step="1"/><D63/><REACH who="0" ten="462,5,256,257" step="2"/><U96/><E72/><AGARI ba="0,2" hai="20,26,30,54,57,58,59,60,72,77,81,93,97,103" machi="72" ten="30,11600,0" yaku="1,1,2,1,7,1,52,1,53,0" doraHai="98" doraHaiUra="110" who="0" fromWho="1" sc="462,136,5,-116,256,0,257,0" owari="598,69.8,-111,-61.1,256,-14.4,257,5.7" /></mjloggm>