<mjloggm ver="2.3"><GO type="137" lobby="0"/><UN n0="%E3%82%A4%E3%83%81%E3%82%B8%E3%82%AF" n1="%E3%82%A2%E3%83%B3%E3%83%88%E3%83%8B%E3%83%BC%E3%82%AA" n2="%E2%93%9D%4C%75%63%6B%79%4A" n3="%E3%83%87%E3%83%BC%E3%82%BF%E3%81%8D%E3%81%88%E3%81%9F%E3%83%BC" dan="11,11,12,10" rate="1576.90,1620.71,1828.07,1511.05" sx="F,M,M,M"/><TAIKYOKU oya="0"/><INIT seed="0,0,0,4,0,8" ten="250,250,250,250" oya="0" hai0="94,110,93,35,120,114,33,12,71,85,82,56,2" hai1="69,26,118,36,20,117,4,28,52,0,103,78,116" hai2="79,112,121,113,47,5,99,105,108,72,126,111,129" hai3="64,128,84,34,76,29,89,75,104,80,18,90,91"/><T10/><D120/><U95/><E69/><V122/><F5/><W134/><G128/><T7/><D71/><U57/><E36/><V43/><F43/><W48/><G134/><T58/><D114/><N who="2" m="44138" /><F47/><W130/><G130/><T21/><D35/><U70/><E70/><V102/><F129/><W25/><G104/><T92/><D110/><N who="2" m="42026" /><F126/><W77/><G64/><T115/><D33/><U27/><E78/><V101/><F102/><W46/><G77/><T73/><D115/><U19/><E95/><V119/><F119/><W41/><REACH who="3" step="1"/><G18/><REACH who="3" ten="250,250,250,240" step="2"/><T98/><D73/><AGARI ba="0,1" hai="25,29,34,41,46,48,73,75,76,80,84,89,90,91" machi="73" ten="40,5200,0" yaku="1,1,2,1,53,1" doraHai="8" doraHaiUra="31" who="3" fromWho="0" sc="250,-52,250,0,250,0,240,62" /><INIT seed="1,0,0,0,1,72" ten="198,250,250,302" oya="1" hai0="51,24,90,114,3,42,43,59,89,45,57,4,131" hai1="75,67,96,35,21,33,128,121,83,86,76,29,91" hai2="58,103,28,111,82,79,132,6,10,122,54,52,26" hai3="112,68,61,123,84,98,127,125,38,31,117,60,56"/><U46/><E121/><V65/><F122/><W107/><G123/><T27/><D114/><U100/><E128/><V81/><F82/><W97/><G112/><T116/><D116/><U12/><E67/><V1/><F111/><W15/><G117/><T55/><D131/><U47/><E35/><V78/><F103/><W129/><G31/><T115/><D3/><U130/><E33/><V102/><F102/><W37/><G107/><T50/><D4/><U120/><E130/><V25/><F132/><W113/><G129/><T48/><D115/><U74/><E74/><V80/><F65/><W20/><G113/><T5/><D5/><U133/><E133/><V9/><F6/><W7/><G7/><T109/><D109/><U105/><E120/><V18/><F18/><W62/><G68/><T17/><D17/><U23/><E23/><V44/><F44/><W88/><G20/><T118/><D118/><U73/><E73/><V63/><F28/><W19/><G19/><T93/><D93/><N who="1" m="54519" /><E12/><V36/><F36/><N who="3" m="13931" /><G15/><T11/><D11/><U92/><E92/><V53/><F1/><W108/><G108/><T69/><D69/><U64/><E64/><N who="2" m="39031" /><F10/><W66/><G66/><T16/><D45/><U126/><E126/><N who="3" m="48138" /><G56/><N who="0" m="21579" /><D55/><U71/><E71/><V87/><F9/><W0/><G0/><T8/><D8/><U41/><E41/><N who="0" m="15369" /><D16/><U34/><E34/><V13/><F13/><W70/><G70/><T101/><D101/><U40/><E40/><V14/><F14/><W110/><G110/><T99/><D99/><U134/><E134/><V49/><F49/><W106/><G106/><RYUUKYOKU ba="0,0" sc="198,0,250,0,250,0,302,0" hai0="24,27,48,50,51,89,90" hai1="21,29,46,47,75,76,83,96,100,105" hai2="25,26,52,53,54,78,79,80,81,87" hai3="60,61,62,84,88,97,98" /><INIT seed="1,1,0,2,5,41" ten="198,250,250,302" oya="1" hai0="60,48,49,90,83,35,101,124,88,62,98,132,26" hai1="19,29,70,47,100,96,50,134,67,2,126,25,46" hai2="135,44,74,8,64,127,133,81,106,37,57,3,118" hai3="53,30,58,131,117,12,45,130,72,27,113,7,42"/><U94/><E126/><V89/><F118/><W20/><G113/><T129/><D35/><U95/><E2/><V86/><F106/><W80/><G117/><T14/><D124/><U23/><E134/><N who="2" m="51211" /><F127/><W73/><G7/><T40/><D132/><U52/><E70/><V105/><F105/><W110/><G110/><T63/><D129/><N who="3" m="49161" /><G80/><T79/><D49/><U71/><E71/><V114/><F74/><W109/><G109/><T9/><D26/><U93/><E67/><V21/><F21/><W38/><G12/><T97/><D101/><U111/><E111/><V13/><F3/><W92/><G92/><T99/><D79/><U15/><REACH who="1" step="1"/><E46/><REACH who="1" ten="198,240,250,302" step="2"/><V123/><F44/><W54/><G54/><T24/><D24/><U69/><E69/><V102/><F64/><W56/><G56/><T66/><D66/><U33/><AGARI ba="1,1" hai="15,19,23,25,29,33,47,50,52,93,94,95,96,100" machi="33" ten="20,12000,1" yaku="1,1,0,1,7,1,52,1,54,1,53,0" doraHai="41" doraHaiUra="32" who="1" fromWho="1" sc="198,-41,240,133,250,-41,302,-41" /><INIT seed="1,2,0,4,4,75" ten="157,373,209,261" oya="1" hai0="76,25,0,27,84,31,133,26,103,68,104,50,56" hai1="51,64,125,73,121,38,43,69,24,4,77,53,5" hai2="2,57,18,97,127,6,87,83,115,17,63,118,22" hai3="132,36,114,119,116,59,113,134,60,126,15,95,128"/><U111/><E121/><V94/><F118/><N who="3" m="45099" /><G95/><T65/><D133/><N who="3" m="51305" /><G15/><T105/><D0/><U16/><E125/><V112/><F127/><W108/><G126/><T45/><D68/><U37/><E111/><V34/><F34/><W55/><G108/><T122/><D105/><U13/><E24/><V72/><F72/><W33/><G33/><T92/><D104/><U52/><E53/><V101/><F6/><W9/><G9/><T100/><D122/><U10/><E37/><V32/><F32/><W109/><G109/><T41/><D31/><U46/><E69/><V131/><F2/><W28/><G28/><T1/><D1/><U12/><E64/><V35/><F35/><W14/><G14/><T117/><D117/><U91/><E91/><V23/><F23/><W88/><G88/><N who="0" m="53255" /><D100/><U40/><E43/><V135/><F22/><W21/><G21/><T106/><D106/><U90/><E90/><V39/><F135/><W3/><G3/><T54/><D103/><U86/><E73/><V79/><F101/><W42/><G128/><T58/><D65/><U80/><REACH who="1" step="1"/><E13/><REACH who="1" ten="157,363,209,261" step="2"/><V129/><F131/><W123/><G123/><T98/><D25/><U7/><E7/><V78/><F129/><W74/><G74/><T107/><D26/><U120/><E120/><V44/><F18/><W47/><AGARI ba="2,1" hai="36,42,47,55,59,60,113,114" m="51305,45099" machi="47" ten="40,8000,1" yaku="12,1,20,1,34,2" doraHai="75" who="3" fromWho="3" sc="157,-22,363,-42,209,-22,261,96" /><INIT seed="2,0,0,2,1,27" ten="135,321,187,357" oya="2" hai0="70,1,53,44,69,23,122,92,13,82,64,37,2" hai1="134,52,46,126,16,20,88,127,89,57,47,39,119" hai2="36,29,68,67,12,40,124,72,25,33,22,48,45" hai3="90,65,7,31,51,38,41,121,120,109,131,71,3"/><V5/><F124/><N who="1" m="47657" /><E119/><V75/><F36/><W28/><G109/><T100/><D122/><U114/><E134/><V8/><F67/><W15/><G131/><T99/><D69/><U6/><E114/><V97/><F68/><W59/><G3/><T107/><D37/><U108/><E108/><V63/><F63/><W84/><G71/><T116/><D116/><U17/><E6/><V112/><F112/><W105/><G105/><T49/><D82/><U95/><E39/><V62/><F62/><W118/><G118/><T135/><D135/><U58/><E47/><V94/><REACH who="2" step="1"/><F33/><REACH who="2" ten="135,321,177,357" step="2"/><W104/><G38/><T86/><D86/><U9/><E46/><V32/><F32/><W14/><G65/><T106/><D70/><U110/><E58/><V0/><F0/><W60/><G60/><T128/><D64/><U113/><E113/><V74/><F74/><W111/><G59/><T87/><D1/><U34/><E34/><V26/><F26/><W93/><G121/><T10/><D2/><U96/><E110/><V130/><F130/><W101/><G111/><T77/><D128/><U4/><E57/><V123/><F123/><W129/><G120/><T24/><D87/><U91/><E95/><V83/><F83/><W19/><G93/><T43/><D77/><U103/><E91/><AGARI ba="0,1" hai="5,8,12,22,25,29,40,45,48,72,75,91,94,97" machi="91" ten="30,5800,0" yaku="1,1,7,1,52,1,53,0" doraHai="27" doraHaiUra="78" who="2" fromWho="1" sc="135,0,321,-58,177,68,357,0" /><INIT seed="2,1,0,5,5,63" ten="135,263,245,357" oya="2" hai0="98,82,105,30,21,73,47,87,55,128,33,91,13" hai1="79,46,94,18,4,97,51,64,132,89,41,44,14" hai2="109,67,110,101,80,130,39,108,7,15,25,23,22" hai3="36,115,102,29,116,103,77,50,93,111,5,20,118"/><V129/><F39/><W54/><G36/><T71/><D33/><U32/><E32/><V11/><F101/><W37/><G111/><T112/><D73/><U49/><E79/><V65/><F80/><W121/><G115/><T86/><D112/><U104/><E4/><V10/><F11/><W26/><G121/><T56/><D128/><N who="2" m="49258" /><F23/><W53/><G37/><T45/><D105/><U8/><E132/><V134/><F134/><W124/><G124/><T126/><D126/><U60/><E104/><V38/><F38/><W135/><G135/><T9/><D71/><U27/><E27/><V24/><F25/><W43/><G77/><N who="0" m="46415" /><D98/><U120/><E120/><V133/><F133/><W113/><G113/><T114/><D114/><U78/><E78/><V0/><F0/><W31/><G5/><N who="0" m="3247" /><D30/><AGARI ba="1,0" hai="7,10,15,22,24,30,65,67,108,109,110" m="49258" machi="30" ten="40,12000,1" yaku="14,1,10,1,19,1,52,2" doraHai="63" who="2" fromWho="0" sc="135,-123,263,0,245,123,357,0" /><INIT seed="2,2,0,5,4,134" ten="12,263,368,357" oya="2" hai0="70,116,39,121,65,12,47,120,56,87,64,6,130" hai1="107,132,32,54,58,22,82,91,110,29,49,99,20" hai2="78,72,14,35,84,11,53,46,8,104,98,19,111" hai3="79,40,124,42,77,88,86,7,3,129,67,24,16"/><V117/><F117/><W128/><G67/><T51/><D87/><U100/><E132/><V81/><F35/><W94/><G7/><T96/><D12/><U15/><E110/><V30/><F30/><W23/><G3/><T71/><D96/><U74/><E32/><V126/><F111/><W59/><G59/><T115/><D6/><U62/><E29/><V41/><F53/><W93/><G93/><T5/><D5/><U108/><E108/><V101/><F126/><W45/><G124/><T10/><D10/><U43/><E43/><N who="3" m="16426" /><G45/><T103/><D103/><U90/><E91/><V48/><REACH who="2" step="1"/><F72/><REACH who="2" ten="12,263,358,357" step="2"/><W125/><G125/><T83/><D116/><U109/><E109/><V36/><F36/><W69/><G69/><T50/><D39/><U61/><E74/><V1/><F1/><W73/><G73/><T52/><D115/><U2/><E2/><V105/><F105/><W85/><G85/><T102/><D71/><U44/><E107/><V131/><F131/><AGARI ba="2,1" hai="16,23,24,77,79,86,88,94,128,129,131" m="16426" machi="131" ten="30,3900,0" yaku="19,1,54,2" doraHai="134" who="3" fromWho="2" sc="12,0,263,0,358,-45,357,55" /><INIT seed="3,0,0,3,5,59" ten="12,263,313,412" oya="3" hai0="113,23,27,81,53,8,55,76,11,104,88,78,49" hai1="60,75,119,40,36,20,133,70,100,21,129,58,35" hai2="99,121,124,18,38,71,10,111,116,89,114,17,19" hai3="87,46,86,103,84,16,41,51,0,12,79,28,72"/><W52/><G0/><T24/><D104/><U57/><E75/><V45/><F114/><W66/><G103/><T34/><D34/><U92/><E35/><V62/><F116/><W106/><G106/><T68/><D68/><U126/><E129/><V131/><F111/><W65/><G28/><T105/><D105/><U125/><E133/><V56/><F71/><W63/><G72/><T123/><D123/><U7/><E7/><V112/><F124/><W98/><G98/><T13/><D113/><U132/><E132/><V120/><F10/><N who="0" m="3626" /><D49/><U30/><E70/><V44/><F131/><W64/><G79/><N who="0" m="30251" /><D13/><U61/><E36/><V31/><F38/><W2/><G2/><T14/><D14/><U29/><E40/><V109/><F109/><W1/><G1/><T33/><D33/><U74/><E74/><V128/><F128/><W95/><G95/><T115/><D23/><U101/><E92/><N who="2" m="56719" /><F112/><W97/><G97/><T94/><D115/><U134/><E134/><V37/><F37/><W127/><G127/><T130/><D130/><U118/><AGARI ba="0,0" hai="20,21,29,30,57,58,60,61,100,101,118,119,125,126" machi="118" ten="25,8000,1" yaku="0,1,22,2,52,2" doraHai="59" who="1" fromWho="1" sc="12,-20,263,80,313,-20,412,-40" owari="-8,-50.8,343,14.3,293,-10.7,372,47.2" /></mjloggm>