<mjloggm ver="2.3"><GO type="41" lobby="0"/><UN n0="%E2%93%9D%4C%75%63%6B%79%4A" n1="%E3%83%90%E3%82%A6%E3%82%A2%E3%83%BC%59" n2="%E3%82%B9%E3%83%BC%E3%83%91%E3%83%BC%E3%81%9F%E3%81%A3%E3%81%A4%E3%82%93" n3="%59%75%72%61%72%61" dan="18,14,15,14" rate="2212.74,1855.62,2061.60,2065.09" sx="M,M,M,F"/><TAIKYOKU oya="0"/><INIT seed="0,0,0,4,4,122" ten="250,250,250,250" oya="0" hai0="103,27,80,66,30,54,49,108,94,56,44,3,60" hai1="62,47,75,76,95,90,81,123,93,24,133,25,31" hai2="13,105,107,14,87,18,45,48,109,83,32,11,2" hai3="126,20,78,128,55,28,100,61,34,33,65,120,70"/><T17/><D3/><U125/><E123/><V99/><F32/><W124/><G120/><T63/><D80/><U46/><E125/><N who="3" m="48234" /><G128/><T57/><D17/><U51/><E133/><V127/><F127/><W29/><G78/><T10/><D10/><U71/><E95/><V52/><F2/><W41/><G41/><T68/><D103/><U59/><E71/><V42/><F109/><W96/><G55/><T118/><D118/><U134/><E134/><V115/><F115/><W91/><G91/><T40/><D94/><U119/><E119/><V79/><F99/><W86/><G86/><T89/><D89/><U92/><E92/><V129/><F129/><W82/><G82/><T74/><D74/><U15/><E15/><V116/><F116/><W4/><G4/><T37/><D27/><U98/><E51/><V106/><F13/><W67/><G67/><N who="0" m="39407" /><D30/><N who="3" m="11881" /><G20/><T117/><D117/><U69/><E69/><V112/><REACH who="2" step="1"/><F112/><REACH who="2" ten="250,250,240,250" step="2"/><W77/><G77/><T53/><D54/><AGARI ba="0,1" hai="11,14,18,42,45,48,52,54,79,83,87,105,106,107" machi="54" ten="40,5200,0" yaku="1,1,2,1,54,1,53,0" doraHai="122" doraHaiUra="114" who="2" fromWho="0" sc="250,-52,250,0,240,62,250,0" /><INIT seed="1,0,0,0,5,28" ten="198,250,302,250" oya="1" hai0="111,71,53,89,46,65,9,15,132,105,87,113,128" hai1="134,94,98,66,59,78,31,84,92,102,51,96,1" hai2="69,106,117,13,61,34,32,17,74,77,48,23,3" hai3="116,81,43,20,120,2,33,35,121,41,82,93,131"/><U75/><E1/><V26/><F117/><W37/><G2/><T12/><D113/><U6/><E134/><V85/><F74/><W44/><G116/><T101/><D132/><U14/><E31/><V68/><F106/><W21/><G93/><T83/><D111/><U112/><E75/><V124/><F3/><W57/><G57/><T127/><D127/><U76/><E84/><V115/><F124/><W103/><G103/><T107/><D128/><U60/><E51/><V104/><F104/><W109/><G44/><T130/><D15/><U119/><E112/><V95/><F48/><W100/><G100/><T97/><D130/><U49/><E49/><V86/><F115/><W18/><G18/><T7/><D107/><U72/><E72/><V54/><F85/><W39/><REACH who="3" step="1"/><G131/><REACH who="3" ten="198,250,302,240" step="2"/><T47/><D47/><U25/><E119/><V73/><F73/><W40/><G40/><T67/><D46/><U50/><E50/><V38/><F38/><W70/><G70/><T123/><D71/><U36/><E36/><V58/><F69/><W45/><G45/><T27/><D101/><U8/><E94/><V114/><F114/><W24/><G24/><T11/><D27/><U22/><E98/><V30/><F68/><W63/><G63/><T110/><D97/><U55/><E55/><V91/><REACH who="2" step="1"/><F77/><REACH who="2" ten="198,250,292,240" step="2"/><W133/><G133/><T122/><D105/><U80/><E80/><V79/><F79/><W10/><G10/><AGARI ba="0,2" hai="10,13,17,23,26,30,32,34,54,58,61,86,91,95" machi="10" ten="30,7700,0" yaku="1,1,7,1,52,2,53,0" doraHai="28" doraHaiUra="125" who="2" fromWho="3" sc="198,0,250,0,292,97,240,-77" /><INIT seed="2,0,0,0,0,5" ten="198,250,389,163" oya="2" hai0="47,42,17,118,109,58,68,50,89,121,59,126,20" hai1="63,132,101,49,32,82,10,22,13,78,77,131,107" hai2="134,119,92,98,45,87,19,3,88,91,135,124,133" hai3="76,29,51,127,14,46,86,79,34,115,11,70,15"/><V105/><F3/><W60/><G127/><T30/><D121/><U111/><E111/><V2/><F2/><W96/><G115/><T100/><D68/><U130/><E32/><V25/><F45/><W64/><G34/><T21/><D100/><U56/><E132/><V93/><F25/><W112/><G29/><T71/><D71/><U35/><E35/><V110/><F119/><W75/><G75/><T48/><D109/><U120/><E120/><V55/><F110/><W84/><G96/><T117/><D89/><U95/><E107/><V73/><F55/><W94/><G15/><T9/><D126/><U54/><E22/><V67/><F67/><W44/><G44/><T81/><D81/><U90/><E101/><N who="2" m="62647" /><F19/><W72/><G112/><T123/><D123/><U53/><E82/><V122/><F124/><W36/><G36/><T23/><D30/><U37/><E37/><V27/><F27/><W65/><G65/><T0/><D50/><U62/><E62/><V12/><F12/><W24/><G24/><T41/><D42/><U74/><E74/><V57/><F122/><W103/><G72/><T97/><D97/><U80/><E80/><V116/><F57/><N who="0" m="21514" /><D17/><U69/><E69/><V114/><F73/><W43/><G103/><T6/><D118/><U52/><E54/><V26/><F26/><W99/><G99/><T31/><D31/><U33/><E33/><V40/><F116/><W108/><G108/><T102/><D102/><U39/><E39/><V104/><F40/><W61/><G61/><T85/><D117/><U18/><E53/><V129/><F134/><RYUUKYOKU ba="0,0" sc="198,30,250,-10,389,-10,163,-10" hai0="0,6,9,20,21,23,41,47,48,85" /><INIT seed="3,1,0,5,5,127" ten="228,240,379,153" oya="3" hai0="31,117,126,106,7,61,46,32,132,68,109,24,73" hai1="86,30,87,90,99,94,102,14,66,15,98,129,8" hai2="81,91,54,34,37,89,47,5,95,105,12,112,97" hai3="48,122,27,18,26,19,70,57,49,93,116,121,135"/><W56/><G116/><T53/><D117/><U9/><E30/><V134/><F112/><W111/><G93/><T85/><D73/><U58/><E129/><V82/><F34/><W62/><G62/><T96/><D7/><U133/><E133/><V38/><F105/><W110/><REACH who="3" step="1"/><G70/><REACH who="3" ten="228,240,379,143" step="2"/><T115/><D61/><N who="1" m="38199" /><E99/><V35/><F95/><W125/><G125/><T4/><D126/><U67/><E67/><V76/><F97/><W11/><G11/><T42/><D68/><U84/><E102/><V43/><F134/><AGARI ba="1,1" hai="18,19,26,27,48,49,56,57,110,111,121,122,134,135" machi="134" ten="25,4800,0" yaku="1,1,22,2,53,0" doraHai="127" doraHaiUra="79" who="3" fromWho="2" sc="228,0,240,0,379,-51,143,61" /><INIT seed="3,2,0,2,3,8" ten="228,240,328,204" oya="3" hai0="63,23,70,6,35,2,48,110,20,105,37,94,131" hai1="83,89,41,19,30,51,123,125,54,130,100,50,5" hai2="66,126,43,40,135,91,0,102,92,27,10,36,1" hai3="95,49,114,60,59,75,78,44,24,121,28,64,33"/><W62/><G114/><T86/><D37/><U73/><E123/><V16/><F126/><W119/><G121/><T34/><D105/><U71/><E71/><V109/><F109/><W88/><G119/><T84/><D6/><U55/><E41/><V38/><F135/><W68/><G75/><T87/><D2/><U115/><E115/><V67/><F102/><W57/><G78/><T98/><D110/><U65/><E65/><V31/><F0/><W128/><G128/><T52/><D35/><U96/><E130/><V39/><F1/><W29/><G29/><T112/><D34/><U113/><E113/><V80/><F80/><W81/><G81/><T111/><D111/><U107/><E30/><V122/><F122/><W69/><G60/><T90/><D112/><U18/><E5/><V46/><F67/><W22/><G33/><T9/><D9/><U53/><E125/><V79/><F66/><W127/><G68/><T124/><D124/><U4/><E4/><V12/><F40/><W93/><G93/><T26/><D131/><U11/><E73/><V129/><F79/><W7/><G7/><T82/><D63/><U25/><E19/><V133/><F133/><W104/><G104/><T101/><D70/><U134/><E134/><V85/><REACH who="2" step="1"/><F129/><REACH who="2" ten="228,240,318,204" step="2"/><W56/><G127/><T97/><D82/><U116/><E116/><V77/><F77/><W74/><G74/><T118/><D118/><U42/><E42/><V106/><F106/><W61/><G64/><T72/><D72/><U14/><E25/><V58/><F58/><W108/><G108/><T17/><D26/><RYUUKYOKU ba="2,1" sc="228,-15,240,15,318,15,204,-15" hai1="11,14,18,50,51,53,54,55,83,89,96,100,107" hai2="10,12,16,27,31,36,38,39,43,46,85,91,92" /><INIT seed="4,3,1,5,4,57" ten="213,255,333,189" oya="0" hai0="43,52,17,122,39,124,71,4,74,6,106,15,26" hai1="120,96,125,59,114,64,116,38,49,105,21,69,81" hai2="102,78,53,98,117,66,111,118,32,107,115,62,77" hai3="103,2,29,90,70,58,0,35,31,24,119,91,68"/><T3/><D71/><U36/><E21/><V34/><F111/><W25/><G58/><T76/><D106/><U18/><E18/><V55/><F115/><W65/><G103/><T11/><D122/><U72/><E81/><V97/><F66/><W80/><G80/><T130/><D130/><U134/><E96/><V113/><F113/><W33/><REACH who="3" step="1"/><G65/><REACH who="3" ten="213,255,333,179" step="2"/><T9/><D76/><U23/><E64/><V104/><REACH who="2" step="1"/><F102/><REACH who="2" ten="213,255,323,179" step="2"/><W22/><G22/><T56/><D11/><U20/><E20/><V27/><F27/><W132/><G132/><T126/><D26/><U108/><E23/><V7/><F7/><W8/><G8/><T73/><D9/><U61/><E134/><V30/><F30/><W47/><G47/><T54/><D6/><U63/><E114/><V131/><F131/><W13/><G13/><T133/><D15/><U101/><E120/><V87/><F87/><W46/><G46/><T123/><D123/><U12/><E101/><V127/><F127/><W110/><G110/><T60/><D126/><U1/><E12/><V99/><F99/><W42/><G42/><T67/><D43/><U94/><E108/><V128/><F128/><W10/><G10/><T37/><D124/><U84/><E125/><V88/><F88/><W5/><G5/><T51/><D4/><U28/><E116/><AGARI ba="3,3" hai="0,2,24,25,29,31,33,35,68,70,90,91,116,119" machi="116" ten="25,3200,0" yaku="1,1,22,2,53,0" doraHai="57" doraHaiUra="14" who="3" fromWho="1" sc="213,0,255,-41,323,0,179,71" /><INIT seed="5,0,0,5,3,97" ten="213,214,323,250" oya="1" hai0="110,44,129,63,65,67,80,36,100,42,84,12,28" hai1="41,105,68,113,108,127,51,29,85,55,90,119,91" hai2="27,52,49,125,124,62,71,72,92,26,50,9,102" hai3="37,107,56,25,31,18,66,2,22,64,60,99,82"/><U3/><E113/><V70/><F72/><W48/><G37/><T77/><D110/><U32/><E105/><V89/><F102/><W104/><G2/><T87/><D129/><U120/><E120/><V73/><F73/><W20/><G82/><T76/><D28/><U13/><E68/><V59/><F9/><W122/><G122/><T123/><D123/><U5/><E3/><V98/><F71/><W34/><G66/><T117/><D117/><U0/><E0/><V57/><F70/><W81/><G81/><T116/><D116/><U109/><E41/><V1/><F1/><W133/><G133/><T33/><D33/><U10/><E119/><V45/><F49/><W30/><G30/><T115/><D115/><U74/><E74/><V135/><F57/><W39/><G39/><T58/><D67/><U19/><E127/><N who="2" m="48715" /><F135/><W121/><G121/><T132/><D132/><U54/><E54/><AGARI ba="0,0" hai="26,27,45,50,52,54,59,62,89,92,98" m="48715" machi="54" ten="30,2000,0" yaku="18,1,54,1" doraHai="97" who="2" fromWho="1" sc="213,0,214,-20,323,20,250,0" /><INIT seed="6,0,0,2,0,103" ten="213,194,343,250" oya="2" hai0="101,135,67,121,91,1,38,54,13,88,106,131,118" hai1="42,96,64,31,55,99,87,75,30,28,6,34,114" hai2="128,49,105,113,82,110,97,76,43,21,116,57,4" hai3="61,63,50,15,81,8,25,109,130,129,73,107,23"/><V92/><F116/><W24/><G109/><T3/><D38/><U112/><E75/><V56/><F113/><N who="1" m="43625" /><E64/><V78/><F105/><W19/><G107/><T2/><D121/><U70/><E70/><V133/><F128/><N who="3" m="49259" /><G50/><T11/><D131/><U29/><N who="1" m="7168" /><DORA hai="83" /><U74/><E74/><V35/><F35/><W47/><G47/><T10/><D67/><U108/><E108/><V37/><F133/><W39/><G39/><T68/><D68/><U5/><E42/><V20/><F110/><W123/><G123/><T127/><D135/><U17/><E17/><V65/><F4/><N who="1" m="1641" /><E34/><V44/><F76/><N who="3" m="44175" /><G25/><T22/><D3/><U16/><E16/><AGARI ba="0,0" hai="8,15,16,19,23,24,61,63" m="44175,49259" machi="16" ten="30,2000,0" yaku="19,1,54,1" doraHai="103,83" who="3" fromWho="1" sc="213,0,194,-20,343,0,250,20" /><INIT seed="7,0,0,1,5,11" ten="213,174,343,270" oya="3" hai0="59,101,86,6,46,9,58,94,48,79,13,28,18" hai1="57,47,97,15,69,26,65,5,120,109,77,102,55" hai2="126,72,24,66,67,52,82,103,29,2,98,61,128" hai3="73,30,35,108,21,111,89,25,104,17,1,4,118"/><W12/><G73/><T78/><D28/><U51/><E109/><N who="3" m="42058" /><G104/><T22/><D101/><U54/><E77/><N who="0" m="29193" /><D94/><U23/><E69/><N who="2" m="42191" /><F67/><W124/><G89/><T31/><D31/><U133/><E65/><V87/><F72/><W100/><G100/><T41/><D86/><U64/><E64/><V114/><F87/><W115/><G115/><T80/><D80/><U84/><E84/><V81/><F114/><W38/><G38/><T70/><D70/><U95/><E133/><V105/><F2/><W32/><G124/><T85/><D85/><U107/><E107/><V14/><F126/><W3/><G118/><T125/><D125/><U63/><E120/><V116/><F116/><W19/><G4/><T20/><D22/><U68/><E68/><V16/><F128/><W75/><G75/><T123/><D123/><U42/><E5/><V135/><F135/><W10/><G35/><T106/><D106/><U122/><E122/><V121/><F121/><W34/><G34/><T119/><D119/><U0/><E0/><V131/><F131/><W83/><G83/><T93/><D93/><U112/><E112/><V36/><F36/><W129/><G129/><T127/><D127/><U60/><E60/><V49/><F81/><W88/><G88/><T33/><D33/><U44/><E44/><N who="2" m="27687" /><F82/><W7/><G7/><T130/><D130/><U117/><E117/><V27/><F29/><W43/><G43/><T134/><D134/><U50/><E50/><V91/><F91/><W132/><G132/><T110/><D110/><U71/><E71/><V40/><F40/><W37/><G37/><RYUUKYOKU ba="0,0" sc="213,10,174,-30,343,10,270,10" hai0="6,9,13,18,20,41,46,48,58,59" hai2="14,16,24,27,98,103,105" hai3="1,3,10,12,17,19,21,25,30,32" /><INIT seed="7,1,0,1,5,103" ten="223,144,353,280" oya="3" hai0="8,94,62,86,54,5,83,124,16,115,64,33,108" hai1="18,134,40,38,19,102,36,10,98,97,89,69,132" hai2="70,119,126,37,47,57,49,78,31,2,3,72,114" hai3="26,104,75,46,74,92,23,117,21,15,0,43,123"/><W44/><G104/><T118/><D118/><U48/><E69/><V130/><F31/><W34/><G0/><T73/><D73/><U105/><E48/><V24/><F24/><W111/><G117/><T7/><D124/><U106/><E40/><N who="2" m="22927" /><F119/><W39/><G34/><T135/><D135/><U27/><E89/><V17/><F17/><W84/><G123/><T32/><D115/><U80/><E80/><N who="2" m="45127" /><F57/><W35/><G35/><T60/><D108/><U131/><E27/><V121/><F49/><W56/><G46/><T12/><D94/><U99/><E131/><V120/><F120/><W66/><G111/><T100/><D100/><U67/><E67/><V116/><F116/><W1/><G1/><T96/><D96/><U25/><E25/><V68/><F121/><W127/><G127/><T79/><D33/><U6/><E102/><V76/><F76/><W51/><G15/><T71/><D32/><U58/><E58/><V95/><F95/><W122/><G122/><T101/><D101/><U90/><E90/><V77/><F77/><W42/><G42/><T82/><D83/><U65/><E65/><V85/><F126/><W55/><G66/><T109/><D109/><U113/><E113/><V125/><F130/><W13/><G92/><T28/><D28/><U133/><E38/><V61/><F125/><W11/><G84/><T81/><D82/><U91/><E91/><V107/><F85/><W93/><G93/><T41/><D41/><U4/><E36/><V22/><F2/><W110/><G110/><T30/><D30/><U14/><E19/><V88/><F3/><RYUUKYOKU ba="1,0" sc="223,15,144,15,353,-15,280,-15" hai0="5,7,8,12,16,54,60,62,64,71,79,81,86" hai1="4,6,10,14,18,97,98,99,105,106,132,133,134" owari="238,-16.2,159,-34.1,338,43.8,265,6.5" /></mjloggm>