<mjloggm ver="2.3"><GO type="41" lobby="0"/><UN n0="%E2%93%9D%4C%75%63%6B%79%4A" n1="%E3%82%8D%E3%81%8F%E3%81%A7%E3%81%AA%E6%85%8E%E5%90%BE" n2="%E3%83%AB%E3%82%A4%E3%82%B3%E3%82%B9%E3%82%BF" n3="%E3%81%A1%E3%82%87%E3%81%84%E3%81%A1%E3%82%87%E3%81%84" dan="18,15,14,15" rate="2136.15,2043.25,1920.12,2020.42" sx="M,M,M,M"/><TAIKYOKU oya="0"/><INIT seed="0,0,0,3,2,82" ten="250,250,250,250" oya="0" hai0="61,93,3,33,118,34,23,0,72,92,99,111,27" hai1="2,75,115,79,90,122,39,48,29,28,12,65,129" hai2="127,46,131,38,112,87,91,135,100,54,6,19,107" hai3="21,10,7,74,89,78,128,8,44,59,103,56,68"/><T50/><D72/><U70/><E122/><V51/><F112/><W110/><G68/><T49/><D118/><U108/><E39/><V20/><F127/><W133/><G133/><T30/><D111/><U53/><E2/><V60/><F131/><W134/><G134/><T86/><D3/><U31/><E108/><V102/><F135/><W95/><G110/><T18/><D0/><U124/><E124/><V83/><F6/><W66/><G128/><T94/><D99/><U24/><E129/><V40/><F107/><W57/><G103/><T98/><D98/><U101/><E101/><V47/><REACH who="2" step="1"/><F60/><REACH who="2" ten="250,250,240,250" step="2"/><W114/><G114/><T123/><D61/><U1/><E115/><V113/><F113/><W81/><G7/><T117/><D123/><U109/><E109/><V88/><F88/><W42/><G66/><T17/><D117/><U106/><E90/><V62/><F62/><W11/><G89/><N who="0" m="53559" /><D34/><U84/><E65/><V97/><F97/><W77/><G77/><T36/><D33/><U15/><E79/><V80/><F80/><W104/><G95/><N who="0" m="36427" /><D36/><U64/><E106/><V63/><F63/><W35/><G35/><T116/><D116/><U76/><E64/><V41/><F41/><W119/><G119/><T26/><D30/><U32/><E31/><V73/><F73/><W67/><G104/><T120/><D120/><U126/><E29/><V125/><F125/><W25/><G67/><T5/><D5/><U37/><E75/><V121/><F121/><W105/><G105/><T71/><D71/><U9/><E126/><V22/><F22/><AGARI ba="0,1" hai="17,18,22,23,26,27,49,50" m="36427,53559" machi="22" ten="30,2900,0" yaku="8,1,52,1" doraHai="82" who="0" fromWho="2" sc="250,39,250,0,240,-29,250,0" /><INIT seed="0,1,0,4,2,115" ten="289,250,211,250" oya="0" hai0="5,55,70,94,47,12,79,48,64,68,41,58,69" hai1="40,45,25,56,126,52,95,117,18,103,42,134,43" hai2="67,135,60,98,61,44,125,74,131,85,33,16,46" hai3="4,80,34,106,100,73,75,27,19,50,105,118,66"/><T51/><D79/><U20/><E126/><V129/><F74/><W81/><G4/><T57/><D94/><U37/><E134/><V77/><F33/><W91/><G66/><T112/><D12/><U26/><E117/><V96/><F125/><W93/><G50/><T36/><D5/><U97/><REACH who="1" step="1"/><E26/><REACH who="1" ten="289,240,211,250" step="2"/><V14/><F135/><W124/><G27/><T84/><D112/><U128/><E128/><V2/><F131/><W54/><G124/><T130/><D130/><U30/><E30/><V23/><F129/><W76/><G118/><T109/><D109/><U122/><E122/><V39/><F2/><W104/><G34/><T62/><D84/><U99/><E99/><V121/><F121/><W87/><G19/><T101/><D101/><U110/><E110/><V0/><F0/><W24/><G24/><T10/><D10/><U127/><E127/><V63/><F98/><N who="3" m="61463" /><G54/><AGARI ba="1,1" hai="36,41,47,48,51,54,55,57,58,62,64,68,69,70" machi="54" ten="40,24000,3" yaku="9,1,24,2,35,6" doraHai="115" who="0" fromWho="3" sc="289,253,240,0,211,0,250,-243" /><INIT seed="0,2,0,1,2,131" ten="542,240,211,7" oya="0" hai0="66,62,46,135,114,44,61,89,59,101,99,16,11" hai1="26,1,93,13,39,104,70,27,124,92,0,56,42" hai2="78,80,5,130,23,123,72,24,15,14,22,105,100" hai3="112,30,128,21,87,67,48,98,132,116,106,33,84"/><T29/><D114/><U90/><E104/><V79/><F123/><W82/><G112/><T103/><D29/><U88/><E70/><V102/><F130/><W54/><G128/><T97/><D89/><U41/><E56/><V119/><F119/><W4/><G116/><T109/><D109/><U35/><E13/><V8/><F79/><W75/><G33/><T51/><D135/><U76/><E76/><V91/><F105/><W86/><G67/><T6/><D62/><U127/><E39/><V43/><F43/><W3/><G75/><T126/><D126/><U71/><E71/><V96/><F96/><N who="0" m="36938" /><D6/><U134/><E35/><V83/><F91/><W108/><G108/><T25/><D11/><U68/><E68/><V133/><F83/><W110/><G110/><T17/><D46/><U40/><E42/><V115/><F133/><AGARI ba="2,0" hai="0,1,26,27,40,41,88,90,92,93,124,127,133,134" machi="133" ten="25,8000,1" yaku="22,2,52,2,54,1" doraHai="131" who="1" fromWho="2" sc="542,0,240,86,211,-86,7,0" /><INIT seed="1,0,0,4,2,102" ten="542,326,125,7" oya="1" hai0="49,9,134,34,35,118,30,10,70,1,54,131,40" hai1="75,100,18,114,116,97,38,84,104,0,71,43,64" hai2="109,87,39,11,122,94,24,29,33,47,79,48,28" hai3="31,72,129,74,2,26,44,66,107,8,112,96,89"/><U19/><E114/><V15/><F122/><W77/><G112/><T126/><D70/><U17/><E116/><V113/><F39/><W99/><G77/><T78/><D40/><U115/><E115/><V125/><F113/><W20/><G129/><T4/><D118/><U117/><E117/><V93/><F125/><W22/><G66/><T103/><D103/><U120/><E120/><V81/><F29/><W16/><G44/><T69/><D69/><U13/><E75/><V14/><F14/><W57/><G57/><T65/><D65/><U83/><E0/><V121/><F109/><W88/><G74/><T76/><D134/><U63/><E43/><V67/><F67/><W95/><G72/><T41/><D41/><U128/><E38/><V110/><F110/><W127/><G127/><T59/><D131/><U85/><E128/><V91/><F121/><W6/><G107/><T21/><D10/><U23/><E84/><V50/><F50/><W52/><G52/><T51/><D51/><U90/><AGARI ba="0,0" hai="13,17,18,19,23,63,64,71,83,85,90,97,100,104" machi="90" ten="20,3900,0" yaku="0,1,7,1,52,1" doraHai="102" who="1" fromWho="1" sc="542,-13,326,39,125,-13,7,-13" owari="529,62.9,365,16.5,112,-28.8,-6,-50.6" /></mjloggm>