<mjloggm ver="2.3"><GO type="41" lobby="0"/><UN n0="%E2%93%9D%4C%75%63%6B%79%4A" n1="%E6%B5%85%E5%90%9F%E9%BB%92%E7%8C%AB" n2="%53%43%50%2D%31%30%36" n3="%62%75%6C%6C%73%68%69%74" dan="18,15,14,15" rate="2170.67,2111.34,1920.46,1976.68" sx="M,M,M,M"/><TAIKYOKU oya="0"/><INIT seed="0,0,0,1,5,100" ten="250,250,250,250" oya="0" hai0="14,123,126,84,67,106,13,58,16,135,83,96,101" hai1="81,6,17,30,134,69,29,43,114,57,1,40,71" hai2="50,42,121,116,124,98,125,46,122,92,68,25,18" hai3="23,85,88,24,74,52,102,45,79,53,12,97,70"/><T49/><D123/><N who="2" m="47114" /><F68/><W131/><G131/><T76/><D135/><U36/><E134/><V87/><F87/><W39/><G70/><T120/><D120/><U128/><E128/><V21/><F116/><W103/><G12/><T119/><D119/><U48/><E36/><V89/><F50/><W51/><G39/><T59/><D126/><N who="2" m="48746" /><F46/><W27/><G27/><T7/><D7/><U28/><E57/><V72/><F42/><W61/><G74/><AGARI ba="0,0" hai="18,21,25,72,74,89,92,98" m="48746,47114" machi="74" ten="30,1000,0" yaku="18,1" doraHai="100" who="2" fromWho="3" sc="250,0,250,0,250,10,250,-10" /><INIT seed="1,0,0,5,3,26" ten="250,250,260,240" oya="1" hai0="66,55,133,59,118,115,12,25,14,45,101,3,33" hai1="15,42,47,7,73,65,67,72,30,1,61,131,43" hai2="8,46,28,78,112,52,119,17,50,24,123,76,116" hai3="105,36,32,58,19,93,74,40,86,135,108,53,134"/><U77/><E131/><V104/><F123/><W6/><G105/><T81/><D3/><U103/><E103/><V85/><F104/><W127/><G74/><T10/><D115/><U20/><E43/><V71/><F71/><W90/><G108/><T88/><D118/><U69/><E67/><V124/><F112/><W41/><G127/><T64/><D14/><U62/><E62/><V91/><F124/><W110/><G110/><T80/><D133/><N who="3" m="50697" /><G36/><T48/><D101/><U2/><E2/><V29/><F119/><W4/><G32/><T49/><D25/><U125/><E125/><V106/><F106/><W0/><G19/><N who="0" m="8599" /><D33/><U92/><E1/><V27/><F116/><W79/><G79/><N who="2" m="30249" /><F8/><N who="3" m="2055" /><G6/><T35/><D35/><U23/><E77/><V97/><F97/><W39/><G39/><T94/><D66/><U21/><E72/><V122/><F122/><W100/><G100/><T96/><D64/><U34/><E73/><V95/><F24/><W121/><G121/><T31/><D31/><U120/><E34/><V107/><F107/><W83/><G83/><T87/><D96/><U98/><E120/><V128/><F128/><W13/><G13/><T57/><D81/><U11/><E30/><V54/><F54/><W56/><G56/><N who="0" m="32879" /><D80/><U22/><N who="1" m="5120" /><DORA hai="84" /><U82/><E82/><V117/><F117/><W44/><G44/><T130/><D130/><U68/><E47/><V102/><F102/><W114/><G114/><T51/><D45/><U89/><REACH who="1" step="1"/><E42/><REACH who="1" ten="250,240,260,240" step="2"/><V18/><F27/><W63/><AGARI ba="0,1" hai="40,41,53,58,63,86,90,93" m="2055,50697" machi="63" ten="30,2000,0" yaku="20,1,52,1" doraHai="26,84" who="3" fromWho="3" sc="250,-5,240,-10,260,-5,240,30" /><INIT seed="2,0,0,0,3,88" ten="245,230,255,270" oya="2" hai0="45,131,104,124,24,48,101,66,110,127,102,126,122" hai1="13,97,96,120,30,85,123,23,18,57,114,7,33" hai2="87,40,64,22,3,8,41,99,29,84,16,21,6" hai3="113,74,9,100,42,43,47,106,28,111,58,103,135"/><V5/><F64/><W17/><G74/><T72/><D122/><N who="1" m="46635" /><E114/><V59/><F29/><W118/><G118/><T115/><D115/><U50/><E7/><V89/><F6/><W81/><G111/><T0/><D72/><U67/><E85/><V117/><F117/><W109/><G109/><T19/><D131/><U75/><E75/><V71/><F71/><W52/><G113/><T15/><D0/><U60/><E50/><V51/><F99/><W35/><G106/><T128/><D104/><U134/><E134/><V68/><F68/><W27/><G81/><T62/><D24/><AGARI ba="0,0" hai="13,18,23,24,30,33,57,60,67,96,97" m="46635" machi="24" ten="30,1000,0" yaku="13,1" doraHai="88" who="1" fromWho="0" sc="245,-10,230,10,255,0,270,0" /><INIT seed="3,0,0,3,1,76" ten="235,240,255,270" oya="3" hai0="71,5,19,22,86,102,17,16,3,103,130,74,33" hai1="129,69,93,65,47,92,113,119,27,63,13,101,131" hai2="39,12,73,97,110,50,60,41,54,40,58,90,20" hai3="79,59,106,109,134,89,67,26,121,100,88,38,120"/><W78/><G38/><T117/><D74/><U51/><E113/><V32/><F32/><W55/><G67/><T114/><D117/><U135/><E119/><V111/><F73/><W107/><G26/><T35/><D71/><U112/><E112/><V82/><F39/><W49/><G49/><T118/><D130/><N who="1" m="49675" /><E135/><V8/><F20/><W11/><G11/><T108/><D108/><N who="2" m="41514" /><F60/><W23/><G23/><T77/><D114/><U30/><E13/><V10/><F10/><W46/><G46/><T99/><D35/><N who="1" m="20959" /><E101/><V96/><F96/><W42/><G59/><T28/><D99/><U0/><E0/><V25/><F25/><W34/><G34/><T37/><D33/><U21/><E21/><V14/><F14/><W56/><G56/><T83/><D118/><U85/><E85/><N who="2" m="50487" /><F97/><W7/><G7/><AGARI ba="0,0" hai="7,8,12,40,41,50,54,58" m="50487,41514" machi="7" ten="30,2000,0" yaku="14,1,52,1" doraHai="76" who="2" fromWho="3" sc="235,0,240,0,255,20,270,-20" /><INIT seed="4,0,0,3,5,58" ten="235,240,275,250" oya="0" hai0="45,46,49,55,67,59,57,24,75,34,33,69,92" hai1="106,71,88,20,91,131,84,29,70,83,100,26,122" hai2="4,5,108,87,30,0,12,51,109,90,50,54,31" hai3="72,68,7,113,116,121,61,6,124,126,18,117,96"/><T19/><D75/><U73/><E122/><V128/><F128/><W60/><G72/><T115/><D115/><U10/><E131/><V129/><F129/><W15/><G121/><T37/><D92/><U47/><E73/><V41/><F41/><W77/><G77/><T102/><D102/><U17/><E47/><V101/><F101/><W107/><G113/><T94/><D94/><U103/><E91/><V112/><F112/><W44/><G44/><T133/><D19/><U43/><E43/><V9/><F0/><W22/><G96/><T130/><D24/><U123/><E123/><V63/><F63/><N who="3" m="24139" /><G68/><T35/><D130/><U76/><E70/><V39/><F4/><N who="3" m="1579" /><G107/><T135/><D69/><U74/><E71/><V97/><F97/><W95/><G95/><T85/><D67/><U56/><E106/><V2/><F2/><W16/><G18/><T120/><D120/><U23/><E17/><V8/><F8/><W40/><G40/><N who="0" m="22799" /><D85/><U13/><E84/><V25/><F39/><W125/><AGARI ba="0,0" hai="15,16,22,116,117,124,125,126" m="1579,24139" machi="125" ten="40,8000,1" yaku="18,1,52,3,54,1" doraHai="58" who="3" fromWho="3" sc="235,-40,240,-20,275,-20,250,80" /><INIT seed="5,0,0,4,5,78" ten="195,220,255,330" oya="1" hai0="93,86,7,8,36,27,38,10,79,133,63,11,123" hai1="127,92,111,90,41,44,39,30,101,65,1,5,87" hai2="40,128,94,98,46,48,116,121,14,73,59,62,95" hai3="34,57,122,23,108,103,74,96,58,85,64,60,112"/><U72/><E72/><V83/><F116/><W15/><G34/><T120/><D7/><U43/><E127/><V0/><F0/><W75/><G122/><N who="0" m="46635" /><D63/><U81/><E111/><V110/><F121/><W31/><G108/><T70/><D70/><U104/><E104/><V16/><F110/><W107/><G112/><T45/><D45/><U35/><E65/><V66/><F128/><W54/><G85/><T13/><D27/><U113/><E113/><V135/><F135/><W97/><G97/><T115/><D115/><U20/><E35/><V130/><F130/><W18/><G31/><T32/><D32/><U69/><E69/><V102/><F95/><W77/><G77/><T100/><D13/><U131/><E131/><V134/><F134/><W26/><G15/><T80/><D133/><U22/><E30/><V106/><F106/><W67/><G67/><T42/><D42/><U49/><E41/><V71/><F71/><W9/><G9/><N who="0" m="2307" /><T55/><DORA hai="37" /><D55/><U6/><E1/><V88/><F73/><W25/><G25/><T84/><D100/><U12/><E39/><V126/><F126/><W76/><G76/><T82/><D93/><U56/><E12/><V21/><F102/><W118/><G75/><T3/><D3/><U99/><REACH who="1" step="1"/><E56/><REACH who="1" ten="195,210,255,330" step="2"/><V132/><F132/><W17/><G74/><T51/><D38/><U114/><E114/><V4/><F4/><AGARI ba="0,1" hai="4,5,6,20,22,43,44,49,81,87,90,92,99,101" machi="4" ten="40,18000,2" yaku="1,1,8,1,52,2,53,2" doraHai="78,37" doraHaiUra="19,29" who="1" fromWho="2" sc="195,0,210,190,255,-180,330,0" /><INIT seed="5,1,0,0,0,108" ten="195,400,75,330" oya="1" hai0="23,79,70,106,86,88,13,95,117,48,81,114,1" hai1="129,58,33,121,51,124,11,54,38,125,34,29,24" hai2="57,68,5,25,94,83,56,105,133,67,109,110,122" hai3="135,97,103,21,71,100,75,115,15,31,77,27,47"/><U60/><E121/><V126/><F122/><W39/><G71/><T65/><D1/><U112/><E38/><V59/><F105/><W44/><G135/><T82/><D117/><U119/><E129/><V2/><F133/><W52/><G103/><T35/><D35/><U134/><E119/><V40/><F126/><W80/><G39/><T37/><D37/><U0/><E34/><V120/><F120/><W96/><G96/><T30/><D106/><U131/><E131/><V113/><F40/><W116/><G116/><T8/><D114/><U98/><E112/><V128/><F128/><W64/><G64/><T104/><D104/><U43/><E98/><V85/><F94/><W17/><G52/><T45/><D65/><U74/><E74/><V89/><F113/><W10/><REACH who="3" step="1"/><G115/><REACH who="3" ten="195,400,75,320" step="2"/><T102/><D102/><U18/><E134/><V84/><F67/><W20/><G20/><T12/><D70/><U6/><E54/><V78/><F68/><W99/><G99/><T62/><D23/><U50/><E33/><V91/><F110/><W66/><G66/><T61/><D8/><U63/><E11/><V36/><F109/><W111/><G111/><T32/><D32/><U16/><E124/><V90/><F36/><W69/><G69/><T55/><D55/><U73/><E125/><V4/><F2/><W41/><G41/><T42/><D42/><U93/><E43/><V123/><F123/><W107/><AGARI ba="1,1" hai="10,15,17,21,27,31,44,47,75,77,80,97,100,107" machi="107" ten="20,2700,0" yaku="1,1,0,1,7,1,53,0" doraHai="108" doraHaiUra="3" who="3" fromWho="3" sc="195,-8,400,-14,75,-8,320,40" /><INIT seed="6,0,0,1,5,128" ten="187,386,67,360" oya="2" hai0="56,95,135,68,110,124,86,19,66,54,43,130,94" hai1="63,127,132,31,61,9,74,6,113,26,0,93,37" hai2="83,121,92,105,49,116,48,2,126,28,59,96,52" hai3="125,42,39,109,21,81,60,112,25,10,106,72,75"/><V114/><F116/><W30/><G109/><T103/><D110/><U89/><E74/><V108/><F121/><W77/><G106/><T55/><D68/><U14/><E37/><V15/><F108/><W111/><G111/><T12/><D43/><U44/><E113/><V67/><F2/><W3/><G125/><T23/><D130/><U24/><E127/><V16/><F105/><W131/><G131/><T120/><D120/><U29/><E132/><V90/><F126/><W71/><G72/><T18/><D135/><U40/><E26/><V102/><F114/><W119/><G119/><T82/><D19/><U118/><E0/><V58/><F28/><W4/><G112/><T38/><D38/><U50/><E118/><V62/><F49/><W27/><G27/><T53/><D103/><U107/><E107/><V97/><F83/><W46/><G60/><N who="1" m="23114" /><E24/><V70/><F70/><AGARI ba="0,0" hai="3,4,10,21,25,30,39,42,46,70,71,75,77,81" machi="70" ten="40,2600,0" yaku="25,2" doraHai="128" who="3" fromWho="2" sc="187,0,386,0,67,-26,360,26" /><INIT seed="7,0,0,2,5,4" ten="187,386,41,386" oya="3" hai0="69,37,28,82,20,27,25,109,111,48,54,0,70" hai1="68,13,84,51,75,118,19,127,107,71,1,119,89" hai2="102,38,113,74,6,135,36,72,125,66,115,83,47" hai3="39,99,88,35,67,59,122,129,108,9,103,121,56"/><W16/><G35/><T7/><D37/><N who="2" m="14442" /><F66/><W114/><G39/><T94/><D82/><N who="1" m="49303" /><E75/><N who="2" m="28715" /><F83/><W60/><G114/><N who="2" m="43529" /><F102/><W117/><G117/><T79/><D79/><U55/><E118/><V23/><F6/><W104/><G129/><T8/><D94/><U29/><E119/><V5/><F5/><W92/><G108/><T80/><D80/><U42/><E107/><V14/><F14/><W90/><G90/><T26/><D27/><U65/><E65/><V106/><F23/><W73/><G73/><T81/><D81/><U45/><E1/><V15/><F15/><W34/><G34/><T61/><D26/><U132/><E29/><V43/><F106/><W110/><G110/><T131/><D111/><U100/><E100/><V41/><F47/><W21/><G59/><T78/><D20/><N who="1" m="11375" /><E127/><V50/><F50/><W22/><G22/><T76/><D48/><U3/><E3/><V105/><F105/><W98/><G9/><T86/><D8/><U44/><E132/><V97/><F97/><W11/><G11/><T33/><D0/><U58/><E68/><N who="0" m="26217" /><D7/><U49/><E71/><V64/><F64/><W46/><G46/><AGARI ba="0,0" hai="42,44,45,46,49,51,55,58" m="11375,49303" machi="46" ten="30,1000,0" yaku="8,1" doraHai="4" who="1" fromWho="3" sc="187,0,386,10,41,0,386,-10" owari="187,-21.3,396,49.6,41,-45.9,376,17.6" /></mjloggm>