<mjloggm ver="2.3"><GO type="41" lobby="0"/><UN n0="%59%6F%75%6E%65" n1="%70%6F%71%6F%71%6F" n2="%E5%BC%81%E5%BD%93%E3%81%AE%E3%81%8B%E3%81%BE%E3%81%88" n3="%E2%93%9D%4C%75%63%6B%79%4A" dan="14,14,15,18" rate="1908.27,2016.29,2020.17,2162.03" sx="F,M,M,M"/><TAIKYOKU oya="0"/><INIT seed="0,0,0,4,3,55" ten="250,250,250,250" oya="0" hai0="3,56,29,64,134,122,22,4,26,51,107,39,6" hai1="15,90,17,82,28,60,31,61,67,118,8,119,105" hai2="87,50,127,71,66,113,110,101,33,58,80,102,14" hai3="0,98,93,24,38,72,11,18,10,70,106,135,104"/><T43/><D107/><U65/><E105/><V54/><F113/><W131/><G70/><T120/><D134/><U128/><E128/><V78/><F33/><W85/><G38/><T76/><D76/><U75/><E118/><V123/><F123/><W45/><G72/><T44/><D3/><U62/><E119/><V112/><F112/><W52/><G131/><T79/><D79/><U25/><E31/><V97/><F127/><W81/><G106/><T36/><D36/><U37/><E37/><V94/><F110/><W42/><G42/><T92/><D39/><U7/><E7/><V114/><F114/><W47/><G104/><T53/><D122/><U88/><E75/><V20/><F66/><W133/><G24/><T34/><D34/><U91/><REACH who="1" step="1"/><E82/><REACH who="1" ten="250,240,250,250" step="2"/><V21/><F71/><W19/><G81/><T103/><D120/><U41/><E41/><V108/><F108/><W121/><G121/><T126/><D43/><U1/><E1/><V74/><F74/><W99/><G0/><T89/><D126/><U116/><E116/><V95/><F14/><W46/><G135/><T27/><D27/><U129/><E129/><V9/><F9/><W57/><G11/><T96/><D89/><U2/><E2/><V49/><F49/><N who="3" m="30863" /><G133/><T5/><D4/><U100/><E100/><V132/><F132/><W115/><G115/><T40/><D40/><U16/><E16/><N who="3" m="6186" /><G10/><T69/><D69/><U109/><E109/><V12/><F12/><W84/><G93/><T117/><D117/><U68/><E68/><V32/><F32/><AGARI ba="0,1" hai="8,15,17,25,28,32,60,61,62,65,67,88,90,91" machi="32" ten="40,2600,0" yaku="1,1,54,1,53,0" doraHai="55" doraHaiUra="125" who="1" fromWho="2" sc="250,0,240,36,250,-26,250,0" /><INIT seed="1,0,0,2,4,36" ten="250,276,224,250" oya="1" hai0="47,9,121,108,111,135,50,103,76,59,16,55,45" hai1="54,51,133,30,73,112,53,114,116,95,123,100,11" hai2="110,27,86,131,113,63,120,78,81,29,61,115,69" hai3="125,109,4,60,38,105,122,130,97,119,92,49,25"/><U134/><E73/><V58/><F120/><W127/><G38/><T101/><D76/><U2/><E123/><V82/><F110/><N who="0" m="42026" /><D135/><N who="1" m="51723" /><E116/><V93/><F131/><W35/><G4/><T91/><D91/><U28/><E2/><V40/><F93/><W12/><G12/><N who="0" m="7183" /><D121/><U18/><E11/><V85/><F69/><W0/><G0/><T94/><D94/><U99/><E18/><V34/><F40/><W126/><G119/><T88/><D88/><N who="1" m="55783" /><E53/><V37/><F37/><W77/><G109/><T98/><D98/><U128/><E100/><AGARI ba="0,0" hai="45,47,50,55,59,100,101,103" m="7183,42026" machi="100" ten="30,2000,0" yaku="14,1,54,1" doraHai="36" who="0" fromWho="1" sc="250,20,276,-20,224,0,250,0" /><INIT seed="2,0,0,2,4,57" ten="270,256,224,250" oya="2" hai0="111,92,13,131,130,43,123,124,88,96,66,18,87" hai1="38,99,33,17,19,47,29,104,5,9,125,3,52" hai2="75,90,94,31,135,54,46,116,63,100,78,69,93" hai3="53,44,6,81,34,107,115,112,97,23,126,50,101"/><V56/><F116/><W127/><G34/><T36/><D36/><U118/><E118/><V8/><F135/><W0/><G23/><T48/><D123/><U119/><E119/><V121/><F121/><W85/><G6/><T67/><D111/><U113/><E113/><N who="3" m="43594" /><G0/><T25/><D25/><U10/><E125/><N who="3" m="47626" /><G85/><T86/><D124/><U122/><E122/><V49/><F75/><W71/><G81/><T26/><D26/><U58/><E9/><V60/><F78/><W95/><G71/><T84/><D43/><U117/><E117/><V105/><F105/><AGARI ba="0,0" hai="44,50,53,95,97,101,105,107" m="47626,43594" machi="105" ten="30,2000,0" yaku="11,1,18,1" doraHai="57" who="3" fromWho="2" sc="270,0,256,0,224,-20,250,20" /><INIT seed="3,0,0,4,5,30" ten="270,256,204,270" oya="3" hai0="14,89,91,69,64,4,108,100,12,76,51,101,96" hai1="10,128,19,47,13,102,42,115,5,84,45,43,105" hai2="50,80,82,77,135,53,3,24,119,127,34,120,92" hai3="123,94,134,133,54,38,98,121,37,130,44,60,46"/><W1/><G1/><T88/><D69/><U70/><E115/><V59/><F3/><W112/><G94/><T7/><D64/><U87/><E70/><V61/><F127/><W114/><G98/><T75/><D108/><U107/><E128/><V72/><F120/><W86/><G86/><T118/><D75/><U67/><E67/><V122/><F122/><W35/><G35/><T56/><D76/><U20/><E107/><V17/><F119/><W109/><G54/><N who="0" m="31839" /><D96/><U49/><E102/><N who="0" m="39529" /><D118/><U39/><REACH who="1" step="1"/><E105/><REACH who="1" ten="270,246,204,270" step="2"/><V25/><F135/><W65/><G65/><T9/><D9/><U63/><E63/><V52/><F61/><W113/><G60/><T78/><D78/><U95/><E95/><V8/><F92/><W55/><G114/><T18/><D18/><U6/><E6/><AGARI ba="0,1" hai="4,6,7,12,14,88,89,91" m="39529,31839" machi="6" ten="30,2000,0" yaku="8,1,54,1" doraHai="30" who="0" fromWho="1" sc="270,30,246,-20,204,0,270,0" /><INIT seed="4,0,0,0,3,41" ten="300,226,204,270" oya="0" hai0="127,23,77,43,107,83,130,86,65,34,92,74,115" hai1="58,96,76,119,93,109,47,80,9,89,73,26,59" hai2="7,64,75,71,16,55,131,82,85,54,105,118,1" hai3="63,12,108,98,68,99,20,38,50,114,61,123,97"/><T3/><D3/><U46/><E119/><V5/><F105/><W81/><G38/><T94/><D65/><U18/><E109/><V10/><F118/><W52/><G108/><T104/><D34/><U125/><E125/><V113/><F7/><W79/><G114/><T24/><D127/><U128/><E128/><V120/><F120/><W100/><G68/><T116/><D116/><U51/><E9/><V66/><F66/><W91/><G91/><T15/><D15/><U42/><REACH who="1" step="1"/><E47/><REACH who="1" ten="300,216,204,270" step="2"/><V36/><F131/><W40/><G123/><T31/><D130/><U70/><E70/><V53/><F71/><W112/><G112/><T110/><D115/><U11/><E11/><V4/><F113/><W124/><G124/><T102/><D110/><U48/><E48/><V78/><F36/><W39/><G39/><T29/><D43/><U56/><E56/><V72/><F4/><W30/><G40/><T2/><D2/><U90/><E90/><V132/><F132/><W129/><G129/><T121/><D121/><U21/><AGARI ba="0,1" hai="18,21,26,42,46,51,58,59,73,76,80,89,93,96" machi="21" ten="30,7900,0" yaku="1,1,0,1,52,1,53,1" doraHai="41" doraHaiUra="88" who="1" fromWho="1" sc="300,-39,216,89,204,-20,270,-20" /><INIT seed="5,0,0,1,0,119" ten="261,305,184,250" oya="1" hai0="82,0,34,120,37,95,78,56,110,122,16,42,54" hai1="118,87,76,103,13,43,2,75,91,60,99,114,35" hai2="9,121,21,90,130,134,62,125,67,69,93,129,4" hai3="85,123,94,63,111,45,65,108,29,77,96,36,81"/><U28/><E2/><V19/><F125/><W17/><G29/><T112/><D34/><U38/><E118/><V68/><F134/><W98/><G98/><T105/><D105/><U89/><E114/><V88/><F69/><W133/><G133/><T5/><D112/><U26/><E38/><V80/><F80/><W113/><G113/><T11/><D95/><U49/><E75/><V74/><F74/><W73/><G17/><T127/><D127/><U1/><E1/><V25/><F93/><W33/><G33/><T58/><D110/><U126/><E13/><V32/><F32/><W6/><G6/><T51/><D16/><U83/><E126/><V64/><F64/><W8/><G8/><T57/><D57/><U39/><E39/><V18/><F18/><W79/><G79/><T50/><D58/><U59/><E49/><V61/><F61/><W117/><G117/><T14/><D0/><U55/><REACH who="1" step="1"/><E43/><REACH who="1" ten="261,295,184,250" step="2"/><V22/><F9/><W72/><G73/><T20/><D37/><U86/><E86/><V124/><F124/><W41/><G72/><T116/><D116/><U97/><E97/><V7/><F129/><W44/><G41/><T47/><D20/><U23/><E23/><V46/><F130/><W3/><G3/><T102/><D102/><U53/><E53/><V70/><F22/><W40/><G40/><T30/><D30/><U106/><AGARI ba="0,1" hai="26,28,35,55,59,60,76,83,87,89,91,99,103,106" machi="106" ten="20,3900,0" yaku="1,1,0,1,7,1,53,0" doraHai="119" doraHaiUra="71" who="1" fromWho="1" sc="261,-13,295,49,184,-13,250,-13" /><INIT seed="5,1,0,5,3,134" ten="248,344,171,237" oya="1" hai0="113,19,78,118,122,12,127,14,124,42,0,57,58" hai1="5,131,4,43,100,80,70,3,34,68,33,66,76" hai2="110,83,94,89,98,79,38,65,16,39,29,71,77" hai3="20,97,23,62,67,72,112,37,15,86,36,8,30"/><U121/><E121/><V114/><F110/><W69/><G72/><T53/><D0/><U17/><E17/><V13/><F29/><W59/><G69/><T47/><D122/><U9/><E5/><V99/><F114/><W60/><G112/><T133/><D133/><U101/><E101/><V102/><F65/><W116/><G116/><T96/><D118/><U129/><E100/><V46/><F71/><N who="1" m="27177" /><E43/><V84/><F46/><W64/><G97/><T123/><D96/><U73/><E66/><V52/><F52/><W54/><G37/><T25/><D123/><U88/><E88/><V2/><F2/><W128/><G36/><T105/><D42/><U90/><E90/><V74/><F79/><W117/><G128/><AGARI ba="1,0" hai="3,4,9,33,34,73,76,80,128,129,131" m="27177" machi="128" ten="30,2900,0" yaku="19,1,23,1" doraHai="134" who="1" fromWho="3" sc="248,0,344,32,171,0,237,-32" /><INIT seed="5,2,0,4,4,37" ten="248,376,171,205" oya="1" hai0="111,17,91,104,31,16,82,61,128,73,62,22,9" hai1="45,50,118,67,28,123,7,21,122,106,87,34,77" hai2="78,120,8,125,48,134,72,68,10,29,117,11,56" hai3="103,46,42,94,100,110,112,70,74,121,84,88,25"/><U4/><E34/><V83/><F120/><W58/><G121/><T71/><D104/><U55/><E118/><V80/><F117/><W93/><G70/><T107/><D111/><U90/><E106/><V76/><F68/><W53/><G74/><T81/><D71/><U2/><E2/><V116/><F116/><W15/><G110/><T19/><D128/><U86/><E67/><V1/><F125/><W12/><G25/><N who="0" m="16823" /><D73/><U43/><E122/><V20/><F134/><W18/><G112/><T52/><D107/><U49/><E77/><V3/><F20/><W127/><G94/><T13/><D62/><U60/><E60/><V119/><F29/><W130/><G130/><T95/><D61/><U38/><E38/><V102/><F119/><W114/><G114/><T26/><D52/><U47/><E86/><V66/><F66/><W14/><G18/><N who="0" m="7275" /><D26/><N who="1" m="16463" /><E123/><V69/><F69/><W5/><G127/><T89/><D89/><U54/><E55/><N who="2" m="31847" /><F102/><W30/><G30/><T115/><D115/><U98/><E98/><AGARI ba="2,0" hai="9,13,19,81,82,91,95,98" m="7275,16823" machi="98" ten="30,2000,0" yaku="8,1,54,1" doraHai="37" who="0" fromWho="1" sc="248,26,376,-26,171,0,205,0" /><INIT seed="6,0,0,5,4,1" ten="274,350,171,205" oya="2" hai0="112,34,100,87,128,71,69,61,2,53,88,102,55" hai1="13,27,116,17,95,47,5,66,123,44,97,7,35" hai2="130,14,54,12,6,124,106,49,22,75,103,28,107" hai3="39,118,3,115,125,108,105,19,46,126,36,83,93"/><V11/><F75/><W33/><G33/><T42/><D34/><U70/><E116/><V121/><F121/><W32/><G32/><T110/><D110/><U81/><E123/><V131/><F124/><W24/><G93/><T20/><D2/><U113/><E113/><V4/><F28/><W78/><G105/><T82/><D128/><N who="2" m="49194" /><F22/><W43/><G118/><T51/><D71/><U18/><E70/><V91/><F91/><W68/><G68/><T79/><D79/><U41/><E66/><V56/><F103/><W119/><G115/><T63/><D69/><U122/><E122/><V94/><F94/><W90/><G90/><T98/><D20/><N who="1" m="13711" /><E81/><V23/><F23/><W99/><G83/><T26/><D26/><U21/><E41/><V10/><AGARI ba="0,0" hai="4,6,10,11,12,14,49,54,56,106,107" m="49194" machi="10" ten="30,6000,0" yaku="19,1,52,2" doraHai="1" who="2" fromWho="2" sc="274,-20,350,-20,171,60,205,-20" /><INIT seed="6,1,0,1,0,115" ten="254,330,231,185" oya="2" hai0="55,11,33,42,63,32,123,24,86,92,100,49,40" hai1="69,131,6,107,31,122,7,135,37,111,58,124,66" hai2="2,109,133,75,104,36,105,106,72,103,5,132,73" hai3="67,4,59,3,126,43,21,94,101,127,71,90,70"/><V97/><F36/><W113/><G101/><T19/><D32/><U12/><E111/><V61/><F61/><W51/><G4/><T129/><D33/><U87/><E69/><N who="3" m="26122" /><G3/><T112/><D112/><U28/><E131/><V114/><F114/><W34/><G21/><T98/><D63/><U46/><E124/><N who="3" m="47658" /><G34/><T47/><D123/><U13/><E46/><V76/><F5/><W25/><G25/><T23/><D129/><U30/><E58/><V1/><F109/><W57/><G113/><T48/><D11/><U82/><E107/><V78/><F97/><N who="3" m="57559" /><G67/><T17/><D19/><U22/><E66/><V74/><N who="2" m="18432" /><DORA hai="45" /><V62/><F103/><W120/><G120/><T26/><D26/><U38/><E6/><V77/><REACH who="2" step="1"/><F62/><REACH who="2" ten="254,330,221,185" step="2"/><W20/><G20/><T50/><D86/><U60/><E87/><V102/><F102/><W116/><G116/><T54/><D40/><U119/><E119/><V125/><F125/><W93/><G43/><T15/><REACH who="0" step="1"/><D15/><REACH who="0" ten="244,330,221,185" step="2"/><U53/><E13/><V110/><F110/><W121/><G121/><T64/><D64/><U130/><E12/><V35/><F35/><W83/><G83/><T65/><D65/><U85/><E82/><V88/><F88/><W117/><G117/><T18/><D18/><U27/><E122/><V99/><F99/><W52/><G93/><T128/><D128/><U9/><E130/><V39/><F39/><AGARI ba="1,2" hai="17,23,24,39,42,47,48,49,50,54,55,92,98,100" machi="39" ten="40,8000,1" yaku="1,1,52,3,53,0" doraHai="115,45" doraHaiUra="29,118" who="0" fromWho="2" sc="244,103,330,0,221,-83,185,0" /><INIT seed="7,0,0,0,1,42" ten="347,330,138,185" oya="3" hai0="134,33,115,64,7,94,66,83,82,125,108,120,97" hai1="57,80,117,1,101,129,48,67,55,69,127,135,46" hai2="25,5,24,95,0,90,126,56,116,6,86,40,85" hai3="14,34,87,121,100,32,21,106,88,59,4,76,2"/><W10/><G121/><T13/><D33/><U68/><E1/><V11/><F116/><W84/><G76/><T61/><D120/><U9/><E117/><V47/><F126/><W77/><G77/><T3/><D125/><U58/><E127/><V78/><F6/><W104/><G87/><T62/><D3/><U75/><E101/><V54/><F85/><W133/><G133/><T111/><D7/><U71/><E135/><V118/><F118/><W74/><G74/><T23/><D13/><U110/><E110/><V123/><F123/><W122/><G122/><T51/><D23/><U27/><E67/><V113/><F113/><W79/><G79/><T89/><D115/><U130/><E9/><V102/><F102/><W53/><G34/><T12/><D12/><U26/><E80/><N who="0" m="30761" /><D134/><U44/><E75/><V31/><F31/><W19/><G32/><T65/><D108/><U70/><E70/><V41/><F41/><W39/><G39/><T22/><D22/><U49/><E69/><V132/><F78/><W72/><G100/><T119/><D111/><U17/><E55/><V37/><REACH who="2" step="1"/><F132/><REACH who="2" ten="347,330,128,185" step="2"/><W124/><G124/><T60/><D119/><U50/><E130/><V128/><F128/><W91/><G72/><T29/><D29/><U98/><E129/><V20/><F20/><W63/><G91/><T36/><D36/><U8/><E8/><V52/><F52/><W96/><G96/><T38/><D38/><U109/><E98/><V45/><F45/><N who="1" m="17513" /><E109/><V93/><F93/><AGARI ba="0,1" hai="2,4,10,14,19,21,53,59,63,84,88,93,104,106" machi="93" ten="30,2900,0" yaku="7,1,54,1" doraHai="42" who="3" fromWho="2" sc="347,0,330,0,128,-29,185,39" /><INIT seed="7,1,0,1,1,42" ten="347,330,99,224" oya="3" hai0="7,55,127,23,45,107,43,79,98,62,135,119,78" hai1="124,93,101,66,113,95,111,18,90,39,104,115,5" hai2="21,44,91,87,125,14,77,96,38,30,51,128,100" hai3="92,6,20,73,76,28,106,53,19,132,9,109,34"/><W116/><G106/><T112/><D7/><U1/><E111/><V12/><F125/><W134/><G92/><T69/><D135/><N who="3" m="51753" /><G76/><T117/><D127/><U103/><E124/><V24/><F128/><W68/><G68/><T50/><D117/><U84/><E39/><V61/><F38/><W75/><G53/><T41/><D119/><U25/><E104/><V89/><F77/><W15/><G116/><T37/><D112/><N who="1" m="43083" /><E66/><V71/><F71/><W72/><G109/><T131/><D131/><U80/><E5/><V56/><F87/><W133/><N who="3" m="51761" /><W64/><DORA hai="82" /><G64/><N who="0" m="41111" /><D41/><U3/><E95/><V63/><F63/><W22/><G6/><T102/><D23/><N who="3" m="8745" /><G28/><T48/><D48/><U57/><E93/><V118/><F118/><W36/><G36/><T97/><D97/><U114/><E114/><V130/><F130/><W65/><G65/><T47/><D79/><U99/><E99/><V27/><F96/><W86/><G34/><T105/><D78/><U32/><E32/><V126/><F126/><W88/><G88/><T110/><D110/><U59/><E103/><V122/><F100/><W81/><G81/><T2/><D105/><U83/><E80/><V123/><F89/><W40/><G40/><T85/><D85/><AGARI ba="1,0" hai="9,15,19,72,73,75,85,86" m="8745,51761" machi="85" ten="50,9600,0" yaku="20,1,52,2" doraHai="42,82" who="3" fromWho="0" sc="347,-99,330,0,99,0,224,99" /><INIT seed="7,2,0,2,5,124" ten="248,330,99,323" oya="3" hai0="39,30,83,107,99,36,112,38,63,127,91,114,29" hai1="88,13,40,89,5,31,21,122,42,67,58,121,87" hai2="94,50,10,86,132,2,34,51,57,1,28,62,56" hai3="18,131,11,75,43,77,44,16,105,47,48,109,27"/><W0/><G105/><T53/><D83/><N who="1" m="49279" /><E122/><V85/><F132/><W98/><G131/><T37/><N who="0" m="9216" /><DORA hai="55" /><T116/><D91/><U41/><E121/><V90/><F28/><W82/><G109/><T81/><D81/><U46/><E89/><V102/><F90/><W134/><G134/><T119/><D127/><U72/><E72/><V92/><F10/><W61/><G47/><T101/><D30/><U68/><E68/><V65/><F62/><W33/><G98/><T123/><D29/><U74/><E74/><V125/><F125/><W12/><G0/><T3/><D123/><U66/><E58/><V7/><F7/><W100/><G100/><T19/><D19/><N who="1" m="10479" /><E5/><V6/><F6/><W26/><G33/><T49/><D63/><U9/><E9/><V73/><F73/><W129/><G129/><T96/><D96/><U60/><E60/><V70/><F70/><W113/><G113/><N who="0" m="43627" /><D3/><U135/><E135/><V115/><F115/><W35/><G35/><T104/><D104/><U23/><E46/><V76/><F102/><W52/><REACH who="3" step="1"/><G18/><REACH who="3" ten="248,330,99,313" step="2"/><T108/><D108/><U111/><E111/><V78/><REACH who="2" step="1"/><F34/><REACH who="2" ten="248,330,89,313" step="2"/><W45/><G45/><AGARI ba="2,2" hai="45,49,53,99,101,107,116,119" m="43627,9216" machi="45" ten="60,3900,0" yaku="15,1,11,1" doraHai="124,55" who="0" fromWho="3" sc="248,65,330,0,89,0,313,-45" owari="313,11.3,330,43.0,89,-41.1,268,-13.2" /></mjloggm>