<mjloggm ver="2.3"><GO type="41" lobby="0"/><UN n0="%E3%81%8B%E3%82%93%E3%81%9F%E3%82%8D%E3%81%86%EF%BC%A0%CF%89" n1="%E2%93%9D%4C%75%63%6B%79%4A" n2="%45%78%31%73%74" n3="%E3%82%A8%E3%83%A0%E3%82%BA%E3%82%AC%E3%83%BC%E3%83%87%E3%83%B3" dan="14,18,14,13" rate="1930.96,2164.47,1943.79,1842.41" sx="F,M,M,M"/><TAIKYOKU oya="0"/><INIT seed="0,0,0,3,3,45" ten="250,250,250,250" oya="0" hai0="76,24,55,135,51,3,38,42,104,10,118,61,66" hai1="14,92,82,109,2,29,125,59,52,32,53,90,16" hai2="132,19,133,86,40,121,108,48,54,88,129,94,39" hai3="106,56,28,5,115,44,101,73,70,26,134,78,22"/><T9/><D104/><U97/><E2/><V20/><F121/><W0/><G70/><T120/><D118/><U43/><E125/><V123/><F123/><W114/><G134/><N who="2" m="51817" /><F108/><W81/><G56/><T87/><D135/><U49/><E109/><V131/><F40/><W11/><REACH who="3" step="1"/><G44/><REACH who="3" ten="250,250,250,240" step="2"/><T79/><D120/><U93/><E43/><V89/><F39/><W25/><G25/><T110/><D42/><U127/><E127/><V91/><F129/><W95/><G95/><T68/><D38/><U64/><E93/><V27/><F131/><W96/><AGARI ba="0,1" hai="0,5,11,22,26,28,73,78,81,96,101,106,114,115" machi="96" ten="30,2000,0" yaku="1,1,0,1,53,0" doraHai="45" doraHaiUra="8" who="3" fromWho="3" sc="250,-10,250,-5,250,-5,240,30" /><INIT seed="1,0,0,3,4,30" ten="240,245,245,270" oya="1" hai0="111,21,88,58,49,128,100,115,127,51,57,113,25" hai1="99,80,9,82,106,116,112,93,96,60,24,42,117" hai2="101,84,72,54,125,91,18,63,132,17,131,35,22" hai3="20,70,4,94,76,50,55,10,3,48,86,71,59"/><U134/><E42/><V66/><F72/><W133/><G133/><T124/><D111/><U41/><E41/><V14/><F132/><W47/><G20/><T56/><D100/><U65/><E134/><V15/><F131/><W81/><REACH who="3" step="1"/><G94/><REACH who="3" ten="240,245,245,260" step="2"/><T8/><D21/><U38/><E93/><V95/><F22/><W110/><G110/><T44/><D8/><U83/><E9/><V62/><F95/><W5/><G5/><T85/><D128/><U61/><E117/><V32/><F18/><W74/><G74/><T121/><D121/><U114/><E116/><V36/><F17/><W19/><G19/><T37/><D115/><U31/><E114/><V40/><F101/><W129/><G129/><T52/><D113/><U73/><E112/><V97/><F35/><W109/><G109/><T87/><D25/><U45/><E73/><V12/><F32/><W53/><AGARI ba="0,1" hai="3,4,10,47,48,50,53,55,59,70,71,76,81,86" machi="53" ten="20,2700,0" yaku="1,1,0,1,7,1,53,0" doraHai="30" doraHaiUra="104" who="3" fromWho="3" sc="240,-7,245,-13,245,-7,260,37" /><INIT seed="2,0,0,5,3,134" ten="233,232,238,297" oya="2" hai0="9,129,131,43,40,125,77,20,115,81,12,88,98" hai1="103,111,102,99,18,37,25,13,121,24,65,123,119" hai2="14,105,5,93,82,69,124,17,3,46,49,39,80" hai3="50,27,0,19,117,72,1,11,26,56,86,58,114"/><V70/><F105/><W84/><G117/><T126/><D115/><U62/><E37/><V108/><F39/><W68/><G68/><T55/><D20/><U107/><E103/><V110/><F3/><W71/><G71/><N who="2" m="27145" /><F5/><W57/><G72/><T21/><D21/><U78/><E78/><V79/><F93/><W33/><G114/><T15/><D55/><U44/><E111/><N who="2" m="42539" /><F79/><W66/><G66/><T96/><D77/><U128/><E128/><N who="0" m="49225" /><D15/><U47/><E119/><V85/><F85/><W89/><G86/><N who="0" m="50255" /><D98/><U83/><E99/><V48/><F48/><W135/><G135/><T32/><D32/><U2/><E107/><V113/><F113/><W127/><G50/><T122/><D122/><U45/><E123/><V38/><F38/><W67/><G67/><T116/><D116/><U36/><E65/><V53/><F124/><N who="0" m="47722" /><D96/><U60/><E36/><V112/><F112/><W8/><G127/><T94/><D94/><U41/><E121/><V90/><F90/><W92/><G33/><T106/><D106/><U97/><E97/><V31/><F31/><W130/><G130/><T22/><D22/><AGARI ba="0,0" hai="14,17,22,46,49,53,80,82" m="42539,27145" machi="22" ten="30,2900,0" yaku="14,1,10,1" doraHai="134" who="2" fromWho="0" sc="233,-29,232,0,238,29,297,0" /><INIT seed="2,1,0,0,4,101" ten="204,232,267,297" oya="2" hai0="43,51,117,106,20,74,125,105,75,87,24,50,8" hai1="46,92,100,1,80,19,103,94,130,99,120,133,42" hai2="55,17,91,127,60,30,86,5,47,28,52,134,10" hai3="54,123,48,58,131,63,90,4,116,16,113,2,25"/><V32/><F127/><W88/><G123/><T72/><D125/><U0/><E120/><V124/><F124/><W27/><G116/><T82/><D117/><U41/><E130/><V40/><F134/><W49/><G113/><T37/><D37/><U79/><E133/><V104/><F104/><W67/><G131/><T34/><D34/><U18/><E80/><V59/><F55/><W29/><G48/><T44/><D8/><U64/><E64/><V109/><F17/><W65/><G65/><T14/><D14/><U11/><E11/><V53/><F53/><W38/><G38/><T118/><D51/><U9/><E9/><V77/><F32/><W12/><G4/><T107/><D118/><U112/><E79/><V121/><F109/><W73/><G73/><T31/><REACH who="0" step="1"/><D72/><REACH who="0" ten="194,232,267,297" step="2"/><U78/><E112/><V111/><F121/><W26/><G2/><T135/><D135/><U102/><E1/><V62/><F111/><W119/><G119/><T22/><D22/><U70/><E0/><V126/><F126/><W21/><REACH who="3" step="1"/><G29/><REACH who="3" ten="194,232,267,287" step="2"/><T71/><D71/><AGARI ba="1,2" hai="12,16,21,25,26,27,49,54,58,63,67,71,88,90" machi="71" ten="40,8000,1" yaku="1,1,2,1,54,2,53,0" doraHai="101" doraHaiUra="129" who="3" fromWho="0" sc="194,-83,232,0,267,0,287,103" /><INIT seed="3,0,0,5,1,100" ten="111,232,267,390" oya="3" hai0="30,20,95,39,41,87,94,126,19,92,11,117,103" hai1="16,42,77,128,6,120,109,96,46,14,69,4,134" hai2="37,78,115,67,124,10,75,3,55,18,73,68,29" hai3="60,56,133,98,70,27,91,72,65,64,116,97,54"/><W35/><G116/><T88/><D126/><U2/><E69/><V34/><F115/><W101/><G72/><T62/><D117/><U61/><E120/><V26/><F124/><W63/><G133/><T1/><D30/><U84/><E2/><V85/><F37/><W44/><G91/><T21/><D21/><U71/><E109/><V83/><F55/><W57/><G44/><T28/><D28/><U53/><E128/><V89/><F68/><W25/><G35/><T132/><D132/><U135/><E96/><V32/><F67/><W119/><G98/><T110/><D110/><U80/><E135/><V102/><F34/><W8/><G8/><T104/><D62/><U112/><E112/><V7/><F102/><W33/><G33/><T125/><D125/><U36/><E134/><V0/><F0/><W82/><G82/><T52/><D52/><U107/><E107/><V76/><F18/><W127/><G127/><T9/><D1/><U50/><E71/><V48/><F48/><W108/><G108/><T122/><D104/><U51/><E61/><V45/><F45/><W43/><G43/><T31/><D103/><U105/><E105/><V130/><F130/><W38/><G38/><T86/><D31/><U12/><E14/><V40/><F40/><W93/><G119/><T131/><D131/><U17/><E36/><V114/><F114/><W22/><G22/><T47/><D122/><U58/><REACH who="1" step="1"/><E17/><REACH who="1" ten="111,222,267,390" step="2"/><V49/><F49/><AGARI ba="0,1" hai="25,27,49,54,56,57,60,63,64,65,70,93,97,101" machi="49" ten="30,1500,0" yaku="7,1" doraHai="100" who="3" fromWho="2" sc="111,0,222,0,267,-15,390,25" /><INIT seed="3,1,0,0,3,135" ten="111,222,252,415" oya="3" hai0="53,38,85,37,92,34,4,118,106,109,99,48,56" hai1="133,10,9,13,123,49,26,60,97,65,61,8,58" hai2="17,114,95,7,100,2,39,126,78,33,93,29,63" hai3="84,51,57,69,20,12,104,55,30,132,86,125,44"/><W83/><G69/><T121/><D109/><U127/><E123/><V50/><F39/><W105/><G132/><T80/><D118/><U102/><E133/><V11/><F114/><W131/><G131/><T79/><D34/><U40/><E61/><V21/><F78/><W18/><G125/><T54/><D121/><U74/><E74/><V111/><F111/><W91/><G30/><T76/><D76/><U98/><E98/><V25/><F100/><W87/><G44/><T120/><D120/><U107/><E26/><V46/><F63/><W134/><G134/><T19/><D4/><U68/><E127/><V35/><F35/><W15/><G15/><T81/><D81/><U43/><REACH who="1" step="1"/><E13/><REACH who="1" ten="111,212,252,415" step="2"/><N who="2" m="9391" /><F126/><W72/><G72/><T14/><D106/><U129/><E129/><V115/><F115/><W122/><G122/><T101/><REACH who="0" step="1"/><D54/><AGARI ba="1,1" hai="8,9,10,40,43,49,54,58,60,65,68,97,102,107" machi="54" ten="40,2600,0" yaku="1,1,53,1" doraHai="135" doraHaiUra="67" who="1" fromWho="0" sc="111,-29,212,39,252,0,415,0" /><AGARI ba="1,0" hai="2,7,11,25,29,33,46,50,54,93,95" m="9391" machi="54" ten="30,1000,0" yaku="24,1" doraHai="135" who="2" fromWho="0" sc="82,-10,251,0,252,10,415,0" /><INIT seed="4,0,0,4,5,134" ten="72,251,262,415" oya="0" hai0="51,61,129,14,126,111,82,27,83,123,19,37,25" hai1="79,47,60,53,28,117,50,100,103,30,112,85,33" hai2="113,81,127,63,93,18,84,65,26,116,114,59,132" hai3="73,11,15,88,120,133,124,109,69,55,44,31,71"/><T64/><D129/><U29/><E33/><V99/><F132/><W97/><G133/><T12/><D123/><U102/><E117/><V122/><F122/><W130/><G120/><T48/><D111/><U20/><E112/><N who="2" m="43115" /><F116/><W68/><G109/><T105/><D105/><U17/><E60/><V45/><F45/><W70/><G73/><T54/><D37/><U80/><REACH who="1" step="1"/><E17/><REACH who="1" ten="72,241,262,415" step="2"/><V23/><F18/><W2/><G130/><T86/><D19/><U108/><E108/><V101/><F23/><AGARI ba="0,1" hai="20,23,28,29,30,47,50,53,79,80,85,100,102,103" machi="23" ten="40,2600,0" yaku="1,1,8,1,53,0" doraHai="134" doraHaiUra="128" who="1" fromWho="2" sc="72,0,241,36,262,-26,415,0" /><INIT seed="5,0,0,0,2,100" ten="72,277,236,415" oya="1" hai0="6,118,105,135,66,87,1,43,2,30,67,16,89" hai1="131,32,14,53,18,25,56,15,133,4,125,103,132" hai2="130,126,74,129,91,124,40,106,63,37,82,110,111" hai3="48,84,36,61,24,45,107,88,47,19,94,116,73"/><U109/><E103/><V51/><F51/><W99/><G116/><T70/><D135/><N who="1" m="51787" /><E56/><V65/><F40/><W0/><G0/><T80/><D118/><U46/><E53/><V35/><F35/><W112/><G112/><T77/><D30/><N who="1" m="19535" /><E46/><V20/><F20/><W114/><G114/><T22/><D43/><U108/><E125/><N who="2" m="48235" /><F37/><W64/><G73/><T17/><D105/><U72/><E72/><V75/><F63/><W9/><G36/><T5/><D70/><U12/><E131/><N who="2" m="50187" /><F65/><W57/><G48/><T28/><D1/><U86/><E86/><N who="2" m="50647" /><F106/><W41/><G41/><T10/><D6/><U23/><E4/><V78/><F74/><W29/><G9/><T55/><D67/><U85/><E85/><V60/><F60/><W127/><G19/><T38/><D66/><U79/><E79/><V11/><F11/><W121/><G127/><T101/><D38/><U122/><E122/><V90/><F90/><W93/><G107/><T115/><D101/><U102/><E102/><V7/><F7/><W95/><G121/><T8/><D8/><U50/><E50/><V27/><F27/><AGARI ba="0,0" hai="12,14,15,18,23,27,108,109" m="19535,51787" machi="27" ten="30,5800,0" yaku="20,1,34,2" doraHai="100" who="1" fromWho="2" sc="72,0,277,58,236,-58,415,0" /><INIT seed="5,1,0,0,4,73" ten="72,335,178,415" oya="1" hai0="131,46,15,42,13,105,72,54,86,39,38,34,24" hai1="92,31,132,101,17,76,130,104,55,23,12,60,100" hai2="29,51,20,3,74,19,59,66,32,26,91,22,123" hai3="30,65,82,50,93,107,106,69,36,78,128,56,112"/><U8/><E104/><V122/><F74/><W79/><G36/><T41/><D131/><U103/><E130/><V67/><F3/><W125/><G128/><T1/><D105/><U135/><E31/><V63/><F32/><W77/><G69/><T121/><D72/><U52/><E92/><V10/><F10/><W28/><G107/><T2/><D121/><U25/><E76/><V88/><F66/><W18/><G106/><T117/><D54/><U95/><E95/><V99/><F99/><W27/><G125/><T94/><D117/><U127/><E127/><V43/><F123/><W48/><G82/><T61/><D61/><U71/><E71/><V33/><F33/><W97/><G112/><T64/><D64/><U37/><E37/><V70/><F122/><W111/><G111/><T120/><D120/><U40/><E40/><V58/><F70/><W44/><G18/><T14/><D2/><U89/><E89/><V81/><F81/><W0/><G0/><T115/><D1/><U133/><REACH who="1" step="1"/><E60/><REACH who="1" ten="72,325,178,415" step="2"/><V108/><F43/><N who="3" m="24607" /><G27/><T11/><D41/><U114/><E114/><V7/><F63/><N who="3" m="38119" /><G50/><T118/><D39/><U85/><E85/><V102/><F51/><W109/><G109/><T62/><D118/><U35/><E35/><V57/><F108/><W129/><G129/><T113/><D62/><U45/><E45/><V16/><F67/><W110/><G110/><T124/><D124/><U119/><E119/><V98/><F59/><W126/><G126/><T68/><D115/><U84/><E84/><V4/><F58/><W90/><AGARI ba="1,1" hai="28,30,77,78,79,90,93,97" m="38119,24607" machi="90" ten="30,7900,0" yaku="8,1,52,3" doraHai="73" who="3" fromWho="3" sc="72,-21,325,-40,178,-21,415,92" /><INIT seed="6,0,0,3,0,123" ten="51,285,157,507" oya="2" hai0="60,51,79,10,22,17,131,57,81,6,121,126,23" hai1="96,13,119,104,49,84,128,133,56,118,64,87,100" hai2="26,65,117,48,33,135,43,37,7,34,69,86,78" hai3="110,89,19,130,24,116,15,42,55,62,35,68,90"/><V31/><F117/><W2/><G2/><T1/><D131/><U109/><E128/><V47/><F135/><W14/><G116/><T70/><D126/><U53/><E133/><V40/><F7/><W94/><G130/><T27/><D70/><U103/><E103/><V129/><F129/><W28/><G42/><T74/><D51/><U30/><E109/><V88/><F78/><W91/><G110/><T99/><D23/><U63/><E30/><V39/><F33/><W82/><G82/><T105/><D121/><U92/><E104/><V111/><F111/><W112/><G112/><T50/><D50/><U3/><E3/><V108/><F108/><W32/><G32/><T124/><D124/><U67/><E67/><V93/><REACH who="2" step="1"/><F43/><REACH who="2" ten="51,285,147,507" step="2"/><W36/><G35/><T38/><D38/><U73/><E119/><V25/><F25/><W21/><G36/><T115/><D115/><U83/><E118/><V114/><F114/><W75/><G24/><T58/><REACH who="0" step="1"/><D60/><AGARI ba="0,1" hai="26,31,34,37,39,40,47,48,60,65,69,86,88,93" machi="60" ten="40,3900,0" yaku="1,1,54,1,53,0" doraHai="123" doraHaiUra="106" who="2" fromWho="0" sc="51,-39,285,0,147,49,507,0" /><INIT seed="6,1,0,1,2,69" ten="12,285,196,507" oya="2" hai0="5,75,126,92,125,57,49,105,116,18,86,74,26" hai1="40,2,60,17,35,41,110,10,63,100,78,9,87" hai2="33,24,8,67,25,130,122,121,85,55,66,81,1" hai3="52,123,15,83,29,13,79,73,58,48,77,70,65"/><V117/><F117/><W98/><G123/><T3/><D105/><U129/><E35/><V62/><F130/><W72/><G29/><T50/><D116/><U39/><E100/><V96/><F96/><W135/><G135/><T51/><D3/><U132/><E110/><V30/><F24/><W76/><G98/><T12/><D5/><U31/><E31/><V90/><F67/><W44/><G70/><T101/><D57/><U7/><E41/><V102/><F102/><W42/><G65/><T95/><D26/><U45/><E129/><V71/><REACH who="2" step="1"/><F55/><REACH who="2" ten="12,285,186,507" step="2"/><W124/><G52/><T56/><D56/><U118/><E118/><V32/><F32/><W119/><G58/><T115/><D115/><U61/><E132/><V22/><F22/><W16/><G119/><T43/><D43/><U106/><E40/><V11/><F11/><W84/><G42/><T82/><D101/><U21/><E10/><V59/><F59/><W113/><G113/><T112/><D112/><U93/><E9/><V20/><F20/><W54/><G54/><T97/><D97/><U28/><E21/><V134/><F134/><W23/><G23/><N who="0" m="11719" /><D75/><U99/><E99/><V53/><F53/><W133/><G73/><T14/><D74/><U128/><E128/><V46/><F46/><W6/><G72/><T80/><D14/><U127/><E45/><V111/><F111/><W120/><G15/><T37/><D37/><U131/><E39/><V108/><F108/><W88/><G13/><T4/><D4/><AGARI ba="1,1" hai="1,4,8,25,30,33,62,66,71,81,85,90,121,122" machi="4" ten="40,2000,0" yaku="1,1,53,0" doraHai="69" doraHaiUra="104" who="2" fromWho="0" sc="12,-23,285,0,186,33,507,0" owari="-11,-51.1,285,8.5,219,-18.1,507,60.7" /></mjloggm>