<mjloggm ver="2.3"><GO type="41" lobby="0"/><UN n0="%61%79%61%30%34%31%32" n1="%4B%75%6D%61%4B%75%6D%61" n2="%E2%93%9D%4C%75%63%6B%79%4A" n3="%E3%81%AF%E3%81%8A%E3%81%9F%E3%81%A9" dan="14,13,16,14" rate="2007.14,1814.13,2149.58,1977.27" sx="M,M,M,M"/><TAIKYOKU oya="0"/><INIT seed="0,0,0,2,4,76" ten="250,250,250,250" oya="0" hai0="124,81,24,31,17,19,67,92,69,20,108,83,94" hai1="127,60,43,63,98,117,2,78,80,51,55,120,27" hai2="110,79,23,28,42,85,36,135,97,49,1,95,56" hai3="54,12,0,90,46,22,21,11,72,57,73,26,70"/><T29/><D69/><U122/><E117/><V131/><F1/><W101/><G70/><T3/><D3/><U71/><E122/><V44/><F110/><W103/><G0/><T75/><D75/><U16/><E120/><V37/><F131/><W4/><G46/><T100/><D124/><U88/><E127/><V86/><F135/><W62/><G72/><T47/><D108/><U89/><E2/><V10/><F10/><W113/><G73/><T18/><D67/><U99/><E43/><V61/><F37/><W129/><G129/><T6/><D6/><U33/><E33/><V104/><F104/><W111/><G111/><T40/><D31/><U134/><E134/><V133/><F79/><W8/><G8/><T123/><D123/><U114/><E114/><V121/><F36/><W115/><G115/><T64/><D64/><U84/><E71/><V45/><F45/><W118/><G22/><T109/><D109/><U125/><E125/><V41/><F42/><W112/><G112/><T52/><D40/><U30/><E30/><V15/><F133/><W132/><G132/><T87/><D100/><U14/><E27/><N who="2" m="16511" /><F15/><W5/><G118/><T32/><D32/><U107/><E107/><V25/><F25/><W77/><G77/><T130/><D130/><U68/><E68/><V82/><F82/><N who="0" m="31242" /><D87/><U7/><E7/><V58/><F121/><W39/><G4/><T65/><D65/><U13/><E13/><V35/><F35/><W96/><G39/><T91/><D91/><N who="1" m="34891" /><E99/><V34/><F34/><W74/><G74/><T105/><D105/><U53/><E98/><RYUUKYOKU ba="0,0" sc="250,30,250,-10,250,-10,250,-10" hai0="17,18,19,20,24,29,47,52,92,94" /><INIT seed="0,1,0,0,2,21" ten="280,240,240,240" oya="0" hai0="52,45,104,132,58,71,100,42,68,70,127,82,97" hai1="0,46,33,17,12,10,48,120,83,108,77,54,23" hai2="50,3,89,109,129,106,111,18,61,86,24,44,135" hai3="130,25,60,30,67,105,73,91,64,11,76,118,51"/><T65/><D132/><U59/><E120/><V72/><F72/><W95/><G105/><T79/><D127/><U88/><E108/><N who="2" m="41547" /><F3/><W20/><G118/><T101/><D101/><U37/><E33/><V13/><F61/><W125/><G125/><T74/><D65/><U134/><E134/><V32/><F106/><W117/><G117/><T31/><D31/><U43/><E77/><V123/><F129/><W124/><G130/><T121/><D121/><U22/><E0/><V5/><F5/><W102/><G102/><T112/><D112/><U94/><E83/><N who="2" m="49375" /><F135/><W92/><G76/><T49/><REACH who="0" step="1"/><D70/><REACH who="0" ten="270,240,240,240" step="2"/><U66/><REACH who="1" step="1"/><E66/><REACH who="1" ten="270,230,240,240" step="2"/><V53/><F123/><W116/><G67/><T62/><AGARI ba="1,2" hai="42,45,49,52,58,62,68,71,74,79,82,97,100,104" machi="62" ten="20,12000,1" yaku="1,1,2,1,0,1,7,1,54,1,53,0" doraHai="21" doraHaiUra="128" who="0" fromWho="0" sc="270,143,230,-41,240,-41,240,-41" /><INIT seed="0,2,0,4,3,24" ten="413,189,199,199" oya="0" hai0="44,104,98,36,110,23,127,45,99,130,32,71,73" hai1="2,128,25,126,114,37,54,52,28,57,9,60,117" hai2="132,38,10,3,1,30,91,16,55,15,41,26,106" hai3="4,22,63,93,39,20,64,109,96,70,118,5,49"/><T123/><RYUUKYOKU type="yao9" ba="2,0" sc="413,0,189,0,199,0,199,0" hai0="23,32,36,44,45,71,73,98,99,104,110,123,127,130" /><INIT seed="0,3,0,3,2,51" ten="413,189,199,199" oya="0" hai0="49,110,127,10,90,96,70,94,76,122,77,102,135" hai1="109,33,53,129,119,66,44,68,58,56,64,4,124" hai2="1,43,84,26,67,13,134,93,83,47,60,92,125" hai3="133,131,126,7,29,100,118,30,9,130,36,116,15"/><T35/><D35/><U21/><E33/><V117/><F1/><W39/><G100/><T0/><D70/><U114/><E4/><V74/><F74/><W115/><G39/><T42/><D122/><U32/><E32/><V62/><F125/><W85/><G85/><T106/><D135/><U52/><E21/><V46/><F117/><N who="3" m="45163" /><G36/><T18/><D127/><U107/><E107/><V99/><F26/><W97/><G97/><T79/><D110/><U80/><E119/><V54/><F134/><W82/><G82/><T27/><D0/><U81/><E124/><V72/><F72/><W2/><G126/><T14/><D27/><U28/><E28/><N who="3" m="10858" /><G133/><T108/><D108/><U89/><E109/><V104/><F104/><W11/><G115/><T123/><D123/><U40/><E114/><V86/><F99/><W3/><G11/><T98/><D42/><U55/><E129/><AGARI ba="3,0" hai="2,3,7,9,15,129,130,131" m="10858,45163" machi="129" ten="30,3900,0" yaku="19,1,34,2" doraHai="51" who="3" fromWho="1" sc="413,0,189,-48,199,0,199,48" /><INIT seed="1,0,0,2,1,41" ten="413,141,199,247" oya="1" hai0="20,48,7,43,107,122,123,113,59,96,37,5,127" hai1="135,44,15,83,18,57,11,67,13,2,125,81,4" hai2="1,133,32,82,39,72,64,86,58,26,129,22,51" hai3="70,53,100,91,56,94,134,105,116,8,0,9,87"/><U89/><E125/><V35/><F72/><W10/><G134/><T36/><D113/><U34/><E34/><V30/><F39/><W101/><G70/><T40/><D127/><U84/><E135/><V33/><F133/><W97/><G116/><T24/><D59/><U29/><E2/><V47/><F1/><W38/><G38/><T131/><D131/><U99/><E29/><V46/><F129/><W108/><G101/><T16/><D37/><U79/><E99/><V54/><REACH who="2" step="1"/><F64/><REACH who="2" ten="413,141,189,247" step="2"/><W121/><G121/><T80/><D36/><U78/><E67/><V17/><F17/><W61/><REACH who="3" step="1"/><G108/><REACH who="3" ten="413,141,189,237" step="2"/><T124/><D123/><U25/><E81/><V27/><F27/><W90/><G90/><AGARI ba="0,2" hai="22,26,30,32,33,35,46,47,51,54,58,82,86,90" machi="90" ten="40,5200,0" yaku="1,1,52,2,53,0" doraHai="41" doraHaiUra="104" who="2" fromWho="3" sc="413,0,141,0,189,72,237,-52" /><INIT seed="2,0,0,5,2,7" ten="413,141,261,185" oya="2" hai0="29,33,69,108,92,93,68,27,83,134,38,99,75" hai1="6,9,107,64,51,54,103,115,71,90,120,28,23" hai2="58,127,135,49,79,21,25,48,37,1,10,62,82" hai3="44,40,110,22,123,26,5,130,17,100,125,87,132"/><V14/><F1/><W70/><G123/><T45/><D108/><U16/><E115/><V85/><F37/><W56/><G70/><T0/><D134/><U47/><E120/><V126/><F135/><W73/><G73/><T11/><D93/><U76/><E76/><V3/><F3/><W36/><G132/><T129/><D92/><U96/><E28/><V131/><F131/><W19/><G110/><T81/><D81/><U55/><E90/><V114/><F114/><W95/><G125/><N who="2" m="47625" /><F21/><W119/><G119/><T66/><D99/><U42/><E64/><N who="2" m="38999" /><F25/><W65/><G130/><T94/><D66/><U67/><E67/><V106/><F106/><W24/><G5/><AGARI ba="0,0" hai="5,10,14,48,49,79,82,85" m="38999,47625" machi="5" ten="30,2900,0" yaku="18,1,52,1" doraHai="7" who="2" fromWho="3" sc="413,0,141,0,261,29,185,-29" /><INIT seed="2,1,0,0,3,108" ten="413,141,290,156" oya="2" hai0="103,119,11,125,27,52,76,112,107,22,81,114,78" hai1="41,32,40,111,116,79,68,83,43,38,64,70,89" hai2="57,25,56,121,95,131,5,48,26,100,19,36,123" hai3="0,113,128,109,24,3,87,118,74,49,106,88,51"/><V17/><F36/><W12/><G118/><T50/><D119/><U71/><E116/><V91/><F100/><W135/><G74/><T102/><D125/><U31/><E111/><V10/><F131/><W120/><G120/><T18/><D78/><U66/><E89/><V1/><F48/><W129/><G109/><T96/><D103/><U28/><E38/><V77/><F77/><W39/><G39/><T46/><REACH who="0" step="1"/><D11/><REACH who="0" ten="403,141,290,156" step="2"/><U69/><E32/><V61/><F123/><W9/><G128/><T34/><D34/><U93/><E70/><V47/><F121/><W33/><G129/><T132/><D132/><U16/><E79/><V8/><F10/><W13/><G135/><T134/><D134/><U97/><E83/><V130/><F130/><W84/><G9/><T85/><AGARI ba="1,1" hai="18,22,27,46,50,52,76,81,85,96,102,107,112,114" machi="85" ten="20,12000,2" yaku="1,1,0,1,7,1,52,2,54,1,53,0" doraHai="108" doraHaiUra="122" who="0" fromWho="0" sc="403,133,141,-31,290,-61,156,-31" /><INIT seed="3,0,0,4,0,6" ten="536,110,229,125" oya="3" hai0="86,64,118,97,101,66,81,99,90,124,30,123,100" hai1="88,43,48,4,12,109,105,50,41,1,32,96,91" hai2="35,68,23,104,85,117,37,11,24,82,112,127,34" hai3="84,67,56,116,73,5,7,76,111,46,61,27,126"/><W53/><G116/><T129/><D123/><U20/><E32/><V113/><F68/><W77/><G126/><T17/><D118/><U14/><E109/><V22/><F104/><W110/><G73/><T18/><D30/><U94/><E1/><V8/><F37/><W21/><G84/><T58/><D129/><U9/><E105/><V51/><F51/><W106/><G106/><T0/><D0/><U15/><E91/><V120/><F85/><W38/><G76/><T44/><D44/><U57/><E57/><V55/><F55/><W103/><G103/><N who="0" m="39499" /><D124/><U114/><E114/><V74/><F127/><W95/><G95/><T93/><D99/><U49/><E20/><V25/><F117/><W108/><G77/><N who="0" m="46383" /><D66/><U47/><REACH who="1" step="1"/><E49/><REACH who="1" ten="536,100,229,125" step="2"/><V28/><F120/><W70/><G38/><T26/><D26/><U40/><E40/><V3/><F3/><W79/><G79/><T45/><D58/><U69/><E69/><V62/><F113/><W31/><REACH who="3" step="1"/><G46/><AGARI ba="0,1" hai="4,9,12,14,15,41,43,46,47,48,50,88,94,96" machi="46" ten="40,8000,1" yaku="1,1,9,1,8,1,52,1,54,1,53,0" doraHai="6" doraHaiUra="63" who="1" fromWho="3" sc="536,0,100,90,229,0,125,-80" /><INIT seed="4,0,0,1,5,38" ten="536,190,229,45" oya="0" hai0="61,72,10,52,97,85,105,21,115,9,125,23,70" hai1="96,82,111,54,51,88,12,24,102,128,117,74,18" hai2="13,114,119,58,26,131,57,36,66,28,4,93,122" hai3="6,37,31,71,41,130,83,103,34,80,40,27,60"/><T39/><D72/><U0/><E117/><V5/><F36/><W113/><G37/><T81/><D115/><U89/><E111/><V62/><F122/><W14/><G113/><T15/><D39/><U127/><E0/><V63/><F114/><W2/><G2/><T109/><D125/><U84/><E127/><V30/><F119/><W101/><G130/><T73/><D73/><U123/><E123/><V43/><F131/><W110/><G110/><T8/><D109/><U124/><E124/><V3/><F3/><W20/><G71/><T44/><D70/><U53/><E74/><V121/><F93/><W107/><G60/><T55/><D15/><U75/><E75/><V32/><F30/><W25/><G107/><T106/><D97/><U98/><E128/><V120/><F43/><N who="3" m="16459" /><G34/><T16/><D23/><U100/><E24/><V17/><F121/><W11/><G27/><N who="0" m="14759" /><D106/><U118/><E118/><V59/><F120/><W135/><G135/><T49/><D105/><U77/><E53/><V45/><F32/><W48/><G48/><T95/><D55/><U22/><E98/><V68/><F68/><W116/><G116/><T132/><D132/><U99/><E99/><V91/><F63/><W35/><G35/><T64/><D61/><U87/><E87/><V56/><F62/><W76/><G76/><N who="0" m="46247" /><D64/><U133/><E133/><V1/><F66/><W104/><G104/><T112/><D112/><U129/><E129/><V90/><F1/><W46/><G46/><T69/><D69/><U42/><E96/><V78/><N who="2" m="14336" /><DORA hai="29" /><V33/><F33/><W19/><G31/><RYUUKYOKU ba="0,0" sc="536,15,190,-15,229,-15,45,15" hai0="8,9,10,44,49,52,95" hai3="6,11,14,19,20,25,80,83,101,103" /><INIT seed="4,1,0,1,5,30" ten="551,175,214,60" oya="0" hai0="41,130,7,126,18,16,96,58,70,20,106,50,89" hai1="97,44,53,99,6,102,114,17,49,27,5,109,25" hai2="98,47,57,86,55,72,94,74,43,10,62,100,40" hai3="64,81,111,107,87,115,33,133,112,135,28,92,52"/><T26/><D70/><U121/><E121/><V83/><F10/><W85/><G107/><T63/><D126/><U113/><E109/><V108/><F108/><W95/><G111/><T38/><D130/><U37/><E37/><V118/><F118/><W101/><G64/><T48/><D7/><U39/><E39/><V0/><F0/><W35/><G28/><T134/><D134/><N who="3" m="51209" /><G52/><N who="0" m="34247" /><D106/><U131/><E131/><V73/><REACH who="2" step="1"/><F47/><REACH who="2" ten="551,175,204,60" step="2"/><W66/><G66/><T31/><D38/><U3/><E3/><V79/><AGARI ba="1,1" hai="40,43,55,57,62,72,73,74,79,83,86,94,98,100" machi="79" ten="30,4000,0" yaku="1,1,2,1,0,1,53,0" doraHai="30" doraHaiUra="1" who="2" fromWho="2" sc="551,-21,175,-11,204,53,60,-11" /><INIT seed="5,0,0,1,2,37" ten="530,164,257,49" oya="1" hai0="57,91,63,94,30,77,79,7,75,129,84,27,107" hai1="119,32,80,8,97,43,62,65,21,74,20,86,103" hai2="18,50,2,64,14,114,96,70,121,117,54,87,4" hai3="9,83,10,134,125,113,1,102,66,99,45,28,58"/><U69/><E119/><V12/><F117/><W25/><G113/><T24/><D107/><U52/><E32/><V68/><F2/><W19/><G125/><T42/><D129/><U61/><E74/><V95/><F64/><W76/><G134/><T115/><D115/><U93/><E8/><V40/><F70/><W72/><G19/><T116/><D7/><U16/><E43/><V123/><F68/><W22/><G45/><T34/><D42/><U85/><E21/><V41/><F87/><W53/><G1/><T101/><D116/><U17/><E17/><V82/><F82/><W98/><G98/><T118/><D101/><U112/><E80/><V11/><F123/><W106/><REACH who="3" step="1"/><G66/><REACH who="3" ten="530,164,257,39" step="2"/><T90/><D118/><U92/><E112/><V71/><F121/><W104/><G104/><T39/><D75/><U13/><REACH who="1" step="1"/><E92/><REACH who="1" ten="530,154,257,39" step="2"/><V130/><F95/><W35/><G35/><T81/><D39/><U29/><E29/><V59/><F114/><W108/><G108/><T51/><D94/><U47/><E47/><V44/><F44/><W26/><G26/><T46/><D24/><U105/><E105/><V100/><F18/><W128/><G128/><T109/><D81/><U133/><E133/><V56/><F130/><W38/><G38/><T31/><D34/><U0/><E0/><V78/><F14/><W126/><G126/><T3/><D27/><U36/><E36/><V124/><F124/><W73/><G73/><T33/><D33/><U127/><E127/><V132/><F132/><W111/><G111/><T5/><D31/><U55/><E55/><V120/><F54/><RYUUKYOKU ba="0,2" sc="530,-15,154,15,257,-15,39,15" hai1="13,16,20,52,61,62,65,69,85,86,93,97,103" hai3="9,10,22,25,28,53,58,72,76,83,99,102,106" /><INIT seed="5,1,2,1,0,18" ten="515,169,242,54" oya="1" hai0="123,99,58,124,119,94,102,134,120,105,92,121,82" hai1="79,2,110,100,118,43,44,39,77,131,111,98,125" hai2="107,88,16,36,86,108,46,35,57,34,8,7,55" hai3="32,96,13,127,42,76,54,84,29,40,30,11,67"/><U95/><E118/><V75/><F75/><W17/><G127/><T52/><D119/><U87/><E2/><V25/><F107/><W69/><G54/><T4/><D124/><U72/><E125/><V61/><F108/><N who="1" m="41513" /><E72/><V90/><F90/><W19/><G67/><T6/><D134/><U22/><E131/><V91/><F91/><W132/><G69/><T106/><D82/><N who="1" m="47567" /><E79/><V70/><F70/><W85/><G132/><T15/><D94/><U51/><E39/><V26/><F35/><W3/><G32/><T116/><D116/><U23/><AGARI ba="1,2" hai="22,23,43,44,51,95,98,100" m="47567,41513" machi="23" ten="30,6000,0" yaku="10,1,52,2" doraHai="18" who="1" fromWho="1" sc="515,-21,169,83,242,-21,54,-21" /><INIT seed="5,2,0,5,5,104" ten="494,252,221,33" oya="1" hai0="130,94,65,25,20,134,66,115,4,93,0,72,113" hai1="117,57,118,135,7,54,79,95,18,82,110,132,112" hai2="88,70,43,100,62,46,38,124,51,12,81,55,50" hai3="120,128,77,49,83,71,8,123,2,111,68,76,96"/><U29/><E7/><V53/><F100/><W133/><G111/><T86/><D130/><U37/><E37/><V21/><F124/><W27/><G128/><T24/><D134/><N who="1" m="51243" /><E29/><V30/><F30/><W56/><G133/><T19/><D72/><N who="1" m="43367" /><E18/><V28/><F70/><W67/><G76/><T75/><D75/><U89/><E54/><V107/><F107/><W109/><G109/><T91/><D94/><U32/><E57/><V74/><F74/><W1/><G96/><T102/><D102/><U127/><E32/><V13/><F62/><W114/><G114/><N who="0" m="43531" /><D24/><U39/><E39/><V90/><F38/><W52/><G27/><T106/><D4/><U61/><E61/><V105/><F28/><W122/><G67/><N who="0" m="25611" /><D0/><U5/><E5/><V116/><F51/><W99/><G99/><T41/><D41/><U40/><E40/><V98/><F43/><W64/><G64/><T9/><D9/><U97/><E112/><V59/><F50/><W47/><G68/><T15/><D25/><U26/><E26/><V23/><F23/><W48/><G71/><T129/><D129/><U14/><E14/><V44/><F13/><W33/><G33/><T108/><D108/><U80/><E110/><V11/><F12/><W16/><G16/><T121/><D19/><U126/><E80/><V63/><F81/><W92/><G92/><T36/><D106/><U131/><E131/><V101/><F105/><W87/><REACH who="3" step="1"/><G8/><REACH who="3" ten="494,252,221,23" step="2"/><T125/><D15/><U78/><E78/><V85/><F11/><W84/><G84/><T31/><D86/><U35/><E35/><V42/><F85/><RYUUKYOKU ba="2,1" sc="494,-15,252,15,221,-15,23,15" hai1="89,95,97,117,118,126,127" hai3="1,2,47,48,49,52,56,77,83,87,120,122,123" /><INIT seed="5,3,1,1,1,71" ten="479,267,206,38" oya="1" hai0="13,129,111,128,92,46,123,99,1,105,134,11,106" hai1="135,64,30,60,102,34,85,86,53,87,59,76,6" hai2="113,130,98,66,32,51,91,104,68,54,78,27,69" hai3="89,49,50,23,18,116,114,72,52,21,122,67,118"/><U8/><E135/><V22/><F32/><W79/><G122/><T31/><D1/><U17/><E102/><V14/><F78/><W103/><G114/><T100/><D111/><U127/><E127/><V132/><F66/><W20/><G72/><T12/><D123/><U74/><E74/><V84/><F130/><N who="0" m="50282" /><D134/><U35/><E76/><V19/><F113/><W117/><G79/><T96/><D31/><U25/><E17/><V3/><F3/><W101/><G89/><N who="0" m="55311" /><D46/><U55/><REACH who="1" step="1"/><E35/><REACH who="1" ten="479,257,206,38" step="2"/><V42/><F132/><W97/><G18/><N who="0" m="8479" /><D13/><AGARI ba="3,2" hai="6,8,13,25,30,34,53,55,59,60,64,85,86,87" machi="13" ten="40,2000,0" yaku="1,1,53,0" doraHai="71" doraHaiUra="119" who="1" fromWho="0" sc="479,-29,257,49,206,0,38,0" /><INIT seed="5,4,0,1,5,116" ten="450,306,206,38" oya="1" hai0="46,102,67,13,9,62,22,39,111,3,49,47,110" hai1="112,133,95,93,55,45,53,104,121,5,25,132,83" hai2="123,75,10,105,98,64,43,99,87,78,73,41,127" hai3="17,26,74,31,86,32,84,52,58,131,19,108,70"/><U76/><E104/><V109/><F64/><W91/><G108/><T63/><D3/><U68/><E68/><V134/><F10/><W79/><G70/><T27/><D102/><U28/><E112/><V8/><F8/><W117/><G117/><T106/><D106/><U18/><E5/><V38/><F38/><W119/><G131/><T59/><D39/><U12/><E45/><V118/><F127/><W35/><G35/><T44/><D63/><U36/><E36/><V6/><F6/><W69/><G69/><T2/><D2/><U129/><E129/><V50/><F50/><W48/><G119/><T101/><D101/><U30/><E30/><V7/><F7/><W1/><G1/><T135/><D135/><N who="1" m="51787" /><E93/><V128/><F118/><W23/><G74/><T126/><D126/><U85/><E95/><V15/><F105/><W14/><G79/><T51/><D111/><U89/><E76/><V107/><F78/><W34/><G34/><T20/><D110/><U103/><E103/><V81/><F107/><W125/><G125/><T37/><D37/><U120/><E53/><V77/><F109/><W130/><G130/><T21/><D27/><U66/><E55/><V72/><F134/><W114/><G114/><T56/><D56/><U97/><E97/><V54/><F99/><W57/><G57/><T122/><D51/><U92/><E83/><V60/><F81/><W16/><REACH who="3" step="1"/><G84/><REACH who="3" ten="450,306,206,28" step="2"/><T24/><D46/><U94/><E66/><V71/><F128/><W29/><G29/><T11/><D47/><U96/><E28/><V80/><F75/><W40/><G40/><RYUUKYOKU ba="4,1" sc="450,-10,306,-10,206,-10,28,30" hai3="14,16,17,19,23,26,31,32,48,52,58,86,91" /><INIT seed="6,5,1,2,5,100" ten="440,296,196,58" oya="2" hai0="71,42,37,46,50,56,101,72,61,129,32,40,109" hai1="57,27,14,33,90,64,70,8,1,52,53,55,69" hai2="110,0,117,89,66,43,123,80,39,6,114,15,16" hai3="77,38,41,78,92,121,105,75,128,22,126,130,97"/><V20/><F123/><W21/><G38/><T87/><D32/><U36/><E36/><V86/><F117/><W104/><G41/><T127/><D72/><U24/><E1/><V135/><F135/><W120/><G22/><T26/><D109/><U73/><E73/><V3/><F114/><W11/><G11/><T5/><D5/><U95/><E33/><V59/><F110/><W116/><G21/><T65/><D129/><N who="3" m="49769" /><G116/><T134/><D101/><U124/><E124/><V30/><F30/><W133/><G126/><T35/><D134/><U44/><E44/><V7/><F3/><W112/><G112/><T91/><D127/><U47/><E47/><V119/><F0/><W132/><G75/><T81/><D35/><U2/><E2/><V28/><F28/><W115/><G115/><T125/><D125/><U45/><E45/><V107/><F119/><W106/><G92/><T103/><D103/><U84/><E70/><V108/><F108/><W29/><G29/><T58/><D26/><U102/><E69/><V9/><F39/><W131/><N who="3" m="49777" /><W19/><DORA hai="83" /><G19/><T98/><D40/><U48/><E102/><V51/><F43/><W49/><G49/><T23/><D23/><U88/><E48/><V63/><F51/><W96/><G132/><T74/><D74/><U76/><E76/><N who="3" m="29290" /><G133/><T17/><D17/><N who="1" m="8391" /><E90/><V25/><F7/><W93/><G93/><N who="0" m="56639" /><D37/><U94/><E94/><V111/><F111/><W18/><G18/><T118/><D118/><U13/><E13/><V67/><F6/><W12/><G12/><T113/><D113/><U4/><E4/><RYUUKYOKU ba="5,1" sc="440,10,296,10,196,-30,58,10" hai0="42,46,50,56,58,61,65,71,81,87" hai1="24,27,52,53,55,57,64,84,88,95" hai3="96,97,104,105,106,120,121" /><INIT seed="7,6,1,1,3,26" ten="450,306,166,68" oya="3" hai0="36,45,106,133,95,101,127,121,96,135,55,51,27" hai1="99,42,107,89,78,37,14,47,131,53,111,25,34" hai2="71,119,110,17,69,63,109,48,91,104,49,108,126" hai3="75,1,85,8,86,44,50,128,124,117,40,115,4"/><W82/><G117/><T19/><D127/><U46/><E111/><V22/><F119/><W31/><G124/><T2/><D2/><U112/><E112/><V74/><F126/><W7/><G128/><T15/><D27/><U81/><E131/><V97/><F74/><W76/><G115/><T67/><D67/><U30/><E14/><V122/><F91/><W79/><G31/><T43/><D121/><U23/><E23/><V62/><F17/><W28/><G28/><T60/><D60/><N who="2" m="23082" /><F22/><W118/><G118/><T77/><D77/><U80/><E89/><V123/><F97/><W33/><G33/><T18/><D106/><U64/><E64/><V58/><F104/><W61/><G61/><T65/><D65/><U39/><E53/><N who="2" m="32047" /><F48/><W38/><G76/><T105/><D105/><U129/><E129/><V90/><F90/><W102/><G102/><T6/><D6/><U52/><E78/><V83/><F83/><W113/><G113/><T57/><REACH who="0" step="1"/><D19/><REACH who="0" ten="440,306,166,68" step="2"/><U9/><E107/><V68/><AGARI ba="6,2" hai="68,69,71,108,109,110,122,123" m="32047,23082" machi="68" ten="50,3200,0" yaku="34,2" doraHai="26" who="2" fromWho="2" sc="440,-14,306,-14,166,70,68,-22" owari="426,52.6,292,9.2,236,-16.4,46,-45.4" /></mjloggm>