<mjloggm ver="2.3"><GO type="41" lobby="0"/><UN n0="%E5%8B%9D%E3%81%A1%E7%A2%BA%E3%83%AA%E3%83%BC%E3%83%81" n1="%E8%96%84%E6%98%8E%E3%81%AE%E7%A9%BA" n2="%E2%93%9D%4C%75%63%6B%79%4A" n3="%E3%81%A0%E3%82%8B%E3%81%8F%E3%82%93" dan="15,14,17,14" rate="2017.17,2019.01,2139.97,1969.25" sx="M,F,M,M"/><TAIKYOKU oya="0"/><INIT seed="0,0,0,4,3,92" ten="250,250,250,250" oya="0" hai0="91,60,108,20,3,50,58,95,107,53,22,66,51" hai1="76,124,69,27,115,8,43,94,130,90,2,25,71" hai2="0,34,49,41,15,52,88,110,9,70,96,122,84" hai3="42,44,30,28,5,37,4,73,100,114,21,85,68"/><T116/><D116/><U38/><E76/><V99/><F0/><W32/><G114/><T64/><D3/><U118/><E118/><V117/><F70/><W89/><G32/><T98/><D107/><U112/><E130/><V39/><F122/><W119/><G119/><T48/><D108/><U128/><E128/><V11/><F34/><W131/><G68/><T14/><D14/><U54/><E43/><V102/><F39/><W121/><G73/><T23/><AGARI ba="0,0" hai="20,22,23,48,50,51,53,58,60,64,66,91,95,98" machi="23" ten="30,6000,0" yaku="0,1,8,1,52,1" doraHai="92" who="0" fromWho="0" sc="250,60,250,-20,250,-20,250,-20" /><INIT seed="0,1,0,2,1,96" ten="310,230,230,230" oya="0" hai0="105,58,101,115,16,82,49,30,125,28,71,41,2" hai1="120,128,51,3,117,99,131,65,63,4,10,36,54" hai2="92,135,129,72,48,132,7,69,88,76,81,13,17" hai3="45,121,87,114,56,124,37,118,53,5,18,126,25"/><T97/><D115/><U95/><E117/><V24/><F69/><W29/><G118/><T9/><D125/><U47/><E36/><V85/><F7/><W31/><G114/><T98/><D71/><U27/><E27/><V116/><F116/><W80/><G121/><T104/><D2/><U113/><E113/><V57/><F24/><W108/><G108/><T127/><D127/><N who="3" m="48681" /><G5/><T91/><D41/><U8/><E8/><V23/><F129/><W73/><G73/><T43/><D43/><U90/><REACH who="1" step="1"/><E120/><REACH who="1" ten="310,220,230,230" step="2"/><V130/><F130/><W61/><G37/><T102/><D9/><U64/><E64/><V52/><AGARI ba="1,1" hai="13,17,23,48,52,57,72,76,81,85,88,92,132,135" machi="52" ten="30,8000,1" yaku="0,1,25,2,54,2" doraHai="96" who="2" fromWho="2" sc="310,-41,220,-21,230,93,230,-21" /><INIT seed="1,0,0,1,5,84" ten="269,199,323,209" oya="1" hai0="4,83,117,68,31,110,70,132,115,36,82,114,28" hai1="46,128,129,75,107,79,17,55,37,1,54,24,131" hai2="89,22,126,77,73,13,63,95,52,81,34,100,21" hai3="50,91,118,25,90,67,49,111,30,62,133,0,119"/><U69/><E107/><V66/><F34/><W32/><G0/><T76/><D110/><U109/><E1/><V105/><F126/><W120/><G120/><T15/><D117/><N who="3" m="44553" /><G111/><T80/><D36/><U26/><E109/><V35/><F35/><W104/><G104/><T98/><D132/><U85/><E75/><V2/><F2/><W88/><G133/><T93/><D76/><U60/><E69/><AGARI ba="0,0" hai="25,30,32,49,50,62,67,69,88,90,91" m="44553" machi="69" ten="30,8000,1" yaku="12,1,52,3,54,1" doraHai="84" who="3" fromWho="1" sc="269,0,199,-80,323,0,209,80" /><INIT seed="2,0,0,5,5,19" ten="269,119,323,289" oya="2" hai0="65,47,121,83,18,86,34,11,96,133,3,68,120" hai1="53,45,102,1,42,100,46,30,60,111,109,89,17" hai2="77,4,75,115,80,105,108,67,79,114,35,44,76" hai3="26,10,8,88,37,118,69,0,85,101,29,36,74"/><V122/><F35/><W119/><G74/><T93/><D133/><U110/><E30/><V57/><F4/><W33/><G69/><T72/><D72/><U13/><E1/><V23/><F122/><W12/><G101/><T7/><D47/><U21/><E89/><V59/><F105/><W134/><G134/><T51/><D51/><U63/><E46/><V66/><F108/><W55/><G37/><T98/><D34/><U22/><E100/><V70/><F70/><W25/><G25/><T113/><D113/><U48/><E102/><V5/><F5/><W84/><G36/><T61/><D18/><U16/><E42/><V78/><F44/><W71/><G84/><T14/><D3/><U129/><E129/><V73/><F79/><W38/><G38/><T20/><D20/><U91/><E91/><V43/><F78/><W117/><G71/><T9/><D9/><U130/><E130/><V41/><F80/><W31/><G31/><T125/><D125/><U40/><E40/><V50/><F50/><W97/><G97/><T62/><D62/><U99/><E99/><V131/><F131/><W112/><G112/><T123/><REACH who="0" step="1"/><D93/><REACH who="0" ten="259,119,323,289" step="2"/><U81/><REACH who="1" step="1"/><E81/><REACH who="1" ten="259,109,323,289" step="2"/><V135/><F135/><W132/><G132/><T94/><D94/><U2/><E2/><V54/><F115/><W64/><G0/><T104/><D104/><U92/><E92/><V27/><F114/><W52/><G117/><T87/><D87/><U58/><E58/><V95/><F95/><W82/><G118/><T32/><D32/><U49/><E49/><V124/><F75/><W107/><G119/><RYUUKYOKU ba="0,2" sc="259,15,109,15,323,-15,289,-15" hai0="7,11,14,61,65,68,83,86,96,98,120,121,123" hai1="13,16,17,21,22,45,48,53,60,63,109,110,111" /><INIT seed="3,1,2,1,2,38" ten="274,124,308,274" oya="3" hai0="105,67,20,14,3,59,15,52,44,5,125,65,50" hai1="64,34,119,88,86,47,49,128,11,94,56,22,111" hai2="19,35,69,132,0,91,62,89,39,130,32,41,115" hai3="83,63,116,118,33,37,60,8,54,96,28,107,1"/><W66/><G37/><T126/><D105/><U134/><E34/><V25/><F115/><W72/><G60/><T74/><D74/><U127/><E111/><V114/><F0/><W68/><G54/><T23/><D3/><U27/><E128/><V122/><F132/><W120/><G120/><T21/><D5/><U121/><E121/><V76/><F76/><W17/><G17/><T124/><REACH who="0" step="1"/><D44/><REACH who="0" ten="264,124,308,274" step="2"/><U90/><E134/><V82/><F122/><W51/><G1/><T84/><D84/><N who="1" m="52487" /><E127/><V103/><F114/><W77/><G8/><T81/><D81/><N who="1" m="49487" /><E119/><V46/><F82/><W123/><G123/><T78/><D78/><U4/><E11/><V79/><F79/><W40/><G116/><T16/><D16/><N who="1" m="12743" /><E4/><V26/><F19/><W57/><G118/><T99/><D99/><U45/><E45/><V113/><F46/><N who="3" m="26055" /><G96/><T93/><D93/><U24/><E24/><V102/><F26/><W61/><G107/><T100/><D100/><U18/><E18/><V7/><F103/><W109/><G109/><T98/><D98/><U9/><E9/><V58/><F102/><W43/><G72/><T117/><D117/><U135/><E135/><V92/><F25/><W85/><G28/><T36/><D36/><U42/><E56/><V131/><F58/><W95/><G57/><T48/><D48/><U2/><E2/><V101/><F39/><W55/><G68/><T112/><D112/><U13/><E13/><AGARI ba="1,3" hai="13,14,15,20,21,23,50,52,59,65,67,124,125,126" machi="13" ten="50,6400,0" yaku="1,1,18,1,54,1,53,0" doraHai="38" doraHaiUra="87" who="0" fromWho="1" sc="264,97,124,-67,308,0,274,0" /><INIT seed="4,0,0,5,2,72" ten="361,57,308,274" oya="0" hai0="58,108,65,84,31,3,45,39,129,11,75,60,30" hai1="23,24,18,128,47,132,130,27,83,118,100,109,78" hai2="104,37,33,0,106,57,102,111,38,61,131,55,63" hai3="15,43,85,41,112,124,62,68,49,89,17,81,34"/><T29/><D129/><N who="1" m="49771" /><E118/><V125/><F131/><W96/><G112/><T59/><D75/><N who="1" m="43487" /><E109/><V133/><F33/><W76/><G34/><T134/><D134/><U135/><E100/><V48/><F0/><W92/><G124/><T105/><D105/><U69/><E69/><V8/><F102/><W51/><G62/><T103/><D108/><U97/><E97/><V70/><F106/><W32/><G32/><T66/><D103/><U93/><E93/><V94/><F94/><W91/><G91/><T67/><D84/><U16/><E47/><V127/><F104/><W4/><G4/><T50/><D39/><U35/><E35/><V14/><F38/><W82/><G82/><T6/><REACH who="0" step="1"/><D59/><REACH who="0" ten="351,57,308,274" step="2"/><U126/><E126/><V56/><F37/><W71/><G71/><T19/><D19/><N who="1" m="7211" /><E27/><V7/><F111/><W86/><G68/><T44/><D44/><U26/><E26/><V107/><F107/><W53/><G86/><T10/><D10/><U22/><E24/><V110/><F110/><W73/><G73/><T98/><D98/><U121/><E121/><V120/><F120/><W74/><G74/><T28/><N who="0" m="7168" /><DORA hai="25" /><T88/><D88/><U77/><E77/><V9/><F70/><W87/><G96/><T123/><D123/><U64/><E64/><N who="2" m="39023" /><F127/><W117/><G87/><T42/><AGARI ba="0,1" hai="3,6,11,42,45,50,58,60,65,66,67" m="7168" machi="42" ten="40,18000,2" yaku="1,1,0,1,52,4,53,0" doraHai="72,25" doraHaiUra="122,119" who="0" fromWho="0" sc="351,190,57,-60,308,-60,274,-60" owari="541,64.1,-3,-50.3,248,4.8,214,-18.6" /></mjloggm>