<mjloggm ver="2.3"><GO type="41" lobby="0"/><UN n0="%E3%82%B5%E3%83%A9%E3%83%80%E3%83%81%E3%82%AD%E3%83%B3" n1="%E5%A4%95%E9%99%BD%E3%81%AE%E4%B8%98" n2="%4A%49%47%45%4E" n3="%E2%93%9D%4C%75%63%6B%79%4A" dan="14,13,13,18" rate="1939.97,1878.44,1938.72,2176.01" sx="M,M,M,M"/><TAIKYOKU oya="0"/><INIT seed="0,0,0,1,1,50" ten="250,250,250,250" oya="0" hai0="87,15,13,123,31,30,52,38,2,132,133,62,98" hai1="91,44,4,67,71,7,113,128,75,32,48,69,109" hai2="93,125,107,110,122,66,102,60,55,40,104,58,85" hai3="74,64,76,80,118,9,20,89,34,112,68,130,78"/><T42/><D123/><U11/><E113/><V26/><F122/><W18/><G112/><T70/><D2/><U33/><E128/><V92/><F125/><W23/><G34/><T56/><D70/><U28/><E109/><V63/><F110/><W100/><G100/><T115/><D115/><U101/><E75/><V1/><F1/><W121/><G118/><T61/><D98/><U53/><E101/><V5/><F5/><W120/><G78/><T3/><D3/><U25/><E33/><V124/><F124/><W105/><G89/><T17/><D15/><U16/><E91/><V86/><F40/><W49/><G105/><T41/><D62/><U131/><E131/><V126/><F126/><W65/><G68/><T45/><D87/><U57/><E71/><V135/><F135/><N who="0" m="51786" /><D41/><U19/><E69/><V27/><F102/><W103/><G103/><T73/><D73/><U14/><E4/><V0/><F0/><W114/><G130/><T12/><D12/><U134/><E134/><V79/><F79/><W95/><G76/><T83/><D83/><U119/><E119/><V90/><F90/><W39/><G80/><T127/><D127/><U22/><E32/><V72/><F72/><W51/><G74/><T24/><D24/><U77/><E77/><V99/><F99/><W116/><G114/><T97/><D97/><U36/><E36/><V35/><F35/><W21/><G39/><T37/><D38/><U6/><E6/><V43/><F43/><W111/><G121/><T47/><D45/><U96/><E96/><V129/><F26/><W8/><G120/><RYUUKYOKU ba="0,0" sc="250,15,250,15,250,-15,250,-15" hai0="13,17,30,31,37,42,47,52,56,61" hai1="7,11,14,16,19,22,25,28,44,48,53,57,67" /><INIT seed="0,1,0,5,2,131" ten="265,265,235,235" oya="0" hai0="30,27,134,14,74,12,17,87,80,93,70,133,22" hai1="1,38,15,135,57,116,32,100,92,59,35,3,130" hai2="20,122,126,88,78,113,109,90,44,121,62,129,55" hai3="19,67,39,73,71,132,40,47,26,111,69,33,125"/><T128/><D70/><U58/><E116/><V85/><F129/><W72/><G125/><T115/><D128/><U105/><E130/><V119/><F113/><W9/><G111/><T77/><D115/><U46/><E105/><V37/><F126/><W45/><G47/><T108/><D108/><U7/><E15/><V53/><F109/><W84/><G84/><T29/><D14/><U65/><E65/><V106/><F106/><W42/><G42/><T66/><D66/><U95/><E100/><V25/><F119/><W0/><G19/><T50/><D50/><U36/><E46/><V94/><F78/><W16/><G16/><T98/><D74/><N who="3" m="28777" /><G67/><T79/><D79/><U43/><E59/><V64/><F53/><W31/><G132/><N who="0" m="50795" /><D12/><U13/><E13/><V123/><F123/><W101/><G101/><AGARI ba="1,0" hai="17,22,27,29,30,77,80,87,93,98,101" m="50795" machi="101" ten="30,11600,0" yaku="20,1,52,3" doraHai="131" who="0" fromWho="3" sc="265,119,265,0,235,0,235,-119" /><INIT seed="0,2,0,2,2,6" ten="384,265,235,116" oya="0" hai0="80,95,69,4,5,59,114,25,127,85,82,26,17" hai1="89,76,92,65,61,58,66,90,0,83,20,117,50" hai2="39,133,37,129,41,48,70,120,101,122,71,126,16" hai3="84,63,31,87,28,57,106,62,52,45,51,111,124"/><T12/><D114/><U99/><E0/><V107/><F107/><W119/><G119/><T77/><D69/><N who="2" m="26122" /><F101/><W72/><G72/><T108/><D108/><U78/><E117/><V121/><F16/><W24/><G124/><T96/><D127/><U115/><E115/><V49/><F126/><W112/><G111/><T10/><D59/><U104/><E104/><V97/><F97/><W33/><G112/><T3/><D82/><U131/><E131/><V125/><F125/><W56/><G31/><T116/><D116/><U19/><E66/><V113/><F113/><W36/><G36/><N who="2" m="13897" /><F129/><W86/><G106/><T53/><D53/><U105/><E105/><V23/><F23/><W64/><REACH who="3" step="1"/><G87/><REACH who="3" ten="384,265,235,106" step="2"/><T118/><D118/><U38/><E38/><V103/><F133/><W15/><G15/><T74/><D74/><U7/><E50/><N who="2" m="19563" /><F103/><W134/><G134/><T14/><D14/><N who="1" m="9335" /><E7/><N who="0" m="2633" /><D3/><U110/><E110/><V42/><AGARI ba="2,1" hai="41,42,120,121,122" m="19563,13897,26122" machi="42" ten="50,8000,1" yaku="28,2,34,2" doraHai="6" who="2" fromWho="2" sc="384,-42,265,-22,235,96,106,-22" /><INIT seed="1,0,0,2,4,68" ten="342,243,331,84" oya="1" hai0="15,17,5,27,114,97,79,85,89,12,105,45,104" hai1="73,107,133,117,113,122,75,50,46,84,111,130,36" hai2="26,55,120,109,96,6,101,47,28,30,95,43,124" hai3="108,88,58,57,116,54,33,1,87,83,70,74,19"/><U38/><RYUUKYOKU type="yao9" ba="0,0" sc="342,0,243,0,331,0,84,0" hai1="36,38,46,50,73,75,84,107,111,113,117,122,130,133" /><INIT seed="1,1,0,3,5,131" ten="342,243,331,84" oya="1" hai0="16,117,47,121,26,123,82,81,122,110,44,17,35" hai1="97,34,43,80,7,91,31,41,19,10,74,100,32" hai2="29,113,129,88,50,57,104,92,111,87,9,46,13" hai3="36,64,11,65,23,59,73,133,77,8,94,120,128"/><U0/><E19/><N who="0" m="7241" /><D117/><U116/><E116/><V48/><F129/><W103/><G36/><T4/><D4/><U132/><E132/><V71/><F104/><W105/><G105/><T51/><D110/><U67/><E67/><V37/><F71/><W72/><G77/><T45/><D51/><U109/><E109/><V90/><F37/><W62/><G120/><T86/><D86/><U78/><E91/><V42/><F111/><W61/><G128/><T25/><D35/><U39/><E39/><V58/><F29/><W53/><G23/><T85/><D85/><U119/><E119/><V118/><F118/><W75/><G133/><T21/><D21/><U33/><REACH who="1" step="1"/><E31/><REACH who="1" ten="342,233,331,84" step="2"/><V20/><F113/><W14/><G65/><T69/><D69/><U49/><E49/><V15/><F50/><W126/><G64/><T24/><AGARI ba="1,1" hai="24,25,26,44,45,47,81,82,121,122,123" m="7241" machi="24" ten="40,12000,2" yaku="29,2,28,2,13,1,54,1" doraHai="131" who="0" fromWho="0" sc="342,133,233,-61,331,-31,84,-31" /><INIT seed="2,0,0,2,2,101" ten="475,172,300,53" oya="2" hai0="132,16,51,35,97,77,91,103,13,32,66,95,75" hai1="10,20,96,76,89,106,120,72,93,83,125,114,2" hai2="8,84,94,109,6,44,49,17,34,131,98,12,38" hai3="3,23,134,43,127,112,113,0,92,63,82,124,22"/><V18/><F34/><W42/><G63/><T27/><D132/><U88/><E114/><N who="3" m="44138" /><G82/><T111/><D111/><U133/><E20/><N who="3" m="7722" /><G92/><T45/><D66/><U15/><E2/><N who="3" m="554" /><G134/><T1/><D1/><U108/><E15/><V110/><F38/><W40/><AGARI ba="0,0" hai="40,42,43,124,127" m="554,7722,44138" machi="40" ten="40,5200,0" yaku="28,2,11,1" doraHai="101" who="3" fromWho="3" sc="475,-13,172,-13,300,-26,53,52" /><INIT seed="3,0,0,1,3,48" ten="462,159,274,105" oya="3" hai0="38,28,22,69,3,107,126,94,123,8,73,74,75" hai1="24,9,37,25,97,104,119,66,42,59,45,95,51" hai2="60,1,36,6,0,108,129,61,53,112,99,79,105" hai3="16,5,31,58,13,68,46,78,10,11,86,40,98"/><W101/><G68/><T4/><D94/><U130/><E104/><V63/><F112/><W133/><G133/><T19/><D123/><U93/><E130/><V128/><F36/><W33/><G33/><T85/><D85/><U77/><E119/><V72/><F79/><W84/><G31/><T106/><D28/><U88/><E77/><V30/><F72/><W52/><G40/><T21/><D69/><U44/><E9/><V47/><F108/><W89/><G46/><T34/><D34/><U134/><E134/><V125/><F125/><W96/><G101/><T54/><D38/><U62/><REACH who="1" step="1"/><E95/><REACH who="1" ten="462,149,274,105" step="2"/><V43/><F128/><W41/><G78/><T7/><D126/><U115/><E115/><V23/><F129/><W56/><G41/><AGARI ba="0,1" hai="24,25,37,41,42,44,45,51,59,62,66,88,93,97" machi="41" ten="30,3900,0" yaku="1,1,7,1,54,1,53,0" doraHai="48" doraHaiUra="14" who="1" fromWho="3" sc="462,0,149,49,274,0,105,-39" /><INIT seed="4,0,0,1,2,87" ten="462,198,274,66" oya="0" hai0="34,64,123,59,121,42,86,103,32,55,13,0,105" hai1="97,101,15,49,51,20,24,80,4,63,111,96,132" hai2="48,30,127,54,126,57,27,130,41,78,71,53,45" hai3="10,114,69,56,23,8,60,35,5,106,108,89,84"/><T134/><D0/><U22/><E111/><V44/><F78/><W115/><G35/><T91/><D134/><U112/><E132/><V110/><F110/><W6/><G69/><T79/><D42/><U28/><E112/><N who="3" m="43050" /><G106/><T83/><D64/><U116/><E116/><V17/><F17/><W95/><G23/><T25/><D13/><U43/><E63/><V58/><F27/><W77/><G77/><T129/><D129/><U68/><E68/><V14/><F14/><W98/><G108/><T109/><D109/><U117/><E117/><V12/><F12/><W19/><G19/><T1/><D1/><U81/><E97/><V122/><F30/><W100/><G6/><T76/><D34/><U88/><E101/><V73/><F73/><W62/><G5/><T7/><D7/><U46/><E51/><N who="2" m="27023" /><F122/><W92/><G62/><T72/><D72/><U124/><E124/><N who="2" m="47659" /><F71/><W93/><G95/><T29/><D105/><U31/><E31/><V75/><F75/><W85/><G85/><T128/><D103/><U11/><E22/><V104/><F104/><W135/><G135/><T52/><D123/><U36/><E36/><V65/><F130/><W9/><G10/><T33/><D121/><U70/><E70/><V118/><F118/><W113/><N who="3" m="43058" /><W61/><DORA hai="82" /><G61/><T40/><D128/><U50/><E50/><N who="2" m="28879" /><F65/><AGARI ba="0,0" hai="8,9,56,60,65,84,89,92,93,98,100" m="43058" machi="65" ten="40,5200,0" yaku="15,1,52,2" doraHai="87,82" who="3" fromWho="2" sc="462,0,198,0,274,-52,66,52" /><INIT seed="5,0,0,1,5,113" ten="462,198,222,118" oya="1" hai0="74,128,93,34,14,89,88,73,0,29,68,56,13" hai1="16,130,28,86,84,114,85,122,78,103,62,105,5" hai2="45,119,70,131,17,135,27,24,18,60,90,30,25" hai3="55,54,11,123,52,38,65,36,15,125,75,134,121"/><U48/><E122/><N who="3" m="46602" /><G75/><T69/><D93/><U106/><E114/><V102/><F102/><W19/><G15/><T83/><D56/><U12/><E130/><V117/><F45/><W80/><G11/><T109/><D83/><U40/><E62/><V35/><F90/><W58/><G19/><N who="2" m="7177" /><F60/><N who="3" m="38039" /><G80/><T81/><D81/><U112/><E112/><V32/><F70/><W66/><G134/><T57/><D57/><U42/><E48/><V46/><F46/><W82/><G82/><T100/><D100/><U79/><E106/><V98/><F98/><W26/><G26/><N who="2" m="10345" /><F135/><W116/><G125/><T61/><D61/><U97/><E28/><N who="2" m="19487" /><F131/><W120/><N who="3" m="46610" /><W101/><DORA hai="76" /><G101/><T20/><D128/><U63/><E63/><V10/><F10/><W22/><G66/><T132/><D132/><U91/><E91/><V95/><F95/><W92/><G92/><T2/><D89/><U127/><E127/><V23/><F23/><W53/><N who="3" m="13312" /><DORA hai="33" /><W67/><G22/><T129/><D20/><N who="1" m="11271" /><E79/><V126/><F126/><W87/><G67/><T8/><D129/><U115/><E115/><V77/><F77/><W107/><G107/><T118/><D69/><U3/><E78/><V37/><F35/><W99/><G99/><T43/><D68/><U94/><E105/><V9/><F9/><W47/><G87/><T49/><D8/><N who="1" m="2111" /><E103/><V71/><F71/><W59/><G59/><T96/><D34/><U110/><E97/><V31/><F37/><N who="3" m="14443" /><G47/><T108/><D96/><U1/><E94/><V72/><F72/><W64/><G64/><T133/><D74/><U124/><E124/><RYUUKYOKU ba="0,0" sc="462,-15,198,-15,222,15,118,15" hai2="30,31,117,119" hai3="116" /><INIT seed="6,1,0,0,3,123" ten="447,183,237,133" oya="2" hai0="37,71,27,29,65,7,78,68,5,115,77,119,75" hai1="4,59,12,103,110,117,124,30,33,96,41,97,102" hai2="48,76,28,53,74,92,58,135,44,84,99,130,125" hai3="118,2,25,3,64,87,60,67,114,95,23,35,72"/><V116/><F116/><W14/><G72/><T132/><D119/><U15/><E117/><V51/><F125/><W32/><G118/><T101/><D115/><U120/><E120/><V126/><F126/><W134/><G67/><T34/><D132/><U94/><E124/><V66/><F130/><W106/><G106/><T46/><D101/><U18/><E110/><V57/><F135/><W69/><G14/><T8/><D7/><U13/><E41/><V85/><F74/><W133/><G134/><T40/><D65/><U105/><E4/><V79/><F28/><W38/><G38/><T17/><D17/><U20/><E59/><V6/><F6/><W98/><G87/><N who="2" m="33353" /><F58/><W21/><G114/><T49/><D49/><U16/><E18/><V129/><F66/><W113/><G113/><T100/><D78/><U24/><AGARI ba="1,0" hai="12,13,15,16,20,24,30,33,94,96,97,102,103,105" machi="24" ten="30,2000,0" yaku="0,1,54,1" doraHai="123" who="1" fromWho="1" sc="447,-6,183,23,237,-11,133,-6" /><INIT seed="7,0,0,4,2,70" ten="441,206,226,127" oya="3" hai0="22,71,84,45,100,90,95,39,72,82,38,49,26" hai1="126,21,117,97,83,56,19,122,48,24,110,7,13" hai2="92,67,116,52,124,74,107,55,121,40,68,34,134" hai3="88,103,79,33,130,89,58,102,80,114,29,73,20"/><W37/><G33/><T120/><D120/><U91/><E122/><V128/><RYUUKYOKU type="yao9" ba="0,0" sc="441,0,206,0,226,0,127,0" hai2="34,40,52,55,67,68,74,92,107,116,121,124,128,134" /><INIT seed="7,1,0,3,0,10" ten="441,206,226,127" oya="3" hai0="70,42,75,9,76,25,20,107,116,93,128,95,87" hai1="83,113,64,85,105,51,127,27,82,23,121,90,4" hai2="111,7,110,66,122,117,126,134,61,57,67,124,48" hai3="79,131,104,54,71,52,53,19,30,84,47,69,80"/><W123/><G123/><T108/><D107/><U46/><E121/><V98/><F98/><W5/><G104/><T28/><D70/><U13/><E105/><V37/><F7/><W41/><G131/><T91/><D128/><U60/><E127/><N who="2" m="48683" /><F122/><W3/><G30/><T35/><D116/><U31/><E113/><V106/><F106/><W73/><G19/><T88/><D108/><N who="2" m="41514" /><F117/><W2/><G84/><T125/><D125/><U56/><E83/><V78/><F78/><W118/><G118/><T17/><D9/><N who="1" m="4263" /><E51/><V39/><F134/><W55/><N who="3" m="13312" /><DORA hai="15" /><W21/><G21/><T40/><D76/><U68/><E68/><V24/><F24/><W32/><G32/><T115/><D115/><U101/><E101/><V77/><F77/><W100/><G100/><T26/><D75/><U6/><E6/><V120/><F120/><W133/><G133/><T74/><D74/><U14/><E14/><V112/><F112/><W129/><G129/><T59/><D59/><U44/><AGARI ba="1,0" hai="23,27,31,44,46,56,60,64,82,85,90" m="4263" machi="44" ten="30,2000,0" yaku="8,1,52,1" doraHai="10,15" who="1" fromWho="1" sc="441,-6,206,23,226,-6,127,-11" owari="435,53.5,229,2.9,220,-18.0,116,-38.4" /></mjloggm>