<mjloggm ver="2.3"><GO type="41" lobby="0"/><UN n0="%E3%81%B5%E3%83%BC%E3%81%BF%E3%83%BC%32%33%31%30" n1="%E3%81%95%E3%82%93%E3%81%8D%E3%81%A3%E3%81%A1%E3%82%83%E3%82%93" n2="%48%49%53%48%49" n3="%E2%93%9D%4C%75%63%6B%79%4A" dan="13,13,14,18" rate="1827.79,1904.92,1906.47,2164.52" sx="M,M,M,M"/><TAIKYOKU oya="0"/><INIT seed="0,0,0,5,0,42" ten="250,250,250,250" oya="0" hai0="30,20,9,41,123,63,56,117,102,89,48,3,135" hai1="15,86,60,50,7,72,103,108,88,67,77,106,96" hai2="45,29,34,70,75,94,131,44,0,17,132,79,14" hai3="6,101,116,12,71,83,27,24,51,68,58,40,13"/><T121/><D117/><U109/><E50/><V11/><F0/><W76/><G116/><T122/><D135/><U80/><E15/><V65/><F131/><W91/><G101/><T43/><D102/><U38/><E7/><V57/><F70/><W110/><G110/><T69/><D69/><U37/><E67/><V74/><F79/><W52/><G71/><T99/><D30/><U118/><E60/><N who="2" m="38031" /><F75/><W113/><G113/><T130/><D130/><U107/><E107/><V35/><F74/><W129/><G68/><T28/><D9/><U19/><E19/><V97/><F34/><W62/><G91/><T105/><D105/><U95/><REACH who="1" step="1"/><E118/><REACH who="1" ten="250,240,250,250" step="2"/><V5/><F132/><W49/><G13/><T23/><D3/><U82/><E82/><V78/><F29/><W47/><G129/><T84/><D28/><U21/><E21/><V115/><F115/><W66/><G66/><T18/><D20/><U59/><E59/><V134/><F35/><W93/><G62/><T92/><D48/><U104/><E104/><V85/><F5/><W112/><G112/><T133/><D133/><U119/><E119/><V64/><F64/><W46/><G58/><T100/><D56/><U39/><AGARI ba="0,1" hai="37,38,39,72,77,80,86,88,95,96,103,106,108,109" machi="39" ten="40,8000,1" yaku="1,1,0,1,24,2,54,1,53,0" doraHai="42" doraHaiUra="125" who="1" fromWho="1" sc="250,-40,240,90,250,-20,250,-20" /><INIT seed="1,0,0,3,0,8" ten="210,330,230,230" oya="1" hai0="133,52,132,120,17,59,5,78,68,98,123,66,77" hai1="42,124,119,91,118,109,53,71,75,69,25,15,20" hai2="30,97,129,108,9,111,67,57,43,107,90,10,70" hai3="50,28,84,122,51,82,64,103,2,100,18,85,73"/><U72/><E42/><V125/><F70/><W35/><G2/><T99/><D5/><U112/><E112/><V117/><F117/><W131/><G73/><T34/><D68/><U81/><E124/><V94/><F107/><W39/><G39/><T116/><D34/><U27/><E72/><V80/><F125/><W121/><G28/><T37/><D66/><U46/><E71/><V36/><F129/><W41/><G35/><T79/><D116/><U87/><E75/><V130/><F130/><W105/><G41/><T56/><D17/><U96/><E69/><V3/><F30/><W83/><G18/><T0/><D0/><U4/><E109/><N who="2" m="42059" /><F3/><W127/><G131/><T61/><D56/><U38/><E38/><V76/><F43/><W88/><G127/><T114/><D114/><U110/><E110/><V44/><F44/><W31/><G31/><T49/><D49/><N who="1" m="28855" /><E119/><V47/><F47/><W7/><G7/><T60/><D60/><U95/><E118/><V48/><F36/><W29/><G29/><T23/><D23/><U58/><E58/><V55/><F67/><W26/><G64/><T21/><D21/><U1/><E1/><V106/><F106/><W104/><G26/><T62/><D62/><U54/><E54/><V45/><F45/><W19/><G19/><T11/><D11/><N who="1" m="4583" /><E20/><V92/><F92/><W74/><G74/><AGARI ba="0,0" hai="9,10,48,55,57,74,76,80,90,94,97" m="42059" machi="74" ten="30,1000,0" yaku="14,1" doraHai="8" who="2" fromWho="3" sc="210,0,330,0,230,10,230,-10" /><INIT seed="2,0,0,3,0,124" ten="210,330,240,220" oya="2" hai0="72,90,110,4,67,115,37,58,32,105,97,12,50" hai1="51,134,39,108,133,26,98,65,17,89,36,19,27" hai2="25,34,66,128,0,101,8,75,55,81,125,131,3" hai3="117,102,122,64,7,41,96,123,78,93,42,121,87"/><V113/><F113/><W95/><G7/><T60/><D32/><U52/><E108/><V116/><F125/><W114/><G64/><T127/><D72/><U13/><E65/><V71/><F101/><W83/><G42/><T70/><D110/><U23/><E27/><V35/><F116/><W61/><G41/><T30/><D127/><U59/><E98/><V74/><F55/><W107/><G61/><T1/><D30/><U112/><E89/><V73/><F81/><W22/><G22/><T14/><D37/><U109/><E109/><V120/><F120/><W111/><G111/><T44/><D70/><U9/><REACH who="1" step="1"/><E112/><REACH who="1" ten="210,320,240,220" step="2"/><V92/><F25/><W15/><G114/><T86/><D115/><U16/><E16/><V129/><F92/><N who="3" m="35403" /><G15/><T28/><D97/><U43/><E43/><V6/><F0/><W104/><G117/><T56/><D105/><AGARI ba="0,1" hai="78,83,87,96,102,104,105,107,121,122,123" m="35403" machi="105" ten="40,2600,0" yaku="34,2" doraHai="124" who="3" fromWho="0" sc="210,-26,320,0,240,0,220,36" /><INIT seed="3,0,0,4,4,43" ten="184,320,240,256" oya="3" hai0="82,42,126,61,111,108,63,65,115,72,122,97,130" hai1="15,79,35,22,1,119,11,109,52,12,47,120,55" hai2="77,67,123,94,38,81,46,105,59,48,54,74,128" hai3="53,75,6,87,37,50,107,32,118,33,17,8,133"/><W70/><G75/><T99/><D122/><U24/><E109/><V4/><F105/><W58/><G118/><T3/><D3/><U69/><E69/><V34/><F123/><W44/><G107/><T23/><D130/><U13/><E120/><V68/><F128/><W132/><G17/><T27/><D126/><U117/><E35/><V21/><F34/><W125/><G70/><T36/><D115/><U127/><E1/><V83/><F83/><W60/><G87/><T56/><D61/><U64/><E64/><V41/><F21/><W73/><G73/><T14/><D14/><U131/><E79/><V19/><F19/><W18/><G18/><T129/><D129/><U49/><E131/><V2/><F94/><W89/><G89/><T114/><D114/><U10/><E127/><V124/><F124/><W86/><G86/><T71/><D71/><U113/><E113/><V84/><F84/><W57/><G37/><T95/><D99/><U45/><E119/><V26/><F26/><W85/><G85/><T39/><D82/><U90/><E90/><V110/><F110/><N who="0" m="42026" /><D42/><U78/><E78/><V0/><F4/><W106/><G106/><T30/><D72/><U66/><E66/><V101/><F101/><AGARI ba="0,0" hai="23,27,30,36,39,56,63,65,95,97,101" m="42026" machi="101" ten="30,2000,0" yaku="25,1,14,1" doraHai="43" who="0" fromWho="2" sc="184,20,320,0,240,-20,256,0" /><INIT seed="4,0,0,1,0,12" ten="204,320,220,256" oya="0" hai0="23,98,113,81,11,122,101,48,30,25,36,80,95" hai1="41,100,26,21,130,66,62,74,33,96,121,87,108" hai2="37,0,72,124,47,115,86,4,110,50,135,7,105" hai3="92,88,63,71,118,106,69,129,97,77,61,53,99"/><T54/><D122/><U51/><E108/><V5/><F0/><W8/><G118/><T120/><D120/><U18/><E121/><V32/><F72/><W89/><G77/><T85/><D36/><U55/><E74/><V29/><F105/><W107/><G92/><T14/><D113/><U111/><E41/><V13/><F37/><W126/><G8/><T132/><D85/><U68/><E130/><V75/><F75/><W40/><G40/><T119/><D132/><U20/><E111/><V102/><F135/><W125/><REACH who="3" step="1"/><G53/><REACH who="3" ten="204,320,220,246" step="2"/><T78/><D78/><U73/><E73/><V82/><F115/><W15/><G15/><T28/><D119/><U127/><E127/><V49/><F124/><W91/><G91/><T79/><D79/><U43/><E43/><V60/><F110/><W133/><G133/><T123/><D123/><U6/><E55/><V117/><F13/><W34/><G34/><T109/><D109/><U39/><E33/><V93/><F117/><W19/><G19/><N who="0" m="12543" /><D81/><U59/><E26/><N who="2" m="18487" /><F82/><W42/><G42/><T3/><D3/><U56/><E100/><V104/><F104/><W90/><G90/><T1/><D1/><U27/><E27/><V116/><F102/><W35/><G35/><T103/><D80/><U76/><E18/><V114/><F116/><W83/><G83/><T31/><D103/><U17/><E17/><V52/><F114/><W84/><G84/><T24/><D24/><U44/><E87/><V9/><F9/><W58/><G58/><N who="0" m="33095" /><D14/><U131/><E59/><N who="2" m="34919" /><F47/><W65/><G65/><T45/><D11/><U94/><E66/><RYUUKYOKU ba="0,1" sc="204,10,320,-30,220,10,246,10" hai0="28,30,31,45,95,98,101" hai2="4,5,7,49,50,86,93" hai3="61,63,69,71,88,89,97,99,106,107,125,126,129" /><INIT seed="4,1,1,4,5,29" ten="214,290,230,256" oya="0" hai0="83,39,126,99,113,54,4,24,12,76,135,20,33" hai1="1,15,7,23,127,109,122,52,58,47,132,87,125" hai2="17,98,103,133,112,42,89,92,106,70,105,34,46" hai3="28,8,59,3,27,68,38,65,129,26,116,117,14"/><T90/><D39/><U50/><E109/><V2/><F2/><W119/><G38/><T25/><D126/><N who="1" m="48139" /><E122/><V111/><F111/><W97/><G59/><T53/><D135/><U91/><E1/><V93/><F112/><W96/><G27/><T81/><D113/><U84/><E132/><V85/><F70/><W115/><G115/><T21/><D99/><U101/><E101/><V30/><F133/><W77/><G77/><T44/><D4/><U57/><E87/><V107/><F17/><W108/><G3/><T66/><D66/><U32/><E32/><V130/><F130/><W94/><G129/><T86/><D12/><U124/><N who="1" m="48147" /><U11/><DORA hai="79" /><E23/><V62/><F62/><W131/><G131/><T128/><D128/><U5/><E7/><V45/><REACH who="2" step="1"/><F42/><REACH who="2" ten="214,290,220,256" step="2"/><W22/><G108/><T104/><D24/><AGARI ba="1,2" hai="24,30,34,45,46,85,89,92,93,98,103,105,106,107" machi="24" ten="40,8000,1" yaku="1,1,2,1,52,1,53,1" doraHai="29,79" doraHaiUra="80,110" who="2" fromWho="0" sc="214,-83,290,0,220,103,256,0" /><INIT seed="5,0,0,2,1,122" ten="131,290,323,256" oya="1" hai0="104,53,62,55,17,41,63,67,33,54,87,133,58" hai1="91,83,30,23,134,92,74,7,81,25,105,127,101" hai2="100,94,64,8,28,56,117,6,15,51,75,50,106" hai3="10,95,113,128,90,114,20,99,16,115,72,131,34"/><U82/><E127/><V86/><F75/><W9/><G34/><T37/><D104/><U14/><E134/><V0/><F106/><W103/><G72/><T129/><D33/><U97/><E74/><V102/><F0/><W31/><G31/><T4/><D4/><U5/><REACH who="1" step="1"/><E14/><REACH who="1" ten="131,280,323,256" step="2"/><V61/><F117/><W68/><G68/><N who="0" m="42103" /><D133/><U119/><E119/><V123/><F123/><W112/><G115/><T66/><D87/><AGARI ba="0,1" hai="5,7,23,25,30,81,82,83,87,91,92,97,101,105" machi="87" ten="40,12000,1" yaku="1,1,53,3" doraHai="122" doraHaiUra="77" who="1" fromWho="0" sc="131,-120,280,130,323,0,256,0" /><INIT seed="5,1,0,2,0,18" ten="11,410,323,256" oya="1" hai0="101,29,30,99,39,23,92,38,44,40,97,107,86" hai1="91,127,67,94,53,76,112,85,15,131,32,102,60" hai2="135,49,80,51,81,42,50,90,35,128,56,66,84" hai3="77,110,22,8,19,14,72,61,25,48,57,106,13"/><U5/><E112/><V34/><F128/><W133/><G110/><T4/><D86/><U126/><E32/><V33/><F135/><W119/><G106/><T83/><D83/><U65/><E131/><V55/><F66/><W41/><G119/><T64/><D4/><U89/><E76/><V124/><F124/><N who="1" m="47657" /><E102/><V120/><F120/><W54/><G133/><T96/><D64/><U130/><E130/><V129/><F129/><W79/><G14/><T17/><D38/><U132/><E132/><V125/><F125/><W2/><G2/><T78/><D78/><U59/><E91/><V93/><F42/><W43/><G72/><T73/><D73/><U63/><E60/><V117/><F117/><W12/><G13/><T75/><D75/><U104/><E104/><V26/><F26/><W109/><G109/><T87/><D87/><U3/><E3/><V52/><F50/><W88/><G79/><T69/><D69/><U28/><E28/><V16/><F16/><W27/><G77/><T70/><D99/><U113/><E113/><V31/><F31/><W95/><G61/><T7/><D7/><U71/><E71/><V115/><REACH who="2" step="1"/><F115/><REACH who="2" ten="11,410,313,256" step="2"/><W121/><G121/><T103/><REACH who="0" step="1"/><D70/><REACH who="0" ten="1,410,313,256" step="2"/><U74/><E5/><V98/><F98/><N who="3" m="57703" /><G27/><AGARI ba="1,2" hai="17,23,27,29,30,39,40,44,92,96,97,101,103,107" machi="27" ten="30,3900,0" yaku="1,1,7,1,52,1,53,0" doraHai="18" doraHaiUra="111" who="0" fromWho="3" sc="1,62,410,0,313,0,256,-42" /><INIT seed="6,0,0,0,5,42" ten="63,410,313,214" oya="2" hai0="107,99,3,25,78,102,97,65,80,12,58,39,93" hai1="92,88,90,113,129,108,119,62,56,13,31,0,59" hai2="51,19,64,103,6,29,32,96,118,38,40,50,24" hai3="122,10,61,52,45,17,34,71,20,133,134,86,105"/><V76/><F118/><W18/><G34/><T87/><D3/><U116/><E108/><V55/><F64/><W124/><G105/><T101/><D39/><U128/><E113/><V89/><F76/><W110/><G122/><T131/><D131/><N who="1" m="50251" /><E0/><V98/><F6/><W106/><G106/><T47/><D25/><U79/><E31/><V95/><F19/><W66/><G86/><T33/><D33/><U37/><E79/><V9/><F9/><W121/><G124/><T109/><D109/><U60/><E37/><V27/><F27/><W73/><G73/><T135/><D135/><N who="3" m="51721" /><G121/><T49/><D12/><U127/><E127/><V117/><F117/><N who="1" m="45129" /><E13/><V26/><F26/><W120/><G120/><T115/><D115/><U28/><E28/><V23/><F32/><W16/><G10/><T94/><D107/><U53/><E92/><N who="2" m="56335" /><F38/><W100/><G110/><T69/><D69/><U132/><E132/><V35/><F35/><W46/><G20/><T30/><D30/><U21/><E21/><V22/><F22/><W57/><G100/><T4/><D65/><AGARI ba="0,0" hai="53,56,59,60,62,65,88,90" m="45129,50251" machi="65" ten="30,2000,0" yaku="19,1,54,1" doraHai="42" who="1" fromWho="0" sc="63,-20,410,20,313,0,214,0" /><INIT seed="7,0,0,0,0,73" ten="43,430,313,214" oya="3" hai0="121,111,71,22,16,94,33,78,58,72,97,117,0" hai1="82,45,12,59,64,69,125,85,65,135,35,55,24" hai2="67,46,92,93,9,56,124,62,29,44,126,15,122" hai3="101,14,6,86,106,19,81,27,91,104,107,70,90"/><W1/><G70/><T5/><D71/><U77/><E69/><V23/><F122/><W113/><G1/><T3/><D33/><U105/><E105/><V100/><F93/><W8/><G113/><T74/><D111/><U48/><E125/><V2/><F2/><W115/><G115/><T57/><D117/><U119/><E135/><V98/><F124/><W18/><G101/><T38/><D38/><U47/><E35/><V37/><F37/><W112/><G112/><T128/><D22/><U31/><E31/><V84/><F84/><W17/><REACH who="3" step="1"/><G27/><REACH who="3" ten="43,430,313,204" step="2"/><T87/><D87/><U116/><E24/><N who="2" m="16543" /><F126/><W76/><AGARI ba="0,1" hai="6,8,14,17,18,19,76,81,86,90,91,104,106,107" machi="76" ten="40,18000,2" yaku="1,1,0,1,52,1,53,3" doraHai="73" doraHaiUra="103" who="3" fromWho="3" sc="43,-60,430,-60,313,-60,204,190" owari="-17,-51.7,370,17.0,253,-14.7,394,49.4" /></mjloggm>