<mjloggm ver="2.3"><GO type="41" lobby="0"/><UN n0="%74%69%67%65%72%63%61%74" n1="%E7%B4%85%E5%AD%94%E9%9B%80%E5%90%8D%E4%BA%BA" n2="%E2%93%9D%4C%75%63%6B%79%4A" n3="%73%65%62%75%6B%69%63%68" dan="15,13,18,14" rate="1978.98,1908.51,2174.73,1926.35" sx="M,M,M,M"/><TAIKYOKU oya="0"/><INIT seed="0,0,0,2,4,65" ten="250,250,250,250" oya="0" hai0="23,64,120,70,91,73,80,50,112,41,88,90,18" hai1="45,66,135,38,117,48,28,7,102,108,62,30,72" hai2="34,15,67,85,96,116,49,46,51,87,20,77,17" hai3="22,124,53,37,130,61,36,127,69,118,25,121,0"/><T16/><D112/><U31/><E117/><V19/><F34/><W119/><G0/><T79/><D120/><U110/><E72/><V13/><F116/><N who="3" m="44587" /><G121/><T52/><D41/><U132/><E38/><N who="3" m="14954" /><G22/><T78/><D78/><U5/><E102/><V63/><F96/><W55/><G25/><T81/><D81/><U82/><E82/><V106/><F106/><W8/><G8/><T39/><D39/><U109/><E45/><V92/><F92/><W21/><G21/><T43/><D43/><U125/><E48/><V71/><F51/><W60/><G130/><T99/><D99/><U58/><REACH who="1" step="1"/><E125/><REACH who="1" ten="250,240,250,250" step="2"/><N who="3" m="48202" /><G60/><T57/><REACH who="0" step="1"/><D23/><REACH who="0" ten="240,240,250,250" step="2"/><U131/><E131/><V4/><F77/><W68/><G61/><AGARI ba="0,2" hai="16,18,50,52,57,61,64,70,73,79,80,88,90,91" machi="61" ten="40,18000,2" yaku="1,1,2,1,52,1,54,3,53,0" doraHai="65" doraHaiUra="134" who="0" fromWho="3" sc="240,200,240,0,250,0,250,-180" /><INIT seed="0,1,0,1,4,83" ten="440,240,250,70" oya="0" hai0="24,77,135,120,20,86,129,19,7,106,22,18,117" hai1="6,74,43,70,122,105,82,63,60,97,9,45,124" hai2="91,133,51,55,3,72,36,80,98,132,84,34,103" hai3="88,116,52,73,128,75,115,39,99,12,54,107,102"/><T38/><D117/><U62/><E70/><V25/><F3/><W101/><G116/><T90/><D120/><U104/><E122/><V87/><F36/><W95/><G39/><T11/><D38/><U16/><E124/><V30/><F72/><W118/><G118/><T23/><D106/><U127/><E127/><V119/><F119/><W81/><G115/><T108/><D135/><N who="2" m="51786" /><F91/><W0/><G0/><T2/><D129/><U17/><E97/><V94/><F80/><W64/><G64/><T50/><D77/><U10/><E82/><V56/><AGARI ba="1,0" hai="25,30,34,51,55,56,84,87,94,98,103" m="51786" machi="56" ten="30,4000,0" yaku="20,1,52,2" doraHai="83" who="2" fromWho="2" sc="440,-21,240,-11,250,43,70,-11" /><INIT seed="1,0,0,4,4,121" ten="419,229,293,59" oya="1" hai0="53,28,57,5,99,22,97,70,82,6,59,135,55" hai1="34,42,56,2,62,75,76,116,95,0,85,20,58" hai2="68,89,13,26,117,1,60,18,83,61,130,43,11" hai3="32,118,106,40,96,4,33,16,91,65,110,67,79"/><U12/><E34/><V129/><F43/><W24/><G79/><T132/><D70/><U9/><E75/><V98/><F1/><W3/><G40/><T37/><D82/><U14/><E42/><V35/><F117/><W90/><G118/><T66/><D66/><U108/><E116/><V74/><F68/><W114/><G114/><T8/><D22/><U107/><E107/><V101/><F26/><W19/><G3/><T52/><D28/><U21/><E95/><V127/><F127/><W87/><G106/><T29/><D29/><U7/><E76/><N who="2" m="44439" /><F89/><W109/><G4/><N who="0" m="1643" /><D8/><U131/><E7/><V103/><F103/><W10/><G10/><T50/><D37/><U69/><E9/><V45/><F45/><W15/><G15/><T134/><D50/><U72/><E72/><V46/><F46/><W49/><G49/><T123/><D123/><U77/><E62/><V63/><F35/><W39/><G87/><T17/><D17/><U124/><E85/><V25/><F63/><W38/><REACH who="3" step="1"/><G96/><AGARI ba="0,0" hai="52,53,55,57,59,96,97,99,132,134,135" m="1643" machi="96" ten="40,8000,1" yaku="28,2,20,1,54,1" doraHai="121" who="0" fromWho="3" sc="419,80,229,0,293,0,59,-80" owari="499,59.9,229,-17.1,293,9.3,-21,-52.1" /></mjloggm>