<mjloggm ver="2.3"><GO type="137" lobby="0"/><UN n0="%68%61%74%61%65" n1="%E6%A9%8B%E6%9C%AC%E3%82%AC%E3%83%B3%E3%83%8A%E3%83%BC" n2="%4D%4D%4D%32%30%31%30%30" n3="%E2%93%9D%4C%75%63%6B%79%4A" dan="11,12,10,12" rate="1630.70,1817.76,1544.44,1849.75" sx="M,M,M,M"/><TAIKYOKU oya="0"/><INIT seed="0,0,0,2,0,39" ten="250,250,250,250" oya="0" hai0="117,125,106,46,13,82,132,107,72,105,6,111,80" hai1="9,87,121,17,63,59,99,8,74,108,47,29,34" hai2="25,53,62,118,22,88,101,120,112,110,4,127,33" hai3="100,28,86,5,56,103,81,116,44,83,115,7,14"/><T96/><D13/><U78/><E121/><V73/><F120/><W35/><G115/><T95/><D46/><U11/><E74/><V93/><F73/><W1/><G116/><T130/><D6/><U24/><E108/><V70/><F118/><W10/><G83/><N who="0" m="31787" /><D111/><U75/><E75/><V45/><F112/><W40/><G56/><T128/><D117/><U66/><E87/><V109/><F127/><W41/><G35/><T61/><D61/><U21/><E78/><V119/><F119/><W67/><G28/><T37/><D37/><U23/><E99/><V51/><F101/><N who="3" m="38987" /><G1/><T85/><D72/><U89/><E89/><V129/><F129/><N who="0" m="49770" /><D132/><U19/><E47/><V36/><F33/><W97/><G67/><T68/><D68/><U58/><E58/><V76/><F76/><N who="3" m="46375" /><G7/><T18/><D18/><U30/><REACH who="1" step="1"/><E34/><REACH who="1" ten="250,240,250,250" step="2"/><V92/><F110/><W69/><G44/><T32/><D32/><U77/><E77/><V91/><F109/><W15/><G69/><T134/><D134/><U60/><E60/><V131/><F131/><W114/><G114/><T55/><D125/><U71/><E71/><V50/><F70/><W126/><G126/><T57/><D85/><U20/><E20/><V31/><F62/><W16/><G97/><T135/><D135/><U113/><E113/><V38/><F45/><W48/><G48/><N who="0" m="30951" /><D96/><U102/><E102/><V65/><F50/><W79/><G79/><T26/><D95/><U123/><E123/><V122/><F93/><W54/><G54/><T90/><D90/><U133/><E133/><V52/><F91/><W104/><G104/><RYUUKYOKU ba="0,1" sc="250,10,240,10,250,-30,250,10" hai0="26,105,106,107" hai1="8,9,11,17,19,21,23,24,29,30,59,63,66" hai3="5,10,14,15,16,40,41" /><INIT seed="0,1,1,4,5,39" ten="260,250,220,260" oya="0" hai0="46,8,90,102,19,4,43,41,11,31,111,85,88" hai1="21,122,108,27,91,100,61,59,24,82,120,9,65" hai2="125,28,64,6,32,49,78,23,92,26,87,29,33" hai3="57,112,47,135,129,63,20,35,98,123,34,110,30"/><T119/><D119/><U94/><E108/><V37/><F37/><W89/><G112/><T74/><D74/><U80/><E100/><V114/><F114/><W105/><G110/><T45/><D111/><U113/><E113/><V13/><F125/><W127/><G127/><T17/><D102/><U109/><E109/><V0/><F64/><W15/><G47/><N who="0" m="17931" /><D31/><U86/><E122/><V36/><F36/><W133/><G129/><T40/><D4/><U97/><E120/><V3/><F49/><W93/><G105/><T132/><D132/><N who="3" m="50761" /><G123/><T25/><D90/><U44/><E44/><V56/><F56/><W54/><G30/><T55/><D55/><U104/><E104/><V106/><F106/><W134/><N who="3" m="50769" /><W69/><DORA hai="116" /><G69/><T48/><D48/><U5/><E97/><V76/><F76/><W53/><G54/><T52/><D52/><U81/><REACH who="1" step="1"/><E21/><REACH who="1" ten="260,240,220,260" step="2"/><V60/><F60/><W128/><G128/><T7/><D7/><U117/><E117/><V50/><F50/><W72/><G72/><T131/><D131/><U12/><AGARI ba="1,2" hai="5,9,12,24,27,59,61,65,80,81,82,86,91,94" machi="12" ten="30,7900,0" yaku="1,1,0,1,8,1,53,1" doraHai="39,116" doraHaiUra="38,2" who="1" fromWho="1" sc="260,-40,240,102,220,-21,260,-21" /><INIT seed="1,0,0,5,4,53" ten="220,342,199,239" oya="1" hai0="33,10,131,78,21,119,121,128,38,123,23,13,79" hai1="35,132,27,91,122,34,31,52,129,12,107,88,48" hai2="16,2,30,113,11,26,72,44,86,54,57,112,114" hai3="4,47,42,25,82,117,61,29,19,120,76,93,71"/><U0/><E0/><V97/><F72/><W81/><G120/><N who="0" m="46155" /><D38/><U135/><E122/><V109/><F109/><W14/><G4/><N who="0" m="3271" /><D79/><U67/><E107/><V75/><F75/><W77/><G117/><T60/><D78/><U6/><E35/><V98/><F44/><W56/><G71/><T89/><D119/><U69/><E129/><N who="0" m="49737" /><D60/><U111/><E111/><V46/><F46/><W40/><G77/><T83/><D33/><U94/><E69/><V125/><F86/><AGARI ba="0,0" hai="21,23,83,86,89" m="49737,3271,46155" machi="86" ten="30,2000,0" yaku="13,1,19,1" doraHai="53" who="0" fromWho="2" sc="220,20,342,0,199,-20,239,0" /><INIT seed="2,0,0,1,2,21" ten="240,342,179,239" oya="2" hai0="109,86,83,65,11,113,60,98,78,27,62,106,134" hai1="53,87,123,101,67,45,110,128,84,81,15,108,0" hai2="4,82,56,48,6,117,23,74,120,77,127,13,63" hai3="69,61,132,29,88,73,97,121,135,44,54,118,9"/><V2/><F120/><W99/><G121/><T92/><D109/><N who="1" m="42091" /><E123/><V38/><F38/><W30/><G73/><T66/><D134/><N who="3" m="51241" /><G9/><T103/><D106/><U16/><E128/><V51/><F117/><W43/><G118/><T115/><D11/><U90/><E0/><V33/><F33/><W72/><G72/><T76/><D76/><N who="1" m="46119" /><E101/><V20/><F127/><W104/><G54/><T112/><REACH who="0" step="1"/><D27/><REACH who="0" ten="230,342,179,239" step="2"/><U28/><E67/><AGARI ba="0,1" hai="60,62,65,66,67,78,83,86,92,98,103,112,113,115" machi="67" ten="40,2600,0" yaku="1,1,2,1,53,0" doraHai="21" doraHaiUra="133" who="0" fromWho="1" sc="230,36,342,-26,179,0,239,0" /><INIT seed="3,0,0,4,4,64" ten="266,316,179,239" oya="3" hai0="61,68,43,45,16,126,96,100,57,108,128,85,22" hai1="107,82,109,4,29,32,14,89,92,7,44,114,53" hai2="62,86,0,104,5,65,34,84,41,120,50,58,48" hai3="93,77,1,112,20,117,131,95,24,121,69,70,38"/><W63/><G112/><T27/><D126/><U74/><E114/><V119/><F119/><W33/><G117/><T17/><D128/><U94/><E107/><V130/><F130/><W111/><G131/><T26/><D108/><U56/><E109/><V54/><F34/><W6/><G111/><T80/><D68/><U9/><E32/><V116/><F116/><W99/><G38/><T105/><D57/><U15/><E29/><V122/><F104/><W72/><G33/><T78/><D61/><U39/><E39/><V91/><F5/><W73/><G77/><T3/><D3/><U123/><E44/><V60/><F0/><W88/><G121/><T98/><D98/><U133/><E133/><V8/><F8/><W134/><G95/><T12/><REACH who="0" step="1"/><D17/><REACH who="0" ten="256,316,179,239" step="2"/><U106/><E56/><V21/><F122/><W124/><G124/><T35/><D35/><U81/><E123/><V31/><F120/><W79/><G63/><T127/><D127/><U66/><E66/><V40/><F86/><W47/><G73/><T76/><D76/><U30/><E74/><V125/><F125/><W42/><G72/><T49/><AGARI ba="0,1" hai="12,16,22,26,27,43,45,49,78,80,85,96,100,105" machi="49" ten="20,5200,0" yaku="1,1,0,1,7,1,54,1,53,0" doraHai="64" doraHaiUra="25" who="0" fromWho="0" sc="256,62,316,-13,179,-13,239,-26" /><INIT seed="4,0,0,5,1,38" ten="318,303,166,213" oya="0" hai0="20,117,90,17,82,72,129,29,99,108,102,120,105" hai1="28,60,27,68,97,67,96,92,109,83,39,59,75" hai2="124,88,34,98,51,43,8,14,57,55,116,126,95" hai3="128,48,46,81,53,112,79,30,125,121,37,62,52"/><T15/><D120/><U115/><E109/><V19/><F34/><W74/><G121/><T66/><D129/><U4/><E115/><V80/><F116/><W110/><G110/><T135/><D117/><U101/><E39/><V122/><F122/><W103/><G128/><T134/><D66/><U23/><E4/><V50/><F80/><W133/><G37/><T13/><D108/><U47/><E47/><V73/><F73/><W35/><G103/><T40/><D29/><U87/><E75/><V69/><F69/><W10/><G125/><T107/><D107/><U18/><E97/><V5/><REACH who="2" step="1"/><F5/><REACH who="2" ten="318,303,156,213" step="2"/><W86/><G74/><T11/><D72/><U3/><E68/><V94/><F94/><W64/><G35/><T56/><D56/><U32/><E32/><V0/><F0/><W77/><G81/><T21/><D40/><U1/><E1/><V85/><F85/><W100/><G86/><N who="0" m="50519" /><D15/><U78/><REACH who="1" step="1"/><E3/><REACH who="1" ten="318,293,156,213" step="2"/><V119/><F119/><W111/><G111/><T44/><D44/><AGARI ba="0,2" hai="8,14,19,43,44,50,51,55,57,88,95,98,124,126" machi="44" ten="40,5200,0" yaku="1,1,52,1,54,1,53,0" doraHai="38" doraHaiUra="130" who="2" fromWho="0" sc="318,-52,293,0,156,72,213,0" /><INIT seed="5,0,0,0,2,97" ten="266,293,228,213" oya="1" hai0="71,85,66,40,98,128,92,14,91,126,38,41,50" hai1="133,24,87,12,108,84,42,124,73,32,45,44,67" hai2="72,119,100,13,89,4,46,5,116,134,135,48,115" hai3="95,127,22,129,8,122,7,76,49,64,63,104,102"/><U109/><E133/><N who="2" m="50699" /><F72/><W68/><G122/><T106/><D128/><U59/><E124/><V57/><F57/><W17/><G127/><T113/><D126/><U110/><E73/><V21/><F89/><W18/><G129/><T3/><D113/><U103/><E12/><V27/><F115/><W75/><G104/><T107/><D38/><U31/><E103/><V56/><F56/><W77/><G49/><T39/><D3/><U65/><E45/><V90/><F90/><W53/><G53/><T33/><D33/><U81/><E59/><V26/><F26/><W74/><G75/><T96/><D39/><U15/><E15/><V1/><F1/><W86/><G74/><T2/><D2/><U36/><REACH who="1" step="1"/><E87/><REACH who="1" ten="266,283,228,213" step="2"/><V125/><F125/><W114/><G86/><T111/><D111/><U23/><E23/><V54/><F100/><W35/><G22/><T88/><D88/><AGARI ba="0,1" hai="24,31,32,36,42,44,65,67,81,84,88,108,109,110" machi="88" ten="40,7700,0" yaku="1,1,10,1,54,1,53,0" doraHai="97" doraHaiUra="93" who="1" fromWho="0" sc="266,-77,283,87,228,0,213,0" /><INIT seed="5,1,0,2,1,114" ten="189,370,228,213" oya="1" hai0="32,110,23,5,77,69,90,108,47,52,81,83,84" hai1="76,75,101,121,64,96,107,46,41,0,122,56,34" hai2="44,19,128,87,30,58,125,35,25,40,130,72,109" hai3="16,26,86,18,80,135,27,24,102,126,119,118,12"/><U48/><E34/><V134/><F72/><W51/><G126/><T124/><D69/><U6/><E56/><V54/><F109/><W112/><G112/><T63/><D32/><U1/><E64/><V4/><F4/><W95/><G135/><T49/><D124/><U127/><E127/><V36/><F125/><W132/><G132/><T79/><D5/><U33/><E33/><V91/><F134/><W13/><G95/><T73/><D23/><U85/><E75/><V99/><F99/><W31/><G102/><T116/><D116/><N who="3" m="44585" /><G51/><T22/><D90/><U106/><E106/><V111/><F111/><W8/><G13/><T3/><D3/><U103/><E103/><V57/><F19/><N who="3" m="8583" /><G31/><T115/><D115/><U10/><E0/><V78/><F78/><AGARI ba="1,0" hai="16,18,24,26,27,78,80,86" m="8583,44585" machi="78" ten="30,8000,1" yaku="12,1,52,3,54,1" doraHai="114" who="3" fromWho="2" sc="189,0,370,0,228,-83,213,83" /><INIT seed="6,0,0,2,5,107" ten="189,370,145,296" oya="2" hai0="28,29,96,30,35,129,38,18,68,52,32,116,118" hai1="2,101,109,84,92,77,114,15,112,124,46,47,128" hai2="106,134,132,123,130,111,6,115,100,55,17,22,16" hai3="9,4,8,63,90,70,27,78,53,81,64,102,40"/><V0/><F123/><W125/><G125/><T133/><D68/><U79/><E109/><V51/><F111/><W97/><G40/><T13/><D38/><U91/><E124/><V48/><F48/><W11/><G90/><T20/><D129/><U117/><E117/><N who="0" m="45161" /><D133/><N who="2" m="51306" /><F130/><W49/><G27/><N who="0" m="16487" /><D52/><U61/><E128/><V10/><F115/><W126/><G126/><T73/><D96/><U45/><E114/><V43/><F43/><W36/><G36/><T85/><D85/><U34/><E84/><V58/><F22/><W135/><G135/><T62/><D62/><U59/><E61/><V121/><F121/><W33/><G33/><N who="0" m="12875" /><D73/><U80/><E34/><V24/><F24/><W103/><G97/><AGARI ba="0,0" hai="0,6,10,16,17,51,55,58,97,100,106" m="51306" machi="97" ten="30,2900,0" yaku="20,1,54,1" doraHai="107" who="2" fromWho="3" sc="189,0,370,0,145,29,296,-29" /><INIT seed="6,1,0,0,5,134" ten="189,370,174,267" oya="2" hai0="107,44,61,69,81,103,0,62,15,9,5,124,14" hai1="22,38,50,71,135,48,94,64,90,127,36,88,111" hai2="31,12,54,109,75,110,33,35,128,11,78,76,32" hai3="6,3,106,27,96,28,39,86,17,98,116,65,49"/><V68/><F68/><W104/><G39/><T83/><D124/><U23/><E135/><V126/><F126/><W114/><G17/><T89/><D69/><U77/><E127/><V132/><F132/><W120/><G86/><T93/><D107/><U119/><E71/><V18/><F75/><W105/><G49/><T80/><D0/><U13/><E94/><V131/><F54/><W91/><G91/><T99/><D44/><U34/><E13/><V63/><F63/><W101/><G114/><T47/><D47/><U19/><E19/><V73/><F73/><W56/><G120/><T7/><REACH who="0" step="1"/><D103/><REACH who="0" ten="179,370,174,267" step="2"/><U108/><E108/><N who="2" m="41579" /><F78/><W57/><G106/><T37/><D37/><U25/><E111/><V79/><F79/><W67/><G105/><T4/><D4/><U60/><E77/><V72/><F76/><W97/><G104/><T130/><D130/><N who="2" m="49706" /><F72/><W125/><G125/><T52/><D52/><U133/><E133/><V70/><F70/><W123/><G67/><T45/><D45/><U113/><E64/><V21/><F31/><W20/><G28/><T24/><D24/><U46/><E38/><V10/><AGARI ba="1,1" hai="10,11,12,18,21,32,33,35" m="49706,41579" machi="10" ten="40,12000,1" yaku="10,1,19,1,34,2" doraHai="134" who="2" fromWho="2" sc="179,-41,370,-41,174,133,267,-41" /><INIT seed="6,2,0,3,3,115" ten="138,329,307,226" oya="2" hai0="83,53,25,61,104,69,44,63,23,134,1,82,3" hai1="56,59,19,100,41,102,117,135,24,38,5,94,107" hai2="87,106,7,54,71,74,39,125,9,133,22,121,122" hai3="15,119,99,4,17,52,32,55,131,13,108,109,124"/><V110/><F74/><W77/><G32/><T70/><D134/><U118/><E135/><V45/><F133/><W58/><G124/><T10/><D1/><U46/><E5/><V20/><F106/><W81/><G119/><T128/><D128/><U60/><E107/><V2/><F125/><W123/><G123/><T98/><D98/><BYE who="0" /><U79/><E79/><V49/><F71/><W47/><G131/><T36/><D36/><U6/><E6/><V0/><F0/><W126/><G126/><T130/><D130/><U92/><E59/><V103/><F103/><W34/><G34/><T88/><D88/><U48/><E38/><V90/><F110/><W84/><G99/><T65/><D65/><U14/><E24/><V68/><F68/><W116/><G116/><T112/><D112/><U101/><E118/><V72/><F72/><W35/><G35/><T12/><D12/><U11/><REACH who="1" step="1"/><E117/><REACH who="1" ten="138,319,307,226" step="2"/><V76/><F76/><W62/><G4/><T67/><D67/><AGARI ba="2,1" hai="11,14,19,41,46,48,56,60,67,92,94,100,101,102" machi="67" ten="40,5200,0" yaku="1,1,2,1,8,1,53,0" doraHai="115" doraHaiUra="120" who="1" fromWho="0" sc="138,-58,319,68,307,0,226,0" /><INIT seed="7,0,0,1,4,29" ten="80,387,307,226" oya="3" hai0="57,4,26,93,102,134,66,68,74,84,34,36,60" hai1="28,99,104,114,103,120,101,16,130,32,0,126,13" hai2="58,39,94,64,77,107,123,97,8,11,90,72,79" hai3="106,95,17,85,44,81,78,111,55,122,62,53,38"/><W67/><G122/><T116/><D116/><U108/><E120/><V124/><F123/><W96/><G106/><T70/><D70/><U135/><E108/><V35/><F39/><W21/><G111/><T3/><D3/><U14/><E0/><V56/><F107/><W51/><G38/><T41/><D41/><U19/><E114/><V48/><F124/><W73/><G73/><T7/><D7/><U91/><E126/><V43/><F35/><W92/><G55/><T80/><D80/><U88/><E130/><V115/><F115/><W63/><G67/><T125/><D125/><U20/><E103/><V15/><F72/><W110/><G110/><T45/><D45/><U87/><E135/><V83/><F83/><W22/><G95/><T121/><D121/><U23/><E87/><V54/><F43/><W127/><G127/><T42/><D42/><U113/><E113/><V27/><F27/><AGARI ba="0,0" hai="13,14,16,19,20,23,27,28,32,88,91,99,101,104" machi="27" ten="40,8000,1" yaku="9,1,52,1,54,2" doraHai="29" who="1" fromWho="2" sc="80,0,387,80,307,-80,226,0" owari="80,-42.0,467,56.7,227,2.7,226,-17.4" /></mjloggm>