<mjloggm ver="2.3"><GO type="41" lobby="0"/><UN n0="%E5%85%AD%E6%9D%91%E4%BA%8C%E5%A1%81" n1="%74%6F%6D%6F%6B%69%63%68" n2="%E2%93%9D%4C%75%63%6B%79%4A" n3="%E7%81%AB%E5%8F%A3%E4%BB%98%E8%BF%91" dan="14,14,15,14" rate="1945.03,1888.36,2171.82,1918.06" sx="M,M,M,M"/><TAIKYOKU oya="0"/><INIT seed="0,0,0,1,0,130" ten="250,250,250,250" oya="0" hai0="79,13,23,31,109,57,126,6,29,36,115,83,134" hai1="25,28,5,3,52,87,94,89,43,39,41,40,131" hai2="129,70,119,32,20,17,38,93,69,46,117,112,91" hai3="108,0,123,106,118,55,8,42,15,78,73,76,51"/><T75/><D115/><U18/><E131/><V68/><F112/><W19/><G106/><T74/><D126/><U90/><E18/><V35/><F129/><W103/><G108/><T84/><D109/><U54/><E39/><V135/><F46/><W61/><G103/><T122/><D122/><U58/><E90/><V47/><F47/><W124/><G124/><T98/><D36/><U71/><E71/><V132/><F38/><W50/><G123/><T121/><D121/><U16/><E58/><V125/><F125/><W37/><G118/><N who="2" m="45065" /><F20/><W86/><G61/><T95/><D134/><N who="2" m="51242" /><F17/><W102/><G19/><N who="0" m="10735" /><D74/><U10/><REACH who="1" step="1"/><E16/><REACH who="1" ten="250,240,250,250" step="2"/><V11/><F11/><W80/><G8/><T85/><D6/><U1/><E1/><V9/><F9/><W24/><G0/><T97/><D75/><U34/><AGARI ba="0,1" hai="3,5,10,25,28,34,40,41,43,52,54,87,89,94" machi="34" ten="30,4000,0" yaku="1,1,0,1,54,1,53,0" doraHai="130" doraHaiUra="99" who="1" fromWho="1" sc="250,-20,240,50,250,-10,250,-10" /><INIT seed="1,0,0,3,4,56" ten="230,290,240,240" oya="1" hai0="82,96,68,22,55,20,84,101,61,34,58,127,104" hai1="69,13,85,47,67,117,124,112,0,75,80,130,109" hai2="83,36,25,29,17,64,60,9,2,120,19,134,12" hai3="87,119,27,106,95,35,10,11,71,42,46,122,90"/><U16/><E117/><V43/><F120/><W89/><G71/><T30/><D127/><U108/><E112/><V48/><F2/><W57/><G106/><T63/><D34/><U98/><E0/><V73/><F36/><W40/><G122/><T128/><D128/><U49/><E98/><V33/><F134/><W118/><G57/><T70/><D70/><U81/><E75/><V116/><F116/><W74/><G74/><T3/><D3/><U4/><E4/><V105/><F105/><W65/><G119/><T24/><D20/><U23/><E124/><V103/><F103/><W121/><G118/><T59/><D68/><U5/><E5/><V32/><F33/><W102/><G65/><T15/><D15/><U107/><E107/><V21/><F43/><W129/><G102/><T133/><D133/><U37/><E37/><V110/><F48/><W41/><G121/><T88/><D59/><U52/><E130/><V14/><F110/><N who="1" m="42601" /><E85/><V131/><F131/><W54/><G129/><T94/><D104/><U125/><E125/><V44/><F44/><W91/><G35/><T113/><D113/><U1/><E1/><V18/><F32/><W77/><G27/><T99/><REACH who="0" step="1"/><D96/><REACH who="0" ten="220,290,240,240" step="2"/><U38/><E38/><V51/><F14/><W135/><G135/><T28/><D28/><U62/><AGARI ba="0,1" hai="13,16,23,47,49,52,62,67,69,80,81" m="42601" machi="62" ten="30,12000,1" yaku="14,1,10,1,52,1,54,2" doraHai="56" who="1" fromWho="1" sc="220,-40,290,130,240,-40,240,-40" /><INIT seed="1,1,0,2,4,62" ten="180,420,200,200" oya="1" hai0="110,16,3,65,51,86,55,18,41,67,46,119,126" hai1="47,132,121,111,40,102,66,2,58,49,5,105,79" hai2="134,63,128,131,104,26,22,92,56,33,87,78,38" hai3="48,57,81,17,25,0,103,28,43,96,73,107,127"/><U118/><E121/><V115/><F104/><W123/><G127/><T93/><D119/><U133/><E118/><V24/><F38/><W88/><G123/><T20/><D3/><U45/><E79/><V129/><F134/><N who="1" m="51817" /><E102/><V60/><F115/><W116/><G116/><T97/><D110/><U6/><E105/><V61/><F33/><W72/><G0/><T91/><D126/><U85/><E85/><V10/><F10/><W59/><G17/><N who="0" m="6763" /><D20/><U50/><E2/><V90/><F78/><W99/><G72/><T34/><D34/><U117/><E117/><V101/><F101/><W36/><G36/><T27/><D27/><U44/><E5/><V9/><F9/><W122/><G122/><T19/><N who="0" m="6771" /><T113/><DORA hai="109" /><D113/><U112/><E6/><V39/><F39/><W130/><G130/><T14/><D14/><U70/><E111/><V13/><F13/><W100/><G43/><T98/><D41/><U23/><E23/><V80/><F22/><W83/><G73/><T76/><D76/><U135/><E135/><V37/><F37/><W95/><G103/><N who="0" m="60847" /><D98/><U11/><E11/><V54/><REACH who="2" step="1"/><F92/><AGARI ba="1,0" hai="46,51,55,65,67,86,91,92" m="60847,6771" machi="92" ten="30,7700,0" yaku="8,1,52,2,54,1" doraHai="62,109" who="0" fromWho="2" sc="180,80,420,0,200,-80,200,0" /><INIT seed="2,0,0,4,0,13" ten="260,420,120,200" oya="2" hai0="95,132,42,63,135,93,130,27,29,92,109,128,5" hai1="55,90,57,84,87,17,86,83,80,121,126,51,77" hai2="0,11,1,134,115,123,25,21,16,36,4,48,66" hai3="19,124,73,125,82,107,32,112,79,98,39,7,12"/><V96/><F36/><W20/><G39/><T91/><D5/><U8/><E126/><N who="3" m="48746" /><G112/><T106/><D42/><U41/><E41/><V47/><F115/><W28/><G7/><T44/><D44/><U31/><E31/><V97/><F123/><W74/><G28/><T94/><D63/><U102/><E102/><V23/><F134/><N who="0" m="51242" /><D27/><U78/><E121/><V101/><F1/><W49/><G49/><T61/><D29/><U58/><E58/><V24/><F66/><W40/><G40/><T2/><D61/><U59/><E59/><V56/><F56/><W65/><G65/><T64/><D64/><U14/><E87/><V38/><F38/><W6/><G6/><T37/><D2/><U45/><E57/><V52/><F101/><N who="3" m="62903" /><G32/><T43/><D43/><U104/><E104/><V103/><F103/><W54/><G54/><T69/><D69/><U68/><E68/><V85/><F85/><AGARI ba="0,0" hai="12,19,20,73,74,79,82,85" m="62903,48746" machi="85" ten="30,2000,0" yaku="18,1,52,1" doraHai="13" who="3" fromWho="2" sc="260,0,420,0,120,-20,200,20" /><INIT seed="3,0,0,1,0,38" ten="260,420,100,220" oya="3" hai0="120,32,69,60,15,68,124,113,7,9,28,24,133" hai1="117,2,125,1,26,10,114,27,77,115,31,54,63" hai2="123,45,41,33,75,42,70,130,107,14,122,101,19" hai3="88,58,78,8,84,36,16,17,95,89,20,79,25"/><W73/><G73/><T46/><D120/><N who="2" m="46122" /><F33/><W127/><G127/><T97/><D124/><U66/><E117/><V99/><F75/><W53/><G36/><T18/><D133/><U135/><E135/><V86/><F70/><W83/><G8/><T59/><D113/><U4/><E125/><V64/><F64/><W108/><G17/><T22/><D46/><U96/><E1/><V116/><F116/><W112/><G112/><T44/><D44/><U85/><E27/><V80/><F45/><W129/><G129/><T111/><D97/><U81/><E96/><V62/><F62/><N who="3" m="36175" /><G108/><T35/><D111/><U47/><E47/><V57/><F57/><W126/><G126/><T51/><D51/><U103/><E103/><V109/><F130/><W37/><G37/><T71/><D35/><U43/><E54/><V82/><F109/><W128/><G128/><T121/><D121/><U106/><E106/><V90/><F82/><W94/><G83/><T93/><D93/><U87/><E81/><V92/><F107/><W105/><G105/><T110/><D110/><U55/><E66/><V40/><F19/><W98/><AGARI ba="0,0" hai="16,20,25,78,79,84,88,89,94,95,98" m="36175" machi="98" ten="30,11700,0" yaku="25,1,8,1,54,2" doraHai="38" who="3" fromWho="3" sc="260,-39,420,-39,100,-39,220,117" /><INIT seed="3,1,0,2,5,50" ten="221,381,61,337" oya="3" hai0="29,89,25,15,22,121,63,4,86,91,130,129,31" hai1="122,2,71,12,36,42,80,76,70,126,64,110,17" hai2="65,128,47,94,93,85,92,112,23,83,109,73,113" hai3="33,84,44,9,3,1,10,49,8,55,21,115,72"/><W43/><G72/><T56/><D121/><U39/><E122/><V90/><F65/><W66/><G33/><T88/><D31/><U6/><E110/><V30/><F47/><W102/><G115/><N who="2" m="44105" /><F23/><W134/><G102/><T45/><D45/><U7/><E42/><V123/><F30/><W75/><G75/><T16/><D4/><U20/><E71/><V131/><F123/><W28/><G134/><T96/><D96/><U108/><E108/><V104/><F109/><W41/><G66/><T37/><D37/><U117/><E70/><V59/><F59/><W119/><G119/><T81/><D130/><N who="2" m="49706" /><F104/><W34/><G34/><T120/><D120/><U87/><E117/><V24/><F24/><N who="3" m="16399" /><G3/><T62/><D62/><U124/><E64/><V53/><F53/><W132/><G1/><T40/><D40/><U5/><E2/><V38/><F38/><W114/><G132/><T18/><D129/><U69/><E69/><V26/><F26/><W51/><G114/><T74/><D74/><AGARI ba="1,0" hai="73,74,83,85,90,92,93,94" m="49706,44105" machi="74" ten="40,5200,0" yaku="19,1,34,2" doraHai="50" who="2" fromWho="0" sc="221,-55,381,0,61,55,337,0" /><INIT seed="4,0,0,2,3,38" ten="166,381,116,337" oya="0" hai0="59,81,4,17,44,128,97,50,62,87,8,68,51" hai1="96,6,42,76,48,32,66,13,19,63,103,25,30" hai2="41,105,135,95,52,10,7,36,108,9,101,64,111" hai3="43,100,129,88,130,127,118,53,65,39,45,37,85"/><T40/><D128/><U2/><E76/><V77/><F64/><W3/><G3/><T35/><D35/><U90/><E90/><V89/><F105/><W56/><G118/><T106/><D68/><U58/><E6/><V123/><F123/><W82/><G127/><T114/><D114/><U22/><E2/><V57/><F101/><W83/><G100/><T132/><D132/><U5/><E5/><V102/><F102/><W15/><G65/><T12/><D106/><U26/><E26/><V69/><F69/><W98/><G39/><T107/><D107/><U112/><E112/><V11/><F77/><W72/><G98/><T126/><D126/><U124/><E48/><V67/><F67/><W60/><G15/><T18/><D97/><U29/><E30/><V104/><F104/><W73/><REACH who="3" step="1"/><G82/><REACH who="3" ten="166,381,116,327" step="2"/><T115/><D115/><U134/><E124/><V24/><F135/><W61/><G61/><T23/><D51/><U94/><E134/><V133/><F133/><W1/><G1/><T33/><D33/><U74/><E74/><AGARI ba="0,1" hai="37,43,45,53,56,60,72,73,74,83,85,88,129,130" machi="74" ten="40,8000,1" yaku="1,1,52,1,54,1,53,1" doraHai="38" doraHaiUra="80" who="3" fromWho="1" sc="166,0,381,-80,116,0,327,90" /><INIT seed="5,0,0,2,0,54" ten="166,301,116,417" oya="1" hai0="58,36,11,73,5,63,46,120,0,113,43,111,94" hai1="105,107,80,53,69,51,13,91,57,48,121,17,85" hai2="79,135,34,24,116,75,47,33,92,19,16,109,99" hai3="119,49,96,98,2,82,70,27,60,25,38,55,117"/><U9/><E121/><V72/><F109/><W130/><G2/><T23/><D113/><U128/><E69/><V62/><F116/><N who="3" m="44619" /><G38/><T71/><D111/><U52/><E128/><V123/><F123/><W7/><G7/><T110/><D110/><U10/><E9/><V124/><F124/><W32/><G82/><T74/><D120/><U59/><AGARI ba="0,0" hai="10,13,17,48,51,52,53,57,59,80,85,91,105,107" machi="59" ten="20,18000,2" yaku="0,1,7,1,9,1,52,2,54,1" doraHai="54" who="1" fromWho="1" sc="166,-60,301,180,116,-60,417,-60" /><INIT seed="5,1,0,3,1,98" ten="106,481,56,357" oya="1" hai0="12,135,133,73,105,104,47,81,125,93,91,67,72" hai1="121,112,23,60,132,33,28,1,103,68,61,124,25" hai2="8,79,109,78,34,14,113,9,83,66,64,53,3" hai3="111,96,27,118,110,48,117,100,63,122,13,18,43"/><U21/><E121/><V116/><F34/><W88/><G63/><T32/><D47/><U129/><E1/><V36/><F109/><N who="3" m="41483" /><G48/><T42/><D67/><U95/><E61/><V46/><F113/><W75/><G43/><T102/><D12/><U119/><E60/><V69/><F116/><N who="3" m="44651" /><G27/><T40/><D42/><U85/><E68/><V115/><F115/><W51/><G51/><T106/><D40/><U17/><E112/><V127/><F127/><W114/><G114/><T22/><D22/><U41/><E41/><V56/><F69/><W11/><G75/><N who="0" m="28747" /><D32/><U7/><E23/><V123/><F123/><W62/><G62/><T126/><D81/><U31/><E21/><V52/><F83/><W26/><G26/><T57/><D57/><U90/><E31/><V97/><F56/><W2/><G2/><T107/><N who="0" m="26624" /><DORA hai="58" /><T99/><D91/><N who="1" m="53743" /><E25/><V74/><F3/><W54/><G54/><T39/><D39/><U35/><E28/><V82/><F36/><W86/><G122/><T108/><D108/><U76/><E33/><V128/><F66/><W10/><G18/><T49/><D49/><U30/><E30/><V120/><F64/><W16/><G11/><T20/><D20/><U6/><E17/><V0/><F120/><W71/><G71/><T55/><D55/><U92/><E35/><V19/><F53/><W94/><G86/><T50/><D50/><U4/><E4/><V80/><F52/><W29/><G29/><T84/><D84/><N who="1" m="52295" /><E6/><V38/><F38/><W65/><G65/><T37/><D37/><U5/><E5/><V24/><F24/><RYUUKYOKU ba="1,0" sc="106,15,481,-15,56,-15,357,15" hai0="93,99,102,125,126,133,135" hai3="10,13,16,88,94,96,100" /><INIT seed="6,2,0,2,2,81" ten="121,466,41,372" oya="2" hai0="54,100,64,7,79,95,82,123,22,87,106,70,130" hai1="38,73,48,126,110,30,113,53,131,94,31,27,71" hai2="59,55,77,16,98,50,42,83,19,37,111,84,4" hai3="85,102,99,127,2,60,39,24,9,0,69,89,75"/><V32/><F32/><W72/><G39/><T58/><D123/><U6/><E73/><V63/><F111/><W120/><G120/><T119/><D130/><U35/><E71/><V88/><F37/><W36/><G36/><T62/><D119/><U86/><E38/><V91/><F4/><W135/><G135/><T90/><D7/><U116/><E116/><V34/><F34/><W66/><G127/><T52/><D70/><U115/><E131/><V29/><F29/><W41/><G41/><T109/><D109/><U28/><E6/><V14/><F98/><W46/><G46/><T132/><D132/><U65/><E65/><V45/><F19/><W118/><G118/><T25/><D100/><U67/><E67/><V12/><F14/><W117/><G117/><T26/><D106/><U68/><E68/><V11/><AGARI ba="2,0" hai="11,12,16,42,45,50,55,59,63,77,83,84,88,91" machi="11" ten="20,18000,2" yaku="0,1,7,1,8,1,52,1,54,2" doraHai="81" who="2" fromWho="2" sc="121,-62,466,-62,41,186,372,-62" /><INIT seed="6,3,0,5,5,51" ten="59,404,227,310" oya="2" hai0="26,42,67,8,65,6,32,39,43,94,30,57,123" hai1="131,34,92,63,110,95,108,22,72,87,64,122,29" hai2="78,19,1,125,54,25,128,55,5,103,41,79,61" hai3="93,126,48,133,10,31,58,107,44,119,33,20,102"/><V97/><F1/><W24/><G119/><T37/><D123/><U36/><E36/><V45/><F5/><W86/><G126/><T3/><D37/><U17/><E131/><V40/><F125/><W14/><G133/><T70/><D39/><U49/><E72/><V11/><F128/><W60/><G107/><T27/><D70/><U69/><E122/><V116/><F116/><W101/><G33/><T130/><D130/><U80/><E29/><V53/><F61/><W46/><G46/><T73/><D73/><U118/><E34/><V134/><F134/><W112/><G112/><T23/><D94/><U62/><E62/><V135/><F135/><W13/><G102/><T109/><D109/><U96/><E118/><V91/><F91/><W66/><G10/><T76/><D76/><N who="2" m="29226" /><F45/><W52/><REACH who="3" step="1"/><G86/><REACH who="3" ten="59,404,227,300" step="2"/><T89/><D89/><N who="1" m="51431" /><E110/><V115/><F115/><W28/><G28/><T16/><REACH who="0" step="1"/><D57/><REACH who="0" ten="49,404,227,300" step="2"/><N who="1" m="36975" /><E108/><V75/><F75/><W124/><G124/><T88/><D88/><U129/><E129/><V56/><F56/><W12/><G12/><T111/><D111/><U9/><E69/><V98/><F103/><W47/><G47/><T35/><D35/><U4/><E95/><V114/><F114/><W90/><G90/><T59/><D59/><U50/><E92/><V100/><F100/><W113/><G113/><T21/><D21/><U15/><E96/><AGARI ba="3,2" hai="13,14,20,24,31,44,48,52,58,60,66,93,96,101" machi="96" ten="40,12000,2" yaku="1,1,25,2,8,1,52,1,54,1,53,0" doraHai="51" doraHaiUra="132" who="3" fromWho="1" sc="49,0,404,-129,227,0,300,149" /><INIT seed="7,0,0,1,0,86" ten="49,275,227,449" oya="3" hai0="2,18,94,96,84,125,43,118,97,36,22,54,26" hai1="124,28,115,106,88,39,69,11,100,34,7,48,131" hai2="107,19,41,71,128,135,92,82,67,50,117,59,116" hai3="21,122,57,83,40,25,56,49,51,17,42,47,30"/><W52/><G122/><T98/><D118/><U6/><E69/><V20/><F107/><W104/><G104/><T134/><D125/><U120/><E39/><V15/><F71/><W114/><G114/><T126/><D134/><U91/><E120/><V87/><F135/><W109/><G109/><T37/><D126/><U121/><E121/><V89/><F128/><W105/><G105/><T9/><D2/><U62/><E62/><V123/><F123/><W127/><G127/><T80/><D36/><U14/><E115/><V101/><F101/><W133/><G133/><T53/><D37/><U81/><E81/><V10/><F67/><W85/><G42/><T70/><D43/><U129/><E6/><V13/><F82/><W63/><G63/><T60/><D70/><U93/><E106/><V1/><F1/><W66/><G66/><T73/><D73/><U113/><E48/><V76/><F76/><W38/><G38/><T3/><D9/><U78/><E78/><V90/><F90/><N who="1" m="34345" /><E113/><V132/><F132/><W99/><G51/><T55/><D3/><U72/><E72/><V4/><REACH who="2" step="1"/><F41/><REACH who="2" ten="49,275,217,449" step="2"/><W111/><G40/><T16/><D18/><U95/><E100/><V103/><F103/><W8/><G17/><T58/><REACH who="0" step="1"/><D94/><REACH who="0" ten="39,275,217,449" step="2"/><U64/><E124/><V61/><F61/><W29/><G49/><T32/><D32/><U102/><E102/><V65/><F65/><W110/><G111/><T35/><D35/><U108/><E64/><V33/><F33/><W5/><G110/><T24/><D24/><N who="1" m="18695" /><E108/><V46/><F46/><W68/><G47/><T112/><D112/><RYUUKYOKU ba="0,2" sc="39,10,275,10,217,10,449,-30" hai0="16,22,26,53,54,55,58,60,80,84,96,97,98" hai1="7,11,14,93,95,129,131" hai2="4,10,13,15,19,20,50,59,87,89,92,116,117" owari="49,-45.1,285,8.5,227,-17.3,439,53.9" /></mjloggm>