<mjloggm ver="2.3"><GO type="41" lobby="0"/><UN n0="%6E%61%6F%7A%6F%36%37%35" n1="%E7%A9%BA%E3%81%AE%E7%99%BD" n2="%E3%81%9F%2E%E3%81%91" n3="%E2%93%9D%4C%75%63%6B%79%4A" dan="13,14,13,18" rate="1887.86,1876.04,1904.28,2141.52" sx="M,M,M,M"/><TAIKYOKU oya="0"/><INIT seed="0,0,0,1,3,99" ten="250,250,250,250" oya="0" hai0="23,106,122,86,115,27,39,64,58,67,123,104,16" hai1="47,78,7,79,42,94,22,41,111,88,127,96,100" hai2="57,131,110,62,125,70,129,13,76,95,38,54,107" hai3="114,113,35,31,61,102,28,9,20,126,132,60,53"/><T130/><D115/><U56/><E111/><V135/><F107/><W15/><G35/><T118/><D118/><U117/><E117/><V89/><F76/><W124/><G53/><T4/><D130/><N who="2" m="49674" /><F38/><W45/><G45/><T29/><D39/><U66/><E127/><N who="3" m="48682" /><G61/><T103/><D106/><U84/><E7/><V92/><F125/><W21/><G60/><T6/><D86/><U134/><E134/><V82/><F135/><W32/><G102/><T98/><D29/><N who="3" m="11337" /><G32/><T3/><D58/><U71/><E71/><V30/><F110/><W85/><G85/><T52/><D52/><U80/><E22/><N who="3" m="8810" /><G132/><T120/><REACH who="0" step="1"/><D3/><REACH who="0" ten="240,250,250,250" step="2"/><U109/><E109/><V18/><F30/><W74/><G74/><T36/><D36/><U12/><E47/><V128/><F70/><W116/><G116/><T19/><D19/><AGARI ba="0,1" hai="9,15,19,113,114" m="8810,11337,48682" machi="19" ten="30,3900,0" yaku="18,1,34,2" doraHai="99" who="3" fromWho="0" sc="240,-39,250,0,250,0,250,49" /><INIT seed="1,0,0,2,5,34" ten="201,250,250,299" oya="1" hai0="53,55,15,25,96,72,5,104,56,125,9,86,52" hai1="10,2,101,41,82,129,1,115,106,108,121,21,94" hai2="18,93,13,102,17,97,8,122,24,90,12,135,74" hai3="92,62,28,11,79,59,87,60,45,61,35,80,20"/><U114/><E121/><V33/><F122/><W48/><G35/><T7/><D125/><U29/><E129/><V91/><F74/><W116/><G116/><T39/><D72/><U46/><E94/><V51/><F135/><W50/><G11/><T49/><D39/><U27/><E108/><V6/><F51/><W126/><G126/><T40/><D40/><U105/><E82/><V63/><F63/><W123/><G123/><T110/><D110/><U43/><E43/><V76/><F76/><W0/><G0/><T83/><D7/><U36/><E10/><V19/><REACH who="2" step="1"/><F13/><REACH who="2" ten="201,250,240,299" step="2"/><W37/><G50/><T111/><D111/><U26/><E26/><V130/><F130/><W124/><G48/><T75/><D75/><U64/><E64/><V132/><F132/><W112/><G62/><T16/><D25/><U23/><E23/><V89/><F89/><W71/><G20/><T70/><D49/><U32/><E21/><V66/><F66/><W88/><G61/><T131/><D131/><U85/><E85/><V113/><F113/><N who="1" m="43017" /><E101/><V109/><F109/><W127/><G112/><T119/><D86/><U69/><E69/><V58/><F58/><W3/><G59/><T117/><D56/><U103/><E103/><V68/><F68/><W14/><G71/><T47/><D70/><U44/><E44/><V30/><AGARI ba="0,1" hai="6,8,12,17,18,19,24,30,33,90,91,93,97,102" machi="30" ten="30,4000,0" yaku="1,1,0,1,53,1" doraHai="34" doraHaiUra="98" who="2" fromWho="2" sc="201,-10,250,-20,240,50,299,-10" /><INIT seed="2,0,0,3,5,135" ten="191,230,290,289" oya="2" hai0="71,53,110,3,47,80,131,62,64,11,93,60,120" hai1="100,45,25,54,74,128,72,73,41,109,96,70,12" hai2="42,33,130,123,23,98,82,111,17,36,43,32,29" hai3="39,8,55,117,88,107,1,105,134,7,122,90,21"/><V118/><F123/><W57/><G122/><T77/><D120/><U114/><E114/><V101/><F118/><W27/><G117/><T112/><D112/><U49/><E109/><V14/><F111/><W52/><G39/><T56/><D110/><U113/><E113/><V129/><F82/><W67/><G67/><T4/><D131/><N who="2" m="50186" /><F29/><W99/><G134/><T10/><D10/><U50/><E128/><V119/><F119/><W104/><G99/><T26/><D93/><U0/><E0/><V22/><F23/><W83/><G83/><T6/><D6/><U40/><E70/><V133/><F133/><W126/><G126/><T78/><D26/><U35/><E12/><V95/><F36/><W30/><REACH who="3" step="1"/><G55/><REACH who="3" ten="191,230,290,279" step="2"/><T86/><REACH who="0" step="1"/><D47/><REACH who="0" ten="181,230,290,279" step="2"/><U28/><REACH who="1" step="1"/><E49/><AGARI ba="0,2" hai="1,7,8,21,27,30,49,52,57,88,90,104,105,107" machi="49" ten="40,8000,1" yaku="1,1,2,1,54,2,53,0" doraHai="135" doraHaiUra="15" who="3" fromWho="1" sc="181,0,230,-80,290,0,279,100" /><INIT seed="3,0,0,0,2,61" ten="181,150,290,379" oya="3" hai0="7,10,131,52,57,50,15,126,0,115,99,32,127" hai1="39,60,42,65,96,48,18,12,113,53,73,111,21" hai2="43,27,59,90,37,6,129,30,11,45,68,92,87" hai3="69,83,56,44,36,133,8,67,1,86,47,35,66"/><W102/><G35/><T112/><D32/><U103/><E113/><N who="0" m="43593" /><D99/><U88/><E111/><V95/><F129/><W84/><G69/><T33/><D33/><U74/><E39/><V49/><F68/><W62/><G133/><T132/><D132/><U9/><E42/><V98/><F37/><W123/><G123/><T91/><D131/><U25/><E48/><V122/><F122/><W85/><G102/><T124/><D91/><U135/><E135/><V117/><F117/><W134/><G134/><T125/><N who="0" m="31744" /><DORA hai="31" /><T26/><D26/><U119/><E119/><V81/><F59/><W107/><G107/><T41/><D41/><U46/><E46/><V40/><F40/><W58/><G36/><T105/><D105/><U128/><E128/><V109/><F109/><W114/><G114/><T93/><D93/><U79/><E79/><V20/><REACH who="2" step="1"/><F98/><REACH who="2" ten="181,150,280,379" step="2"/><W70/><G70/><T120/><D120/><U108/><E108/><V14/><AGARI ba="0,1" hai="6,11,14,20,27,30,43,45,49,81,87,90,92,95" machi="14" ten="20,8000,1" yaku="1,1,2,1,0,1,7,1,8,1,53,0" doraHai="61,31" doraHaiUra="55,130" who="2" fromWho="2" sc="181,-20,150,-20,280,90,379,-40" /><INIT seed="4,0,0,3,2,122" ten="161,130,370,339" oya="0" hai0="0,73,86,50,76,4,85,20,75,56,65,13,133" hai1="9,3,97,106,17,53,114,8,103,96,88,87,110" hai2="121,92,49,11,1,118,27,127,95,126,35,39,40" hai3="5,134,29,59,113,107,131,74,66,57,108,117,116"/><T90/><D133/><U81/><E3/><V104/><F118/><W37/><G74/><T19/><D86/><U120/><E120/><V52/><F121/><W129/><G29/><T67/><D0/><U24/><E114/><V25/><F104/><W23/><G107/><T99/><D99/><U69/><E69/><V102/><F102/><W83/><G23/><T22/><D4/><U71/><E71/><V89/><F39/><W123/><G83/><T93/><D22/><U46/><E110/><V32/><F40/><W124/><G124/><N who="2" m="47657" /><F1/><W48/><G5/><T44/><D76/><U128/><E128/><V70/><F11/><W12/><G113/><T60/><REACH who="0" step="1"/><D67/><REACH who="0" ten="151,130,370,339" step="2"/><U100/><E24/><N who="2" m="9291" /><F70/><W64/><G123/><T26/><D26/><U58/><E17/><V111/><F111/><W47/><G108/><T72/><D72/><U130/><E130/><V62/><F35/><W10/><G131/><T31/><D31/><U43/><E8/><V38/><F32/><W15/><G10/><T30/><D30/><U2/><E9/><V51/><F38/><W45/><G37/><T79/><D79/><U98/><E2/><V94/><F89/><W16/><G129/><T105/><D105/><U132/><E106/><V63/><F52/><AGARI ba="0,1" hai="13,19,20,44,50,52,56,60,65,73,75,85,90,93" machi="52" ten="30,5800,0" yaku="1,1,7,1,54,1,53,0" doraHai="122" doraHaiUra="109" who="0" fromWho="2" sc="151,68,130,0,370,-58,339,0" /><INIT seed="4,1,0,1,5,104" ten="219,130,312,339" oya="0" hai0="66,125,86,74,62,119,15,52,33,107,78,77,53" hai1="4,12,46,91,92,126,3,14,84,57,110,90,16" hai2="130,9,113,73,132,111,11,5,37,29,88,76,65" hai3="70,80,49,99,44,115,1,72,98,8,79,30,116"/><T55/><D119/><U85/><E110/><V61/><F111/><W114/><G70/><T94/><D107/><U102/><E126/><V56/><F37/><W81/><G30/><T129/><D33/><U100/><E3/><V6/><F132/><W133/><G116/><T128/><D125/><U75/><E46/><V10/><F130/><N who="0" m="50282" /><D15/><U19/><E4/><N who="2" m="1643" /><F113/><N who="3" m="43019" /><G81/><N who="0" m="45239" /><D78/><U101/><E57/><V120/><F73/><W59/><G59/><N who="0" m="37215" /><D86/><U42/><E75/><V50/><F76/><W35/><G35/><T121/><D94/><U112/><E112/><V67/><F120/><AGARI ba="1,0" hai="52,53,55,120,121" m="37215,45239,50282" machi="120" ten="30,5800,0" yaku="19,1,52,1,54,1" doraHai="104" who="0" fromWho="2" sc="219,61,130,0,312,-61,339,0" /><INIT seed="4,2,0,2,3,52" ten="280,130,251,339" oya="0" hai0="111,42,88,98,60,96,29,86,46,109,103,41,126" hai1="18,55,4,93,85,33,87,3,59,63,121,20,77" hai2="112,13,62,119,9,44,27,78,99,106,51,91,45" hai3="131,15,57,92,108,24,40,47,43,127,56,115,2"/><T132/><D132/><U5/><E33/><V66/><F119/><W38/><G2/><T21/><D126/><U65/><E121/><V6/><F112/><W69/><G108/><T134/><D134/><U74/><E3/><V68/><F78/><W10/><G69/><T113/><D113/><U123/><E123/><V70/><F68/><W26/><G115/><T118/><D118/><U90/><E74/><V71/><F70/><W11/><G127/><T117/><D117/><U17/><E17/><V94/><F106/><W100/><G131/><T58/><D21/><U7/><E65/><V30/><REACH who="2" step="1"/><F51/><REACH who="2" ten="280,130,241,339" step="2"/><W83/><G38/><N who="0" m="21815" /><D103/><U105/><E105/><V81/><F81/><W50/><G83/><N who="0" m="49247" /><D29/><U114/><E114/><V19/><F19/><W79/><G79/><T14/><D109/><U23/><REACH who="1" step="1"/><E18/><REACH who="1" ten="280,120,241,339" step="2"/><V133/><F133/><W48/><G43/><T72/><D42/><U67/><E67/><V122/><F122/><W25/><G40/><T39/><D111/><U120/><E120/><V12/><F12/><W129/><G15/><T135/><D14/><U37/><E37/><V75/><F75/><W36/><G36/><T31/><D39/><U130/><E130/><V0/><F0/><W61/><G129/><T32/><D72/><U64/><E64/><V97/><F97/><W73/><G73/><T8/><D98/><U28/><E28/><V53/><F53/><W110/><G110/><T107/><D96/><U102/><E102/><V125/><F125/><W128/><G128/><T82/><D31/><U116/><E116/><V1/><F1/><W22/><G100/><RYUUKYOKU ba="2,2" sc="280,-15,120,15,241,15,339,-15" hai1="4,5,7,20,23,55,59,63,77,85,87,90,93" hai2="6,9,13,27,30,44,45,62,66,71,91,94,99" /><INIT seed="5,3,2,4,3,30" ten="265,135,256,324" oya="1" hai0="2,41,65,123,62,57,20,112,131,40,59,129,87" hai1="50,79,38,126,1,12,97,111,75,21,73,49,39" hai2="88,127,113,86,44,63,116,47,132,16,69,109,43" hai3="26,56,48,51,66,128,9,31,4,67,35,118,36"/><U125/><E1/><V64/><F116/><W117/><G36/><N who="1" m="13866" /><E79/><V11/><F109/><W115/><G115/><T114/><D2/><U53/><E97/><V15/><F132/><W120/><G120/><T33/><D20/><U46/><E111/><V19/><F127/><N who="1" m="48649" /><E50/><N who="3" m="18986" /><G56/><T71/><D87/><U70/><E70/><V85/><F113/><N who="0" m="43626" /><D123/><U98/><E98/><V72/><F72/><W100/><G100/><T107/><D33/><U76/><E76/><V81/><F86/><W29/><G31/><T103/><D103/><U133/><E133/><V32/><F32/><W6/><G6/><T101/><D101/><U106/><E106/><V7/><F44/><W90/><G90/><T34/><D34/><U22/><E22/><V27/><F27/><W124/><G124/><T13/><D107/><U99/><E99/><V105/><F105/><W18/><G35/><T102/><D102/><U83/><E83/><V42/><F43/><N who="0" m="16458" /><D13/><U130/><E130/><AGARI ba="3,2" hai="57,59,62,65,71,129,130,131" m="16458,43626" machi="130" ten="30,7700,0" yaku="19,1,15,1,34,2" doraHai="30" who="0" fromWho="1" sc="265,106,135,-86,256,0,324,0" /><INIT seed="6,0,0,3,5,89" ten="371,49,256,324" oya="2" hai0="135,111,11,63,34,44,15,40,21,20,9,114,7" hai1="105,77,16,56,84,52,134,48,109,30,39,118,1" hai2="58,131,67,8,53,88,102,73,2,68,33,24,116" hai3="5,108,91,129,107,42,59,90,22,80,64,70,71"/><V120/><F116/><W117/><G117/><T115/><D111/><U112/><E118/><V27/><F120/><W122/><G5/><T43/><D63/><U82/><E109/><V106/><F73/><W87/><G107/><T50/><D34/><U57/><E39/><V127/><F33/><W3/><G3/><T132/><D43/><U41/><E41/><V26/><F127/><W104/><G104/><T28/><D11/><U35/><E105/><V47/><F131/><W92/><G122/><T124/><D124/><U128/><E128/><V62/><F47/><W75/><G75/><T36/><D36/><U97/><E112/><N who="0" m="43049" /><D28/><U37/><E37/><V25/><N who="2" m="6144" /><DORA hai="130" /><V121/><F121/><W45/><G129/><T103/><D103/><U99/><E30/><V12/><F2/><W19/><G45/><T66/><D66/><U74/><E35/><V60/><F102/><W61/><G42/><T18/><D21/><U49/><E1/><AGARI ba="0,0" hai="1,7,9,15,18,20,40,44,50,132,135" m="43049" machi="1" ten="30,3900,0" yaku="15,1,52,2" doraHai="89,130" who="0" fromWho="1" sc="371,39,49,-39,256,0,324,0" /><INIT seed="7,0,0,0,2,106" ten="410,10,256,324" oya="3" hai0="44,65,52,54,5,121,110,41,66,109,117,82,38" hai1="50,111,84,122,134,85,48,103,101,31,105,34,43" hai2="30,112,128,15,63,88,10,11,14,7,6,78,37" hai3="133,36,24,74,58,29,57,126,20,131,39,0,113"/><W83/><G0/><T130/><D5/><U127/><E31/><V129/><F37/><W114/><G131/><N who="2" m="50249" /><F78/><N who="3" m="44503" /><G126/><T13/><D130/><U2/><E2/><N who="2" m="343" /><F63/><W33/><G133/><T42/><D13/><N who="2" m="4618" /><F112/><N who="3" m="43115" /><G33/><T46/><D82/><U72/><E34/><V68/><F88/><W1/><G1/><T55/><D117/><U73/><E43/><V67/><F67/><N who="0" m="25610" /><D121/><U118/><E48/><AGARI ba="0,0" hai="38,41,42,44,46,48,52,54,55,109,110" m="25610" machi="48" ten="30,3900,0" yaku="34,2,54,1" doraHai="106" who="0" fromWho="1" sc="410,39,10,-39,256,0,324,0" owari="449,54.9,-29,-52.9,256,-14.4,324,12.4" /></mjloggm>