<mjloggm ver="2.3"><GO type="41" lobby="0"/><UN n0="%E2%93%9D%4C%75%63%6B%79%4A" n1="%E8%BF%B7%E3%82%8F%E3%81%9A%E6%8A%BC%E3%81%9B%E3%82%88" n2="%E7%AB%B9%E9%9B%80" n3="%E3%82%AB%E3%83%A0%E3%83%AD%E3%83%BB%E3%83%AC%E3%82%A4" dan="15,15,15,15" rate="2144.77,1987.10,1972.95,1979.17" sx="M,M,M,M"/><TAIKYOKU oya="0"/><INIT seed="0,0,0,0,1,80" ten="250,250,250,250" oya="0" hai0="106,29,102,18,55,19,57,41,75,74,105,43,110" hai1="83,40,7,17,132,104,76,59,116,38,130,129,119" hai2="62,53,16,71,66,26,22,108,95,21,90,31,5" hai3="99,47,89,28,6,8,4,52,60,120,37,12,78"/><T124/><D29/><U79/><E104/><V133/><F108/><W65/><G120/><T61/><D110/><U112/><E7/><V97/><F133/><W96/><G28/><T34/><D34/><U10/><E76/><V9/><F53/><W113/><G113/><T101/><D55/><U111/><E112/><V45/><F45/><W131/><G131/><N who="1" m="50186" /><E132/><V70/><F70/><W56/><G78/><T35/><D35/><U85/><E111/><V126/><F126/><W93/><G37/><T91/><D91/><U94/><E59/><V33/><REACH who="2" step="1"/><F16/><REACH who="2" ten="250,250,240,250" step="2"/><N who="3" m="8199" /><G47/><T122/><D57/><U103/><E17/><V117/><F117/><W24/><G24/><T86/><D124/><U15/><E40/><V128/><F128/><W23/><G65/><T82/><D122/><U1/><E116/><V127/><F127/><W11/><G11/><T0/><D43/><U39/><E119/><V72/><F72/><W67/><G23/><T107/><D75/><U114/><E114/><V42/><F42/><W2/><G67/><T125/><D74/><U32/><E32/><V63/><F63/><W109/><G109/><T77/><D61/><U81/><E10/><V92/><F92/><N who="3" m="56335" /><G2/><AGARI ba="0,1" hai="2,5,9,21,22,26,31,33,62,66,71,90,95,97" machi="2" ten="30,3900,0" yaku="1,1,7,1,53,1" doraHai="80" doraHaiUra="25" who="2" fromWho="3" sc="250,0,250,0,240,49,250,-39" /><INIT seed="1,0,0,2,3,126" ten="250,250,289,211" oya="1" hai0="93,42,99,112,24,96,100,50,17,20,121,116,72" hai1="84,124,26,75,60,40,102,97,67,43,106,86,122" hai2="65,114,134,55,130,73,133,38,54,59,117,45,49" hai3="3,8,52,83,21,128,13,79,39,115,120,103,10"/><U28/><E122/><V76/><F76/><W91/><G120/><T107/><D121/><U113/><E75/><V44/><F73/><W27/><G39/><T129/><D112/><U82/><E124/><V90/><F90/><W71/><G71/><T25/><D116/><U7/><E7/><V101/><F101/><W74/><G115/><T70/><D70/><U104/><E104/><V57/><F117/><W9/><G3/><T19/><D72/><U35/><E113/><V89/><F89/><W123/><G123/><T92/><D129/><U110/><E110/><V34/><F34/><W41/><G41/><T132/><D132/><N who="2" m="50794" /><F114/><W23/><G103/><T58/><D99/><U62/><E62/><N who="2" m="38095" /><F130/><W78/><G128/><T85/><D85/><U29/><E29/><V68/><F68/><W37/><G91/><T47/><D58/><U95/><E84/><V46/><F55/><W33/><G52/><T80/><D80/><U11/><E106/><V118/><F118/><W48/><G83/><T108/><D108/><U12/><E86/><V66/><F66/><W87/><G74/><T77/><D77/><U88/><E82/><V98/><F98/><W14/><G79/><T119/><D119/><U4/><E102/><V63/><F63/><W15/><G78/><T56/><D56/><AGARI ba="0,0" hai="4,11,12,26,28,35,40,43,56,60,67,88,95,97" machi="56" ten="30,2900,0" yaku="7,1,54,1" doraHai="126" who="1" fromWho="0" sc="250,-29,250,29,289,0,211,0" /><INIT seed="1,1,0,2,2,51" ten="221,279,289,211" oya="1" hai0="87,22,98,81,9,56,26,118,74,41,29,130,127" hai1="45,15,46,92,129,67,119,38,42,116,70,79,65" hai2="43,94,23,106,61,131,12,88,122,25,50,1,80" hai3="102,103,36,123,60,0,77,95,113,90,110,21,134"/><U52/><E79/><V69/><F1/><W135/><G0/><T57/><D118/><N who="1" m="45099" /><E92/><V32/><F106/><W72/><G36/><T64/><D127/><U120/><E15/><V37/><F37/><W20/><G60/><T34/><D130/><U112/><E120/><V91/><F131/><W14/><G14/><T114/><D114/><U85/><E85/><V125/><F125/><W73/><G123/><T68/><D74/><U19/><E19/><V54/><F32/><W11/><G11/><T33/><D34/><U10/><E10/><V97/><F43/><W62/><G62/><T13/><D41/><N who="1" m="22711" /><E112/><V128/><F12/><W115/><G77/><T89/><D33/><U48/><E129/><V111/><F80/><W55/><G95/><T39/><D39/><N who="1" m="21855" /><E70/><V58/><F122/><W126/><G126/><T96/><D68/><U86/><E86/><V100/><F128/><W35/><G35/><T71/><D71/><U107/><E107/><V2/><F2/><W44/><G90/><T78/><D78/><U30/><E30/><V18/><F69/><W27/><G27/><T83/><D83/><U4/><E4/><V5/><F5/><W16/><G16/><T82/><D82/><U75/><E75/><V59/><F91/><W93/><G93/><T53/><D9/><U31/><E31/><V99/><F99/><N who="0" m="37930" /><D13/><U124/><E124/><V66/><F100/><W17/><G113/><T104/><D104/><U117/><N who="1" m="45107" /><U133/><DORA hai="76" /><E133/><V121/><F121/><W28/><G115/><T84/><D87/><U105/><E105/><V40/><F97/><RYUUKYOKU ba="1,0" sc="221,-10,279,30,289,-10,211,-10" hai1="48,52,65,67" /><INIT seed="1,2,0,5,3,9" ten="211,309,279,201" oya="1" hai0="135,128,23,94,57,78,80,15,51,77,65,64,97" hai1="72,63,25,115,95,54,68,3,126,11,111,107,129" hai2="91,117,36,53,13,29,52,12,4,119,40,106,34" hai3="7,93,2,108,102,98,79,124,59,134,132,58,131"/><U127/><E107/><V76/><F106/><W89/><G2/><T5/><D135/><N who="3" m="51753" /><G7/><T16/><D128/><U30/><E115/><V33/><F76/><W112/><G112/><T45/><D5/><U74/><E129/><V62/><F4/><W26/><G26/><T21/><D23/><U22/><E3/><V24/><F34/><W125/><G131/><T109/><D109/><U121/><E121/><V37/><F91/><W66/><G66/><N who="0" m="25707" /><D57/><N who="3" m="21513" /><G79/><T35/><D35/><U14/><E111/><V48/><F62/><W130/><G130/><T46/><D80/><U27/><E27/><V32/><F32/><W114/><G114/><T118/><D118/><U71/><E63/><V43/><F24/><W10/><G10/><T44/><D51/><U103/><E54/><V122/><F33/><W0/><G0/><T113/><D113/><U88/><E103/><AGARI ba="2,0" hai="15,16,21,44,45,46,77,78,94,97,103" m="25707" machi="103" ten="30,3900,0" yaku="8,1,52,1,54,1" doraHai="9" who="0" fromWho="1" sc="211,45,309,-45,279,0,201,0" /><INIT seed="2,0,0,4,4,44" ten="256,264,279,201" oya="2" hai0="83,121,72,86,128,34,129,53,45,63,123,80,49" hai1="39,29,16,7,62,20,5,78,117,31,122,61,110" hai2="124,109,71,101,88,118,82,73,81,15,2,12,116" hai3="77,100,48,108,133,40,74,94,107,115,91,96,85"/><V10/><F71/><W8/><G108/><T24/><D72/><U50/><E39/><V60/><F60/><N who="1" m="23145" /><E117/><V92/><F101/><W130/><G133/><T57/><D24/><U97/><E78/><V25/><F109/><W135/><G135/><T17/><D17/><U125/><E97/><V99/><F2/><W51/><G130/><N who="0" m="50283" /><D34/><U33/><E33/><V111/><F111/><W32/><G32/><T41/><D83/><U23/><E122/><N who="0" m="46601" /><D80/><U70/><E70/><V56/><F81/><N who="3" m="45239" /><G40/><T119/><D86/><U93/><E23/><V9/><F25/><W46/><G46/><T13/><D13/><N who="1" m="9231" /><E93/><V104/><F118/><AGARI ba="0,0" hai="41,45,49,53,57,63,118,119" m="46601,50283" machi="118" ten="40,8000,1" yaku="19,1,34,2,52,1" doraHai="44" who="0" fromWho="2" sc="256,80,264,0,279,-80,201,0" /><INIT seed="3,0,0,2,4,58" ten="336,264,199,201" oya="3" hai0="129,6,96,40,130,127,49,21,111,118,67,120,117" hai1="104,54,62,126,86,35,22,12,20,97,89,84,18" hai2="51,33,100,13,53,70,83,38,7,123,10,30,69" hai3="72,109,43,52,87,50,16,122,113,32,34,88,128"/><W2/><G122/><T45/><D6/><U99/><E35/><V8/><F38/><W114/><G72/><T46/><D96/><U17/><E126/><V91/><F123/><W15/><G2/><T135/><D21/><U37/><E37/><V0/><F100/><W90/><G128/><N who="0" m="49259" /><D120/><U107/><E54/><V134/><F134/><W124/><G124/><T41/><D127/><U68/><E68/><V5/><F30/><W102/><G102/><T116/><D67/><U110/><E110/><V47/><F33/><W101/><G101/><T31/><D31/><U133/><E133/><V105/><F105/><W56/><G109/><T64/><D64/><U57/><E107/><V3/><F13/><W132/><G132/><T95/><D95/><U98/><E104/><V112/><F112/><W36/><G90/><T85/><D85/><AGARI ba="0,0" hai="0,3,5,7,8,10,47,51,53,69,70,83,85,91" machi="85" ten="40,1300,0" yaku="9,1" doraHai="58" who="2" fromWho="0" sc="336,-13,264,0,199,13,201,0" /><INIT seed="4,0,0,2,0,45" ten="323,264,212,201" oya="0" hai0="49,114,38,50,46,71,118,20,74,64,99,37,103" hai1="132,82,107,112,88,126,33,125,65,131,106,77,94" hai2="70,44,116,113,102,57,15,119,122,24,3,100,27" hai3="98,78,17,8,34,129,115,2,97,79,42,130,87"/><T60/><D74/><N who="1" m="43319" /><E65/><V76/><F122/><W52/><G34/><T124/><D118/><N who="2" m="45098" /><F70/><W56/><G115/><T121/><D121/><U127/><E33/><V63/><F3/><W120/><G120/><T21/><D124/><U135/><E112/><V109/><F109/><W14/><G42/><T6/><D6/><U31/><E31/><V26/><F76/><W117/><G117/><T47/><D114/><U66/><E66/><N who="2" m="39279" /><F113/><W134/><G134/><N who="1" m="51242" /><E131/><N who="3" m="50186" /><G2/><T81/><D81/><U61/><E61/><V104/><F104/><W1/><G1/><T85/><D85/><AGARI ba="0,0" hai="85,88,94,106,107,125,126,127" m="51242,43319" machi="85" ten="40,8000,1" yaku="18,1,20,1,34,2,54,1" doraHai="45" who="1" fromWho="0" sc="323,-80,264,80,212,0,201,0" /><INIT seed="5,0,0,2,3,105" ten="243,344,212,201" oya="1" hai0="107,32,100,65,37,17,3,103,23,80,36,104,113" hai1="9,12,106,128,66,76,54,125,110,134,98,101,62" hai2="21,0,108,97,86,123,89,99,13,129,63,92,83" hai3="40,59,102,90,132,38,126,57,27,88,74,111,19"/><U124/><E110/><V112/><F123/><W30/><G111/><T1/><D23/><U120/><E120/><V64/><F0/><N who="0" m="74" /><D17/><U94/><E128/><V58/><F108/><W85/><G132/><T77/><D65/><U45/><E134/><V34/><F34/><W39/><G19/><T115/><D80/><U75/><E106/><N who="0" m="40489" /><D77/><U114/><E114/><N who="0" m="43529" /><D32/><U35/><E35/><V2/><F2/><W121/><G121/><T29/><D29/><U48/><E12/><V70/><F112/><W41/><G30/><T78/><D78/><U20/><E20/><V26/><F13/><W131/><G131/><T119/><D119/><U69/><REACH who="1" step="1"/><E9/><REACH who="1" ten="243,334,212,201" step="2"/><V33/><F33/><W82/><G27/><T51/><D51/><U14/><E14/><V116/><F129/><W73/><G38/><AGARI ba="0,1" hai="36,37,38,100,103" m="43529,40489,74" machi="38" ten="40,5200,0" yaku="28,2,15,1" doraHai="105" who="0" fromWho="3" sc="243,62,334,0,212,0,201,-52" /><INIT seed="6,0,0,0,1,36" ten="305,334,212,149" oya="2" hai0="134,51,89,53,82,65,58,59,29,23,114,113,99" hai1="100,105,127,15,135,0,128,4,32,34,9,76,90" hai2="10,42,116,88,47,108,103,124,84,21,66,129,48" hai3="14,91,81,87,64,122,74,75,80,97,118,123,83"/><V68/><F116/><W61/><G118/><T98/><D134/><U49/><E135/><V12/><F129/><W112/><G14/><T22/><D29/><U45/><E128/><V35/><F35/><W41/><G41/><T126/><D126/><U69/><E69/><V39/><F124/><W31/><G31/><T130/><D82/><U133/><E133/><V120/><F120/><W24/><G24/><T40/><D89/><U16/><E76/><V52/><F103/><W56/><G97/><T86/><D86/><U95/><E100/><V46/><F21/><W92/><REACH who="3" step="1"/><G112/><REACH who="3" ten="305,334,212,139" step="2"/><T78/><D99/><U30/><E30/><V109/><F108/><W102/><G102/><T20/><D98/><U17/><E127/><V18/><F109/><W3/><G3/><T7/><D114/><U55/><E17/><V63/><F84/><W117/><G117/><T33/><D113/><U79/><E105/><V101/><F101/><W77/><G77/><T38/><D78/><U115/><E79/><V107/><F107/><W131/><G131/><T70/><D130/><U73/><E115/><V96/><F96/><W28/><G28/><T62/><D33/><U125/><E125/><V13/><F13/><W85/><G85/><T106/><D106/><U57/><E0/><V43/><REACH who="2" step="1"/><F88/><REACH who="2" ten="305,334,202,139" step="2"/><W2/><G2/><T19/><D23/><U44/><E32/><V25/><F25/><W104/><G104/><T121/><D22/><U110/><E34/><V60/><F60/><W67/><G67/><T72/><D65/><U94/><E110/><V93/><F93/><W71/><G71/><RYUUKYOKU ba="0,2" sc="305,-15,334,-15,202,15,139,15" hai2="10,12,18,39,42,43,46,47,48,52,63,66,68" hai3="56,61,64,74,75,80,81,83,87,91,92,122,123" /><INIT seed="6,1,2,0,5,52" ten="290,319,217,154" oya="2" hai0="10,18,67,66,130,83,4,98,46,80,14,32,23" hai1="133,93,0,12,55,108,121,60,92,77,56,105,117" hai2="30,24,120,2,118,100,72,51,125,79,13,17,131" hai3="59,35,119,75,37,34,53,45,16,64,134,111,61"/><V107/><F118/><W11/><G119/><T87/><D32/><U22/><E0/><V74/><F120/><W95/><G111/><T70/><D70/><U124/><E105/><V15/><F2/><W36/><G75/><T106/><D130/><U65/><E121/><V39/><F39/><W94/><G134/><T99/><D83/><U1/><E1/><V97/><F131/><W109/><G109/><T38/><D38/><U76/><E133/><V19/><F125/><W25/><G37/><T96/><D46/><U103/><E124/><V135/><F135/><W29/><G35/><T58/><D106/><U63/><E117/><V9/><F51/><W88/><G95/><T132/><D58/><N who="1" m="34911" /><E108/><V42/><F42/><W40/><G64/><T112/><D112/><U127/><E127/><V126/><F126/><W91/><REACH who="3" step="1"/><G94/><REACH who="3" ten="290,319,217,144" step="2"/><N who="1" m="36458" /><E103/><V73/><F100/><W48/><G48/><T123/><D123/><U62/><E62/><V47/><F73/><W26/><G26/><N who="0" m="14711" /><D132/><U110/><E110/><V85/><F74/><W28/><G28/><T44/><D44/><U3/><E3/><V5/><F30/><W113/><G113/><T50/><D50/><U89/><E65/><V101/><F47/><W102/><G102/><T71/><D71/><U6/><E63/><V116/><F116/><W8/><G8/><T33/><D33/><U7/><E22/><V104/><F72/><W90/><G90/><AGARI ba="1,3" hai="4,10,14,66,67,80,87,90,96,98,99" m="14711" machi="90" ten="30,1000,0" yaku="8,1" doraHai="52" who="0" fromWho="3" sc="290,43,319,0,217,0,144,-13" /><INIT seed="7,0,0,5,2,0" ten="333,319,217,131" oya="3" hai0="5,114,81,122,23,88,61,18,8,43,72,101,19" hai1="68,132,95,57,9,111,79,119,28,123,35,53,118" hai2="64,70,97,41,85,46,27,104,38,106,98,59,3" hai3="44,12,22,90,40,49,109,91,115,67,83,16,65"/><W124/><G109/><T130/><D122/><U10/><E68/><V2/><F70/><W134/><G124/><T58/><D101/><U105/><E105/><V37/><F27/><W133/><G115/><T108/><D108/><U135/><E111/><V86/><F59/><W129/><G129/><T102/><D102/><U80/><E95/><V6/><F64/><W60/><G83/><T24/><D43/><U4/><E28/><V121/><F41/><W96/><G67/><T89/><D130/><U30/><E30/><V66/><F66/><W78/><G78/><T17/><D72/><N who="1" m="43111" /><E35/><V63/><F46/><W75/><G75/><T32/><D32/><U1/><E10/><V62/><REACH who="2" step="1"/><F121/><REACH who="2" ten="333,319,207,131" step="2"/><W100/><G65/><N who="0" m="39095" /><D114/><U15/><E123/><V50/><F50/><W31/><G60/><T73/><D73/><U47/><E47/><V82/><F82/><W7/><G31/><N who="0" m="17823" /><D81/><U39/><E39/><V126/><F126/><W55/><G40/><T117/><D117/><N who="1" m="44555" /><E1/><V36/><F36/><W25/><G134/><T54/><D54/><U128/><E128/><V113/><F113/><W77/><G133/><T71/><D71/><U93/><E93/><V110/><F110/><W45/><G44/><T52/><D52/><U56/><E56/><V116/><F116/><W84/><G77/><T74/><D74/><U120/><E120/><V92/><F92/><N who="3" m="58375" /><G84/><T14/><AGARI ba="0,1" hai="5,8,14,17,18,19,88,89" m="17823,39095" machi="14" ten="30,4000,0" yaku="8,1,52,1,54,1" doraHai="0" who="0" fromWho="0" sc="333,50,319,-10,207,-10,131,-20" owari="383,48.3,309,10.9,197,-20.3,111,-38.9" /></mjloggm>