<mjloggm ver="2.3"><GO type="41" lobby="0"/><UN n0="%E5%8F%A4%E6%98%8E%E5%9C%B0%E3%81%95%E3%81%A8%E3%82%8A" n1="%53%68%65%76%65" n2="%E3%81%AA%E3%82%93%E3%81%A7" n3="%E2%93%9D%4C%75%63%6B%79%4A" dan="14,13,13,13" rate="1967.57,1868.65,1881.57,1952.25" sx="F,M,M,M"/><TAIKYOKU oya="0"/><INIT seed="0,0,0,2,1,122" ten="250,250,250,250" oya="0" hai0="123,75,117,27,42,23,31,3,46,95,130,126,74" hai1="29,100,106,109,71,4,76,81,63,96,92,93,65" hai2="132,112,40,87,6,2,113,12,47,115,53,45,64" hai3="62,17,90,37,77,50,55,49,119,5,98,8,38"/><T128/><D117/><U41/><E4/><V104/><F104/><W129/><G119/><T84/><D123/><U22/><E41/><V26/><F2/><W80/><G129/><N who="0" m="49771" /><D3/><U35/><E22/><V36/><F132/><W33/><G33/><T10/><D10/><U14/><E14/><V25/><F64/><W134/><G50/><T82/><D95/><U15/><E15/><V48/><F87/><W101/><G62/><T9/><D9/><U32/><E32/><V78/><F78/><W108/><G90/><N who="0" m="51479" /><D126/><U116/><E116/><V91/><F91/><W111/><G134/><T44/><D44/><U1/><E1/><V85/><F85/><W13/><G5/><T105/><D105/><U24/><E109/><N who="3" m="42058" /><G80/><T102/><D102/><U30/><E30/><V120/><F120/><W121/><G77/><T34/><D34/><U114/><E114/><V97/><F6/><W118/><G118/><T79/><D79/><U52/><E52/><V124/><F124/><W135/><G135/><T43/><D43/><U18/><E18/><V54/><F53/><W59/><G121/><T51/><AGARI ba="0,0" hai="23,27,31,42,46,51,74,75" m="51479,49771" machi="51" ten="30,1500,0" yaku="19,1" doraHai="122" who="0" fromWho="0" sc="250,15,250,-5,250,-5,250,-5" /><INIT seed="0,1,0,2,1,3" ten="265,245,245,245" oya="0" hai0="67,7,48,106,63,50,41,2,53,26,109,73,1" hai1="49,52,124,95,47,56,71,16,74,22,70,44,80" hai2="99,134,46,24,57,115,98,17,97,32,66,87,8" hai3="68,107,133,30,89,27,128,119,4,20,101,40,59"/><T35/><D73/><U0/><E124/><V55/><F115/><W108/><G68/><T13/><D106/><U86/><E0/><V114/><F114/><W69/><G69/><T76/><D76/><U54/><E74/><V33/><F134/><W82/><G119/><T58/><D35/><U31/><E31/><V12/><F66/><W34/><G40/><T117/><D117/><U126/><E126/><V85/><F46/><W36/><G36/><T78/><D78/><U102/><E102/><V92/><F92/><W111/><G59/><T75/><D75/><U25/><E95/><V100/><F100/><W120/><G128/><T11/><D26/><U23/><E23/><V135/><F135/><W121/><G89/><T113/><D113/><U132/><E132/><V14/><F24/><W19/><G82/><T83/><D83/><U10/><E10/><V123/><F123/><N who="3" m="47179" /><G101/><T43/><D109/><N who="3" m="42057" /><G107/><T112/><D112/><U127/><E127/><V84/><REACH who="2" step="1"/><F14/><REACH who="2" ten="265,245,235,245" step="2"/><N who="3" m="9335" /><G133/><T60/><D67/><U110/><E110/><V79/><F79/><W118/><G118/><T28/><D53/><U96/><E70/><V5/><F5/><AGARI ba="1,1" hai="4,5,27,30,34" m="9335,42057,47179" machi="5" ten="30,12000,2" yaku="13,1,14,1,34,2,52,2" doraHai="3" who="3" fromWho="2" sc="265,0,245,0,235,-123,245,133" /><INIT seed="1,0,0,1,3,79" ten="265,245,112,378" oya="1" hai0="61,15,93,86,118,85,106,2,78,33,80,52,95" hai1="74,48,83,28,22,58,128,32,71,4,45,5,69" hai2="70,8,1,131,132,42,21,41,76,25,73,116,100" hai3="123,133,67,113,0,23,97,99,129,60,65,16,57"/><U88/><E32/><V46/><F70/><W126/><G113/><T19/><D118/><U135/><E58/><V105/><F132/><W55/><G0/><T81/><D106/><U9/><E135/><V51/><F131/><W115/><G123/><T14/><D33/><U119/><E119/><V103/><F42/><W127/><G115/><T10/><D2/><U7/><E9/><V109/><F105/><W66/><G129/><T62/><D14/><U117/><E117/><V43/><F109/><W101/><G133/><T27/><D27/><U53/><E128/><V3/><F41/><W75/><G75/><T6/><D6/><U96/><E74/><V12/><F116/><W91/><G91/><T112/><D112/><U104/><E104/><V29/><F76/><W121/><G121/><T98/><D98/><U90/><E90/><V77/><F3/><W94/><REACH who="3" step="1"/><G99/><REACH who="3" ten="265,245,112,368" step="2"/><T17/><D17/><U110/><E96/><V125/><F1/><W37/><G37/><T40/><D40/><U122/><E122/><V124/><F125/><W35/><G35/><T84/><D84/><U63/><E110/><V68/><F124/><W36/><G36/><T64/><D64/><U108/><E108/><V120/><F120/><W92/><G92/><N who="0" m="35403" /><D52/><U50/><E53/><V44/><F73/><W111/><G111/><T59/><D59/><U134/><E88/><AGARI ba="0,1" hai="10,15,19,61,62,78,80,81,85,86,88" m="35403" machi="88" ten="30,7700,0" yaku="8,1,52,2,54,1" doraHai="79" who="0" fromWho="1" sc="265,87,245,-77,112,0,368,0" /><INIT seed="2,0,0,2,0,64" ten="352,168,112,368" oya="2" hai0="13,43,7,60,132,33,69,81,71,20,105,133,129" hai1="55,47,99,112,23,134,4,1,102,106,63,0,78" hai2="22,10,5,54,72,76,31,29,12,116,6,56,135" hai3="101,28,85,118,21,51,3,30,86,111,114,11,121"/><V126/><F116/><W32/><G118/><T26/><D105/><U65/><E134/><N who="0" m="51817" /><D43/><U125/><E125/><V83/><F135/><W98/><G32/><T93/><D33/><U79/><E112/><V82/><F126/><W59/><G121/><T100/><D81/><U53/><E23/><V35/><F35/><W19/><G11/><N who="0" m="4351" /><D60/><U73/><E47/><V92/><F92/><W49/><G3/><T88/><D100/><U34/><E34/><V40/><F40/><W130/><G130/><T89/><D89/><U37/><E37/><V44/><F44/><W15/><G114/><T39/><D39/><U46/><E46/><V67/><F67/><W117/><G111/><T127/><D129/><U9/><E1/><V68/><F68/><W27/><G59/><T18/><D127/><U45/><E45/><V77/><F5/><W104/><G117/><T124/><D124/><U119/><E119/><V36/><F22/><W94/><G104/><T62/><D62/><U38/><E38/><V95/><F95/><W113/><G113/><T70/><D70/><U74/><E74/><V103/><F103/><W57/><G57/><T14/><D14/><U110/><E110/><V61/><REACH who="2" step="1"/><F36/><REACH who="2" ten="352,168,102,368" step="2"/><W97/><G101/><T58/><D58/><U107/><E107/><V41/><F41/><W91/><G94/><T17/><D17/><U84/><E65/><V66/><F66/><W115/><G115/><T16/><D18/><U120/><E106/><V108/><F108/><W25/><G19/><T131/><D131/><U122/><E102/><V123/><F123/><W109/><G109/><RYUUKYOKU ba="0,1" sc="352,15,168,-15,102,15,368,-15" hai0="16,20,26,69,71,88,93" hai2="6,10,12,29,31,54,56,61,72,76,77,82,83" /><INIT seed="2,1,1,4,3,109" ten="367,153,117,353" oya="2" hai0="2,101,34,126,95,21,135,11,128,89,58,131,119" hai1="130,75,46,55,32,71,64,121,90,15,78,124,70" hai2="112,44,72,76,97,83,39,92,67,96,113,45,7" hai3="133,114,66,26,93,99,59,6,37,85,102,16,110"/><V25/><F67/><W22/><G110/><T40/><D34/><U87/><E32/><V42/><F97/><W104/><G37/><T123/><D123/><U29/><E29/><V118/><F118/><W38/><G38/><T122/><D122/><U0/><E121/><V91/><F45/><W111/><G111/><T81/><D40/><U1/><E1/><V88/><F91/><W9/><G133/><T107/><D135/><U36/><E0/><V43/><F42/><W12/><G114/><T103/><D119/><U69/><E75/><V30/><F7/><W127/><G127/><T4/><D126/><U13/><E124/><V82/><F83/><W74/><G74/><T33/><D33/><AGARI ba="1,1" hai="25,30,33,39,43,44,72,76,82,88,92,96,112,113" machi="33" ten="30,11600,0" yaku="7,1,52,2,54,1" doraHai="109" who="2" fromWho="0" sc="367,-119,153,0,117,129,353,0" /><INIT seed="2,2,0,5,0,27" ten="248,153,246,353" oya="2" hai0="41,96,23,68,44,64,123,129,112,89,54,52,110" hai1="6,73,40,14,66,128,94,24,133,18,108,8,75" hai2="74,5,29,91,39,119,19,28,63,105,111,32,50" hai3="1,20,4,33,84,22,80,90,7,102,120,127,65"/><V56/><F119/><W48/><G33/><T125/><D123/><U15/><E108/><V21/><F39/><W103/><G120/><T10/><D112/><U100/><E133/><V135/><F74/><W114/><G1/><T37/><D125/><U30/><E128/><V98/><F32/><W2/><G2/><T97/><D129/><U57/><E40/><V58/><F5/><N who="3" m="2123" /><G65/><T34/><D110/><U67/><E67/><N who="2" m="39399" /><F105/><W45/><G114/><T93/><D34/><U81/><E81/><V60/><F50/><W59/><G59/><T85/><D10/><U117/><E117/><V104/><F104/><W124/><G127/><T95/><D23/><N who="3" m="8745" /><G124/><T116/><D116/><U92/><E6/><V106/><F106/><W62/><G62/><T16/><D64/><U69/><E57/><V121/><F135/><W131/><G131/><T38/><D38/><U26/><E66/><N who="2" m="39191" /><F121/><W113/><G113/><T31/><D68/><U46/><E69/><V130/><F130/><W71/><G71/><T126/><D126/><U86/><E8/><V78/><F78/><W61/><G61/><T88/><D85/><U132/><E132/><V43/><F43/><AGARI ba="2,0" hai="43,45,48,80,84,90,102,103" m="8745,2123" machi="43" ten="30,1000,0" yaku="8,1" doraHai="27" who="3" fromWho="2" sc="248,0,153,0,246,-16,353,16" /><INIT seed="3,0,0,1,2,7" ten="248,153,230,369" oya="3" hai0="111,107,128,28,97,62,55,91,103,8,125,15,31" hai1="57,13,34,135,38,85,96,60,109,11,30,123,35" hai2="66,82,36,27,124,84,39,64,131,92,117,81,74" hai3="49,19,110,17,16,112,59,65,45,0,23,43,95"/><W90/><G112/><T114/><D125/><U37/><E123/><V41/><F124/><W12/><G0/><T99/><D128/><U100/><E109/><V129/><F41/><W63/><REACH who="3" step="1"/><G110/><REACH who="3" ten="248,153,230,359" step="2"/><T127/><D111/><U80/><E135/><V48/><F131/><W67/><G67/><T104/><D127/><U26/><E35/><V56/><F64/><W21/><G21/><T132/><D132/><U53/><E100/><V71/><F66/><W72/><G72/><T9/><D114/><U98/><E38/><V108/><F36/><W3/><G3/><T46/><D91/><U89/><REACH who="1" step="1"/><E37/><REACH who="1" ten="248,143,230,359" step="2"/><V75/><F39/><W68/><G68/><T113/><D113/><U22/><E22/><V47/><F71/><W25/><G25/><T20/><D20/><U88/><E88/><V5/><F27/><W6/><G6/><AGARI ba="0,2" hai="6,11,13,26,30,34,53,57,60,80,85,89,96,98" machi="6" ten="30,7700,0" yaku="1,1,7,1,52,1,53,1" doraHai="7" doraHaiUra="10" who="1" fromWho="3" sc="248,0,143,97,230,0,359,-77" /><INIT seed="4,0,0,4,2,96" ten="248,240,230,282" oya="0" hai0="53,12,10,125,73,6,51,47,121,3,86,36,56" hai1="39,80,81,11,72,105,109,48,5,126,99,65,89" hai2="38,7,60,66,78,70,22,59,25,97,28,102,67" hai3="2,35,15,58,82,42,64,75,113,41,77,120,21"/><T94/><D121/><U114/><E109/><V14/><F38/><W57/><G35/><T106/><D106/><U101/><E39/><V133/><F78/><W4/><G120/><T55/><D73/><U71/><E126/><V26/><F133/><W74/><G2/><T83/><D36/><U45/><E71/><V104/><F26/><W79/><G4/><T122/><D122/><U50/><E65/><V17/><F7/><W134/><G64/><T100/><D125/><U61/><E61/><V132/><F132/><W116/><G113/><T54/><D3/><U37/><E114/><V32/><F67/><W46/><G46/><T127/><D127/><U69/><E69/><V62/><F62/><W27/><G15/><T63/><D94/><U13/><E81/><V84/><F84/><W1/><G116/><T40/><D54/><U43/><E89/><V128/><REACH who="2" step="1"/><F59/><REACH who="2" ten="248,240,220,282" step="2"/><W9/><G58/><T118/><D118/><U49/><REACH who="1" step="1"/><E37/><REACH who="1" ten="248,230,220,282" step="2"/><V34/><F34/><W117/><G134/><T135/><D135/><U90/><E90/><V130/><AGARI ba="0,2" hai="14,17,22,25,28,32,60,66,70,97,102,104,128,130" machi="130" ten="30,12000,2" yaku="1,1,0,1,25,2,52,1,53,1" doraHai="96" doraHaiUra="98" who="2" fromWho="2" sc="248,-60,230,-30,220,140,282,-30" /><INIT seed="5,0,0,3,0,18" ten="188,200,360,252" oya="1" hai0="44,38,123,29,25,51,64,90,15,0,117,115,3" hai1="88,56,77,61,30,131,43,82,75,95,85,109,41" hai2="1,129,84,99,21,91,13,101,78,111,53,49,120" hai3="37,116,22,126,124,130,45,23,68,112,103,72,127"/><U6/><E131/><V2/><F120/><W60/><G130/><T63/><D117/><U27/><E6/><V97/><F111/><W36/><G72/><T20/><D123/><U33/><REACH who="1" step="1"/><E109/><REACH who="1" ten="188,190,360,252" step="2"/><V14/><F129/><W59/><G116/><T69/><D115/><U62/><E62/><V87/><F1/><W92/><G112/><T132/><D132/><U34/><E34/><V4/><F4/><W76/><G60/><T48/><D38/><U7/><E7/><V86/><F2/><W16/><G37/><T96/><D48/><U50/><E50/><V65/><F49/><W57/><G36/><T118/><D118/><U47/><E47/><V39/><F39/><W8/><G45/><T107/><D0/><U12/><E12/><V122/><F13/><W5/><G5/><T113/><D3/><U81/><E81/><V80/><F14/><W55/><G127/><T52/><D15/><U40/><E40/><V71/><F80/><W67/><G126/><T133/><D113/><U102/><E102/><V89/><F101/><W119/><G103/><T125/><D133/><U79/><E79/><V26/><F78/><W94/><G76/><T9/><D125/><U28/><E28/><V42/><F42/><W108/><G119/><T35/><D35/><U93/><E93/><V110/><F110/><W135/><G108/><T121/><D121/><U128/><E128/><V83/><F83/><W10/><G124/><T70/><D107/><U106/><E106/><V54/><F122/><W58/><G135/><T24/><D29/><U46/><E46/><V105/><F105/><RYUUKYOKU ba="0,1" sc="188,-10,190,30,360,-10,252,-10" hai1="27,30,33,41,43,56,61,75,77,82,85,88,95" /><INIT seed="5,1,1,0,3,129" ten="178,220,350,242" oya="1" hai0="10,132,104,28,103,70,89,71,115,90,51,42,5" hai1="44,61,62,13,19,31,118,128,54,80,114,58,85" hai2="73,113,107,2,91,52,72,30,34,134,100,68,121" hai3="47,40,130,16,46,60,41,119,117,108,8,4,38"/><U21/><E114/><V77/><F121/><W18/><G108/><T124/><D115/><U75/><E128/><V99/><F2/><W111/><G111/><T7/><D28/><U49/><E75/><V55/><F68/><W67/><G130/><T12/><D124/><U127/><E127/><V101/><F30/><W96/><G96/><T59/><D71/><U45/><E118/><N who="3" m="45066" /><G60/><N who="1" m="23146" /><E31/><V22/><F22/><W32/><G67/><T94/><D70/><U78/><AGARI ba="1,1" hai="13,19,21,44,45,49,54,58,78,80,85" m="23146" machi="78" ten="30,1500,0" yaku="8,1" doraHai="129" who="1" fromWho="1" sc="178,-6,220,28,350,-6,242,-6" /><INIT seed="5,2,0,0,3,127" ten="172,248,344,236" oya="1" hai0="118,123,66,77,50,13,27,109,74,72,124,28,29" hai1="60,9,65,42,55,111,82,21,73,47,131,129,69" hai2="104,51,19,81,53,83,44,71,130,90,62,56,35" hai3="32,102,105,49,119,84,103,7,126,107,132,43,121"/><U91/><E21/><V93/><F104/><W34/><G121/><T114/><D124/><U24/><E24/><V33/><F130/><N who="1" m="49673" /><E55/><V8/><F71/><W92/><G126/><T128/><D118/><U10/><E111/><V120/><F120/><W38/><G34/><T89/><D109/><U75/><E91/><V98/><F33/><W54/><G54/><T17/><D123/><U48/><E82/><V110/><F35/><W80/><G80/><T26/><D114/><U14/><E10/><V85/><F110/><W22/><G22/><T25/><D128/><U16/><AGARI ba="2,0" hai="9,14,16,42,47,48,60,65,69,73,75" m="49673" machi="16" ten="30,12000,1" yaku="19,1,52,3,54,1" doraHai="127" who="1" fromWho="1" sc="172,-42,248,126,344,-42,236,-42" /><INIT seed="5,3,0,0,5,61" ten="130,374,302,194" oya="1" hai0="56,48,30,25,9,39,43,70,120,108,125,97,37" hai1="106,69,82,92,126,80,81,83,118,123,112,111,99" hai2="87,24,46,51,132,65,35,13,119,109,54,31,78" hai3="117,79,15,59,3,121,71,89,7,0,32,131,100"/><U128/><E69/><V93/><F119/><W76/><G71/><T34/><D120/><U16/><E123/><V116/><F109/><W73/><G100/><T74/><D74/><U96/><E118/><V8/><F116/><W98/><G32/><T110/><D70/><U129/><E111/><V113/><F132/><W53/><G73/><T122/><D122/><U21/><E112/><V11/><F113/><W1/><G121/><T130/><D130/><U5/><E5/><V88/><F78/><W2/><G131/><N who="1" m="50250" /><E126/><V33/><F33/><W134/><G134/><T19/><D125/><U84/><E106/><V62/><REACH who="2" step="1"/><F13/><REACH who="2" ten="130,374,292,194" step="2"/><W68/><G15/><T60/><D110/><U86/><E96/><V29/><F29/><W10/><G117/><T41/><D97/><U40/><E99/><V101/><F101/><W67/><G98/><T77/><D108/><U44/><E44/><V91/><F91/><W55/><G89/><T105/><D77/><N who="1" m="46095" /><E40/><V6/><F6/><W26/><G7/><T27/><D105/><U135/><E135/><V45/><F45/><W47/><G47/><T58/><D43/><U14/><E92/><V115/><F115/><W28/><G79/><AGARI ba="3,1" hai="14,16,21,79,81,82,83,86" m="46095,50250" machi="79" ten="30,2900,0" yaku="19,1,54,1" doraHai="61" who="1" fromWho="3" sc="130,0,374,48,292,0,194,-38" /><INIT seed="5,4,0,2,5,111" ten="130,422,292,156" oya="1" hai0="98,50,44,57,29,128,119,28,130,117,75,5,112" hai1="27,36,4,65,0,37,105,70,34,69,78,2,92" hai2="108,90,124,16,132,84,95,135,30,40,23,131,80" hai3="35,46,120,6,13,85,96,88,47,67,106,39,33"/><U127/><E92/><V101/><F108/><W126/><G120/><T32/><D75/><U102/><E78/><V11/><F30/><W18/><G6/><T66/><D5/><U48/><E48/><V63/><F11/><W56/><G126/><T129/><D98/><U87/><E87/><V100/><F124/><W42/><G47/><T82/><D82/><U97/><E127/><V10/><F10/><W41/><G42/><T53/><D32/><U125/><E125/><V118/><F118/><N who="0" m="45066" /><D29/><N who="1" m="19775" /><E4/><V19/><F131/><W43/><G43/><T104/><D104/><U89/><E89/><V54/><F40/><W55/><G67/><T74/><D74/><U7/><E7/><V20/><F54/><W94/><G106/><T76/><D76/><U51/><E51/><V25/><F63/><W134/><G96/><T83/><D83/><U38/><E69/><V103/><REACH who="2" step="1"/><F80/><REACH who="2" ten="130,422,282,156" step="2"/><W26/><G41/><N who="0" m="24847" /><D28/><U21/><E21/><V22/><F22/><W113/><G35/><T121/><D121/><U8/><E8/><V93/><F93/><W110/><G94/><T59/><D66/><U58/><E65/><V62/><F62/><W45/><G33/><T79/><D79/><U107/><E107/><V14/><AGARI ba="4,1" hai="14,16,19,20,23,25,84,90,95,100,101,103,132,135" machi="14" ten="30,4000,0" yaku="1,1,0,1,54,1,53,0" doraHai="111" doraHaiUra="116" who="2" fromWho="2" sc="130,-14,422,-24,282,62,156,-14" /><INIT seed="6,0,0,3,3,130" ten="116,398,344,142" oya="2" hai0="74,80,132,60,107,34,77,44,23,18,1,30,71" hai1="28,134,125,108,67,29,127,103,129,19,118,110,124" hai2="36,15,90,32,122,0,94,96,104,57,24,66,38" hai3="6,135,59,52,3,62,128,81,42,123,93,48,73"/><V84/><F122/><W109/><G123/><T68/><D1/><U64/><E134/><V31/><F0/><W72/><G109/><N who="1" m="42090" /><E129/><V14/><F66/><N who="1" m="25129" /><E118/><V126/><F126/><W27/><G128/><T121/><D132/><U69/><E69/><V12/><REACH who="2" step="1"/><F57/><REACH who="2" ten="116,398,334,142" step="2"/><W113/><G59/><T97/><D121/><U20/><E103/><AGARI ba="0,1" hai="12,14,15,24,31,32,36,38,84,90,94,96,103,104" machi="103" ten="40,7700,0" yaku="1,1,2,1,53,1" doraHai="130" doraHaiUra="25" who="2" fromWho="1" sc="116,0,398,-77,334,87,142,0" /><INIT seed="6,1,0,5,5,34" ten="116,321,421,142" oya="2" hai0="67,131,105,32,122,76,21,72,97,82,104,36,113" hai1="30,20,28,1,0,61,90,89,11,60,130,75,78" hai2="27,96,109,132,79,26,42,81,51,124,103,38,52" hai3="55,59,119,116,43,2,13,19,4,84,58,126,100"/><V33/><F109/><W7/><G43/><T62/><D122/><U77/><E20/><V108/><F132/><W39/><G39/><T83/><D113/><U3/><E11/><V65/><F65/><W23/><G100/><T50/><D36/><U35/><E35/><V31/><F124/><W41/><G41/><T6/><D32/><U85/><E85/><V99/><F27/><W47/><G47/><T88/><D131/><U93/><E93/><V69/><F69/><W120/><G120/><T57/><D6/><U12/><E12/><V48/><F38/><W17/><G126/><T9/><D9/><U44/><E44/><V71/><F71/><W134/><G84/><T25/><D82/><U63/><E75/><V80/><F42/><W123/><G123/><T125/><D125/><U129/><E90/><V68/><F68/><W46/><G46/><T18/><REACH who="0" step="1"/><D50/><REACH who="0" ten="106,321,421,142" step="2"/><U98/><E129/><V92/><F48/><W24/><G7/><T114/><D114/><U40/><E130/><V117/><F81/><W74/><G4/><T49/><D49/><U16/><E40/><V107/><F80/><W53/><G134/><T95/><AGARI ba="1,1" hai="18,21,25,57,62,67,72,76,83,88,95,97,104,105" machi="95" ten="30,4000,0" yaku="1,1,0,1,54,1,53,0" doraHai="34" doraHaiUra="64" who="0" fromWho="0" sc="106,53,321,-11,421,-21,142,-11" /><INIT seed="7,0,0,5,4,82" ten="159,310,400,131" oya="3" hai0="24,9,108,107,13,68,114,29,134,53,109,86,71" hai1="73,129,60,44,87,40,91,21,38,97,48,55,7" hai2="113,83,61,111,30,17,5,70,72,36,78,106,66" hai3="14,94,6,128,52,32,81,59,99,27,3,90,28"/><W54/><G128/><T75/><D75/><U121/><E121/><V0/><F36/><W95/><G3/><T103/><D53/><U23/><E73/><V105/><F17/><W131/><G131/><T35/><D114/><U1/><E129/><V67/><F30/><W37/><G37/><T69/><D134/><U125/><E125/><V115/><F67/><W133/><G133/><T63/><D63/><U130/><E130/><V50/><F111/><W93/><G54/><T74/><D74/><U77/><E77/><V64/><F64/><W85/><G6/><T126/><D126/><U123/><E97/><V62/><F50/><W65/><G65/><T101/><D107/><N who="2" m="40970" /><F61/><W124/><G124/><T117/><D117/><U16/><E123/><V80/><F83/><W20/><G14/><T34/><D34/><U8/><E60/><V118/><F118/><W79/><REACH who="3" step="1"/><G32/><REACH who="3" ten="159,310,400,121" step="2"/><T96/><D109/><U102/><E38/><V100/><F0/><W19/><G19/><T39/><D108/><U26/><E55/><V84/><F5/><W88/><G88/><T11/><D39/><U41/><E41/><V22/><F115/><W127/><G127/><T42/><D13/><U57/><E102/><V18/><F100/><W135/><G135/><T76/><D103/><U56/><E21/><V2/><F113/><W110/><G110/><T120/><D101/><U92/><AGARI ba="0,1" hai="1,7,8,16,23,26,40,44,48,56,57,87,91,92" machi="92" ten="20,5200,0" yaku="0,1,7,1,52,1,54,1" doraHai="82" who="1" fromWho="1" sc="159,-13,310,62,400,-13,121,-26" owari="146,-25.4,372,17.2,387,48.7,95,-40.5" /></mjloggm>