<mjloggm ver="2.3"><GO type="41" lobby="0"/><UN n0="%58%E7%8C%AB" n1="%E2%93%9D%4C%75%63%6B%79%4A" n2="%6B%73%6B%62%65%39%39%39" n3="%E3%81%8B%E3%81%A3%E3%81%B4%E3%83%BC" dan="15,17,14,14" rate="1914.77,2155.69,1970.23,2018.56" sx="M,M,M,M"/><TAIKYOKU oya="0"/><INIT seed="0,0,0,0,3,61" ten="250,250,250,250" oya="0" hai0="108,12,107,132,1,82,0,116,46,115,19,105,101" hai1="92,33,57,24,54,70,76,38,94,120,117,48,23" hai2="129,55,36,135,62,47,32,74,41,73,133,75,110" hai3="56,72,34,130,16,66,44,58,60,134,40,118,37"/><T6/><D116/><U18/><E117/><V43/><F32/><W68/><G118/><T104/><D115/><U88/><E120/><V122/><F122/><W45/><G34/><T84/><D132/><N who="2" m="50762" /><F110/><W7/><G72/><T10/><D108/><U86/><E70/><V80/><F41/><W93/><G134/><T83/><D83/><U91/><E33/><V78/><F129/><W2/><G130/><T20/><D46/><U35/><E35/><V14/><F14/><W53/><G7/><T125/><D125/><U17/><E38/><V13/><F13/><W25/><G2/><T8/><D8/><U26/><E76/><V28/><F28/><W87/><G87/><T29/><D29/><U51/><E51/><V59/><AGARI ba="0,0" hai="36,43,47,55,59,62,73,74,75,78,80" m="50762" machi="59" ten="30,1100,0" yaku="20,1" doraHai="61" who="2" fromWho="2" sc="250,-5,250,-3,250,11,250,-3" /><INIT seed="1,0,0,4,2,58" ten="245,247,261,247" oya="1" hai0="113,15,114,26,22,30,107,27,119,118,44,45,102" hai1="135,11,16,128,40,41,96,116,92,9,120,36,125" hai2="124,34,71,80,64,57,69,70,79,52,73,77,91" hai3="67,60,37,90,46,18,17,31,84,59,76,85,74"/><U48/><E120/><V78/><F34/><W115/><G115/><T81/><D81/><U130/><E116/><V39/><F39/><W49/><G37/><T103/><D30/><U110/><E125/><V10/><F124/><W66/><G74/><T21/><REACH who="0" step="1"/><D15/><REACH who="0" ten="235,247,261,247" step="2"/><U53/><E130/><V7/><F64/><W87/><G31/><T121/><D121/><U75/><E128/><V127/><F127/><W123/><G123/><T47/><D47/><U88/><E75/><V95/><F80/><W131/><G131/><T132/><D132/><U5/><E135/><V99/><F73/><W68/><G76/><T117/><D117/><U133/><E133/><V89/><F78/><W63/><REACH who="3" step="1"/><G90/><REACH who="3" ten="235,247,261,237" step="2"/><T28/><D28/><U56/><E36/><V33/><F89/><W13/><G13/><T83/><D83/><U94/><E88/><V38/><F38/><W6/><G6/><T65/><D65/><U42/><E5/><V25/><F33/><W3/><G3/><T51/><D51/><U50/><E50/><V23/><F79/><W134/><G134/><T0/><D0/><U101/><E48/><V109/><F77/><W72/><G72/><T8/><D8/><U122/><E11/><V97/><F10/><W129/><G129/><T24/><D24/><U104/><E122/><V43/><F7/><W1/><G1/><T12/><D12/><U29/><E29/><V86/><F25/><W61/><G61/><T32/><D32/><U2/><E2/><V35/><F35/><W112/><G112/><T93/><D93/><U105/><E94/><V100/><F95/><RYUUKYOKU ba="0,2" sc="235,15,247,-15,261,-15,237,15" hai0="21,22,26,27,44,45,102,103,107,113,114,118,119" hai3="17,18,46,49,59,60,63,66,67,68,84,85,87" /><INIT seed="2,1,2,0,4,98" ten="250,232,246,252" oya="2" hai0="68,76,40,17,82,108,81,113,107,46,90,131,44" hai1="118,57,45,0,38,3,77,28,124,48,35,70,64" hai2="66,41,52,49,130,53,10,27,73,128,109,13,33" hai3="30,61,133,60,4,93,62,96,74,32,115,2,29"/><V129/><F73/><W119/><G119/><T71/><D113/><U12/><E118/><V125/><F125/><W22/><G32/><T14/><D107/><U6/><E77/><V80/><F80/><W126/><G74/><T65/><D65/><U84/><E12/><V18/><F109/><W34/><G34/><T8/><D108/><U9/><E3/><V56/><F66/><W69/><G69/><T101/><D131/><U83/><E38/><V20/><F33/><W15/><G133/><T121/><D121/><U24/><E124/><V36/><F36/><W72/><G72/><T111/><D111/><U54/><E70/><V79/><F79/><W95/><G2/><T99/><D46/><U55/><E64/><V58/><F41/><W114/><G95/><T78/><D90/><U67/><E67/><V21/><REACH who="2" step="1"/><F27/><REACH who="2" ten="250,232,236,252" step="2"/><W135/><G126/><T23/><D78/><U7/><E83/><V63/><AGARI ba="1,3" hai="10,13,18,20,21,49,52,53,56,58,63,128,129,130" machi="63" ten="30,12000,1" yaku="1,1,2,1,0,1,19,1,54,1,53,0" doraHai="98" doraHaiUra="103" who="2" fromWho="2" sc="250,-41,232,-41,236,153,252,-41" /><INIT seed="2,2,0,2,1,18" ten="209,191,389,211" oya="2" hai0="13,26,55,109,57,46,114,52,51,97,48,29,132" hai1="69,85,87,107,66,41,74,9,54,128,115,59,30" hai2="21,58,60,98,131,19,4,22,35,133,37,25,94" hai3="39,112,20,130,32,93,126,5,15,49,102,7,71"/><V82/><F37/><W31/><G39/><T24/><D109/><U34/><E74/><V75/><F133/><W119/><G71/><T16/><D132/><U123/><E107/><V68/><F68/><W38/><G38/><T47/><D114/><U111/><E41/><V72/><F4/><W40/><G119/><T10/><D97/><U91/><E34/><V42/><F42/><W62/><G62/><T33/><D57/><U86/><E128/><V90/><F35/><W17/><G130/><T110/><D110/><U23/><E9/><V89/><F131/><W103/><G103/><T77/><D77/><U88/><E123/><V28/><F89/><N who="1" m="34377" /><E69/><V99/><F99/><W45/><G126/><T106/><D26/><N who="1" m="16735" /><E115/><V122/><F82/><W63/><G32/><T44/><D44/><U67/><E111/><V80/><F80/><W79/><G102/><T43/><D43/><U117/><E117/><V92/><F92/><W2/><G93/><T125/><D125/><U50/><AGARI ba="2,0" hai="50,54,59,66,67,85,86,87" m="16735,34377" machi="50" ten="30,4000,0" yaku="8,1,52,1,54,1" doraHai="18" who="1" fromWho="1" sc="209,-12,191,46,389,-22,211,-12" /><INIT seed="3,0,0,2,5,65" ten="197,237,367,199" oya="3" hai0="109,4,7,6,95,30,60,134,3,104,54,43,92" hai1="88,1,129,22,76,47,127,70,101,71,75,40,57" hai2="38,44,69,36,61,90,79,11,59,37,68,106,119" hai3="115,102,34,19,50,124,5,111,10,125,20,35,28"/><W42/><G102/><T14/><D109/><U133/><E1/><V64/><F119/><W81/><G81/><T16/><D104/><U82/><E127/><N who="3" m="48714" /><G42/><T46/><D134/><U27/><E129/><V63/><F106/><W118/><G50/><T8/><D30/><U52/><E101/><V85/><F79/><W23/><G118/><T116/><D116/><U0/><E0/><V15/><F63/><W9/><G115/><T94/><D60/><U120/><E120/><V98/><F98/><W103/><G103/><T13/><D3/><U100/><E100/><V24/><F24/><N who="3" m="16391" /><G111/><T31/><D31/><U110/><E110/><V74/><F44/><W55/><G55/><T21/><REACH who="0" step="1"/><D54/><REACH who="0" ten="187,237,367,199" step="2"/><U131/><E52/><V77/><F74/><W56/><G56/><T87/><D87/><U108/><E108/><V29/><F29/><W18/><G18/><T26/><D26/><U107/><E107/><V45/><F45/><W58/><G58/><T105/><D105/><U2/><E57/><V53/><F53/><W121/><G121/><T49/><AGARI ba="0,1" hai="4,6,7,8,13,14,16,21,43,46,49,92,94,95" machi="49" ten="30,7900,0" yaku="1,1,0,1,8,1,54,1,53,0" doraHai="65" doraHaiUra="51" who="0" fromWho="0" sc="187,89,237,-20,367,-20,199,-39" /><INIT seed="4,0,0,0,3,48" ten="276,217,347,160" oya="0" hai0="104,3,23,40,5,111,44,122,20,6,95,22,68" hai1="55,59,79,67,16,78,94,58,85,18,84,128,30" hai2="28,17,112,52,113,42,131,35,32,62,80,75,69" hai3="125,8,117,1,114,24,36,27,120,7,103,70,54"/><T88/><D122/><U100/><E128/><V124/><F131/><W123/><G70/><T134/><D104/><U21/><E30/><V91/><F124/><W82/><G125/><T98/><D68/><U50/><E18/><V76/><F91/><W57/><G114/><N who="2" m="44137" /><F42/><W2/><G2/><T4/><D134/><U109/><E109/><V102/><F102/><W71/><G71/><T101/><D111/><U41/><E41/><V107/><F107/><W126/><G126/><T63/><D63/><N who="1" m="38399" /><E100/><V99/><F99/><W19/><G36/><T26/><D101/><U132/><E132/><V87/><F87/><N who="1" m="33353" /><E94/><V86/><F86/><W39/><G39/><T65/><D65/><U129/><E129/><V38/><F38/><W0/><G0/><T133/><D133/><U46/><E46/><V51/><F17/><W33/><G103/><T60/><D3/><U9/><E9/><V96/><F96/><W108/><G8/><T13/><D44/><U119/><E119/><V73/><F73/><W93/><G1/><T29/><D40/><U97/><E97/><V43/><F43/><W89/><G117/><T56/><D13/><AGARI ba="0,0" hai="13,16,21,50,55,58,78,79" m="33353,38399" machi="13" ten="30,3900,0" yaku="8,1,52,1,54,1" doraHai="48" who="1" fromWho="0" sc="276,-39,217,39,347,0,160,0" /><INIT seed="5,0,0,5,1,23" ten="237,256,347,160" oya="1" hai0="45,98,47,5,105,0,86,100,31,49,130,128,115" hai1="117,52,74,61,90,103,46,120,35,84,51,48,38" hai2="63,1,76,92,27,60,104,30,127,80,135,112,15" hai3="97,29,19,93,111,65,88,37,54,44,53,99,22"/><U121/><E74/><V134/><F1/><W123/><G111/><T6/><D115/><U96/><E117/><V24/><F104/><W83/><G123/><T131/><D86/><U10/><E38/><V113/><F127/><W21/><G65/><T72/><D72/><U14/><E35/><V13/><F92/><W94/><G83/><T89/><D89/><U114/><E51/><V36/><F36/><W67/><G67/><T81/><D81/><U43/><E114/><N who="2" m="44139" /><F80/><W110/><G110/><T91/><D91/><U102/><E121/><V85/><F85/><W3/><G3/><T40/><D0/><U124/><E124/><V77/><F30/><W2/><G2/><T132/><D132/><N who="2" m="50730" /><F60/><W62/><G62/><T4/><D31/><U32/><E120/><V34/><F34/><W73/><G73/><T68/><D68/><U87/><E32/><V26/><F63/><W18/><G29/><T109/><D109/><U82/><E87/><V126/><F126/><W39/><G88/><T108/><D108/><U9/><E96/><V71/><F71/><W70/><G70/><T7/><N who="0" m="1024" /><DORA hai="106" /><T116/><D116/><U12/><E103/><V118/><F118/><W95/><REACH who="3" step="1"/><G93/><REACH who="3" ten="237,256,347,150" step="2"/><T8/><D131/><U122/><E122/><V69/><F69/><W17/><G17/><T11/><D130/><U119/><E119/><V33/><F33/><W25/><G25/><T55/><REACH who="0" step="1"/><D128/><REACH who="0" ten="227,256,347,150" step="2"/><U129/><E129/><V58/><F77/><W79/><G79/><T133/><D133/><U101/><E82/><V42/><F76/><W59/><G59/><T57/><D57/><RYUUKYOKU ba="0,2" sc="227,15,256,-15,347,-15,150,15" hai0="8,11,40,45,47,49,55,98,100,105" hai3="18,19,21,22,37,39,44,53,54,94,95,97,99" /><INIT seed="6,1,2,4,2,100" ten="242,241,332,165" oya="2" hai0="112,64,2,87,41,18,62,7,98,33,26,49,128" hai1="12,38,126,16,77,50,46,69,25,96,48,5,95" hai2="63,97,80,108,28,85,17,118,106,127,44,73,21" hai3="11,52,78,117,72,20,45,24,79,104,23,57,86"/><V110/><F118/><W43/><G72/><T91/><D112/><U19/><E69/><V109/><F127/><W39/><G117/><T101/><D128/><U125/><E77/><V51/><F63/><W47/><G47/><T75/><D75/><U131/><E5/><V35/><F73/><W54/><G104/><T92/><D7/><U31/><E38/><V99/><F28/><W36/><G36/><T76/><D2/><U13/><E131/><V37/><F35/><W82/><G79/><T81/><D41/><U93/><E31/><V30/><F30/><W133/><G133/><T15/><D49/><U124/><E25/><N who="2" m="14511" /><F37/><W70/><G70/><T83/><D26/><U71/><E71/><V58/><F58/><W10/><G54/><T132/><D33/><U74/><E74/><V3/><F106/><W42/><G42/><T105/><D132/><U4/><E4/><V56/><F56/><W116/><G116/><T40/><D76/><U60/><E60/><V123/><F123/><W107/><G107/><T1/><D40/><U65/><E65/><V84/><F3/><W90/><G78/><T27/><D27/><U68/><E68/><V122/><F122/><W102/><G23/><T94/><D105/><U34/><E34/><V22/><F22/><W67/><G67/><T53/><D64/><U29/><E29/><V135/><F135/><W121/><G121/><T66/><D66/><U8/><E96/><N who="2" m="36939" /><F80/><W134/><G134/><T129/><D1/><U111/><E126/><V14/><F14/><W120/><G120/><T130/><D130/><U59/><E125/><RYUUKYOKU ba="1,2" sc="242,-10,241,-10,332,30,165,-10" hai2="44,51,84,85,108,109,110" /><INIT seed="6,2,2,3,4,6" ten="232,231,362,155" oya="2" hai0="8,25,126,128,100,124,110,96,63,10,127,4,115" hai1="92,34,73,130,5,26,119,120,69,2,51,133,46" hai2="55,1,88,77,17,129,35,114,48,47,19,70,58" hai3="107,30,72,7,101,61,12,37,94,18,3,118,134"/><V54/><F70/><W117/><G37/><T60/><D110/><U21/><E73/><V84/><F35/><W81/><G107/><N who="0" m="63879" /><D115/><U85/><E69/><V113/><F1/><W105/><G105/><T39/><D39/><U108/><E119/><V24/><F129/><W78/><G30/><T74/><D74/><U32/><E133/><V98/><F98/><W50/><G134/><T15/><D128/><U102/><E120/><V0/><F0/><W38/><G38/><T125/><N who="0" m="31744" /><DORA hai="99" /><T29/><D10/><U9/><E108/><V16/><F77/><W116/><G3/><T45/><D45/><U104/><E104/><V62/><REACH who="2" step="1"/><F24/><REACH who="2" ten="232,231,352,155" step="2"/><W131/><G131/><T57/><D57/><U93/><E130/><V111/><F111/><W122/><G117/><T22/><AGARI ba="2,3" hai="4,8,15,22,25,29,60,63" m="31744,63879" machi="22" ten="60,7900,0" yaku="18,1,52,2" doraHai="6,99" who="0" fromWho="0" sc="232,115,231,-22,352,-41,155,-22" /><INIT seed="7,0,0,5,1,34" ten="347,209,311,133" oya="3" hai0="109,6,129,61,82,32,54,63,67,18,106,85,42" hai1="38,127,117,53,74,135,99,20,76,125,78,49,104" hai2="95,14,1,123,100,134,88,64,48,68,83,15,77" hai3="22,86,98,72,112,103,21,10,133,55,8,56,46"/><W111/><G72/><T43/><D109/><U80/><E38/><V115/><F1/><W62/><G111/><T132/><D106/><U101/><E20/><V130/><F100/><W25/><G133/><T65/><D32/><U108/><E108/><V5/><F134/><W79/><G112/><T110/><D110/><U71/><E135/><V31/><F31/><W75/><G75/><T91/><D54/><U37/><E37/><V89/><F130/><W7/><G46/><T97/><D6/><U119/><E71/><V126/><F126/><N who="1" m="48137" /><E78/><V84/><F89/><W118/><G118/><N who="1" m="45066" /><E53/><V24/><F24/><W29/><G21/><T131/><D132/><U51/><AGARI ba="0,0" hai="49,51,74,76,80,99,101,104" m="45066,48137" machi="51" ten="40,2700,0" yaku="18,1,12,1" doraHai="34" who="1" fromWho="1" sc="347,-7,209,27,311,-7,133,-13" owari="340,44.0,236,-16.4,304,10.4,120,-38.0" /></mjloggm>