<mjloggm ver="2.3"><GO type="41" lobby="0"/><UN n0="%E5%8C%97%E5%A4%A9%E7%A5%9E%E3%81%AE%E7%94%9F%E8%8F%9C" n1="%72%75%69%6E%65%76%65%72" n2="%E2%93%9D%4C%75%63%6B%79%4A" n3="%73%68%69%6E%32%30%32%32" dan="15,15,18,14" rate="2087.64,2016.09,2216.32,1911.92" sx="F,M,M,M"/><TAIKYOKU oya="0"/><INIT seed="0,0,0,5,0,43" ten="250,250,250,250" oya="0" hai0="108,76,30,95,2,59,129,15,92,81,56,28,103" hai1="77,20,107,84,118,83,51,113,110,123,55,38,16" hai2="61,111,73,75,79,121,90,106,114,96,39,105,0" hai3="117,69,120,48,134,71,21,34,52,12,68,78,58"/><T85/><D2/><U67/><E118/><V65/><F39/><W8/><G117/><T98/><D129/><U66/><E123/><V17/><F17/><W119/><G119/><T116/><D116/><U82/><E110/><V109/><F0/><W89/><G34/><T80/><D108/><N who="2" m="41546" /><F61/><W124/><G120/><T115/><D115/><U87/><E38/><V53/><F65/><W50/><G124/><T126/><D126/><U49/><E107/><N who="2" m="40971" /><F53/><W31/><G78/><T41/><D15/><N who="1" m="9247" /><E113/><V33/><F33/><W127/><G127/><T29/><D41/><U125/><E125/><V104/><F79/><W60/><G134/><T135/><D135/><U40/><E40/><V88/><F121/><W63/><G63/><T131/><D131/><U23/><E23/><V97/><F114/><W4/><REACH who="3" step="1"/><G89/><REACH who="3" ten="250,250,250,240" step="2"/><N who="2" m="34409" /><F104/><W132/><G132/><T46/><D76/><N who="1" m="46151" /><E51/><V70/><F70/><W72/><G72/><AGARI ba="0,1" hai="72,73,75,96,97" m="34409,40971,41546" machi="72" ten="40,12000,2" yaku="28,2,14,1,34,2,54,1" doraHai="43" who="2" fromWho="3" sc="250,0,250,0,250,130,240,-120" /><INIT seed="1,0,0,3,2,54" ten="250,250,380,120" oya="1" hai0="19,12,67,129,70,51,96,22,31,112,45,72,86" hai1="4,50,89,76,104,44,60,52,84,55,124,102,40" hai2="20,5,126,101,1,128,88,125,66,39,90,123,62" hai3="33,100,24,3,65,48,8,73,122,94,113,15,23"/><U0/><E76/><V99/><F39/><W119/><G122/><T79/><D112/><U29/><E124/><N who="2" m="47723" /><F123/><W108/><G113/><T35/><D129/><U47/><E29/><V16/><F5/><W37/><G37/><T82/><D96/><U134/><E134/><V53/><F53/><W97/><G73/><T81/><D67/><U103/><E104/><N who="2" m="63551" /><F1/><W25/><G119/><T13/><D70/><U121/><E121/><V6/><F6/><W42/><G3/><T109/><D109/><U92/><E4/><V118/><F118/><W93/><G108/><T28/><D13/><U87/><E0/><V74/><F74/><W14/><G65/><T77/><REACH who="0" step="1"/><D35/><REACH who="0" ten="240,250,380,120" step="2"/><U11/><E11/><V58/><F128/><W56/><G33/><T95/><D95/><U135/><E135/><V27/><AGARI ba="0,1" hai="16,20,27,58,62,66,88,90" m="63551,47723" machi="27" ten="30,7900,0" yaku="18,1,52,1,54,2" doraHai="54" who="2" fromWho="2" sc="240,-20,250,-39,380,89,120,-20" /><INIT seed="2,0,0,3,3,109" ten="220,211,469,100" oya="2" hai0="6,71,66,18,49,55,10,37,52,91,104,30,19" hai1="118,124,135,43,5,75,47,98,21,70,87,92,115" hai2="134,64,7,83,101,114,113,121,123,32,62,84,2" hai3="28,35,119,33,59,44,106,51,31,102,27,41,12"/><V14/><F101/><W103/><G119/><T107/><D37/><U39/><E118/><V56/><F32/><W8/><G106/><T9/><D30/><U46/><E75/><V48/><F2/><W13/><G13/><T129/><D129/><U36/><E70/><V20/><F134/><W95/><G95/><T67/><D91/><U81/><E135/><V15/><F48/><W17/><REACH who="3" step="1"/><G59/><REACH who="3" ten="220,211,469,90" step="2"/><T120/><D71/><U78/><E92/><V122/><F15/><W100/><G100/><T76/><D120/><U93/><E93/><V74/><F74/><W117/><G117/><T57/><D57/><U24/><E24/><AGARI ba="0,1" hai="8,12,17,24,27,28,31,33,35,41,44,51,102,103" machi="24" ten="40,8000,1" yaku="1,1,9,1,53,2" doraHai="109" doraHaiUra="99" who="3" fromWho="1" sc="220,0,211,-80,469,0,90,90" /><INIT seed="3,0,0,3,5,97" ten="220,131,469,180" oya="3" hai0="59,116,86,61,15,27,123,109,44,69,57,33,117" hai1="119,36,18,2,89,74,28,12,64,1,29,76,90" hai2="81,72,125,10,35,121,54,50,105,103,84,19,124" hai3="100,37,79,132,25,110,113,49,32,96,68,70,31"/><W38/><G113/><T78/><D123/><U4/><E36/><N who="3" m="13930" /><G49/><T0/><D0/><U106/><E106/><V52/><F35/><W104/><G132/><T55/><D15/><U3/><E64/><V20/><F72/><W41/><G41/><T120/><D120/><U39/><E39/><V17/><F10/><W7/><G110/><T26/><D33/><U42/><E42/><V5/><F5/><W122/><G122/><T16/><D109/><U9/><E119/><V108/><F108/><W131/><G131/><T112/><D112/><U133/><E133/><V34/><F34/><W82/><G7/><T127/><D86/><U48/><E48/><V134/><F134/><W88/><G88/><T60/><D55/><U22/><E90/><V92/><F54/><W107/><G104/><T8/><D44/><U62/><E89/><N who="2" m="51343" /><F105/><W111/><G111/><T75/><D16/><U67/><E74/><AGARI ba="0,0" hai="25,31,32,68,70,74,79,82,96,100,107" m="13930" machi="74" ten="30,5800,0" yaku="33,2,52,1" doraHai="97" who="3" fromWho="1" sc="220,0,131,-58,469,0,180,58" /><INIT seed="3,1,0,1,3,76" ten="220,73,469,238" oya="3" hai0="95,80,6,110,5,88,51,135,114,92,122,39,21" hai1="52,93,18,130,116,70,57,124,19,16,47,118,48" hai2="94,133,58,50,115,105,29,108,11,112,90,37,8" hai3="65,68,77,49,33,102,72,113,128,87,121,24,104"/><W119/><G87/><N who="0" m="50279" /><D122/><U74/><E70/><V66/><F37/><W17/><G49/><T56/><D39/><U81/><E130/><V71/><F133/><W54/><G54/><N who="0" m="31839" /><D135/><U101/><E124/><V97/><F105/><W30/><G17/><T84/><D110/><U34/><E34/><V109/><F71/><W26/><G121/><T62/><D114/><U40/><E93/><N who="0" m="35913" /><D62/><U28/><E101/><V12/><F115/><W96/><G113/><T107/><D107/><U23/><E23/><V10/><F112/><W44/><G119/><N who="1" m="45610" /><E28/><V14/><F29/><N who="3" m="19623" /><G44/><T41/><D41/><U42/><E47/><V1/><F109/><W134/><G134/><T82/><D21/><U43/><E43/><V31/><F108/><W15/><G128/><T103/><D103/><U45/><E45/><V2/><F31/><W127/><G30/><T53/><D53/><U38/><E38/><V89/><F2/><W64/><G102/><T7/><D7/><U55/><E55/><V129/><F129/><W78/><G104/><T60/><D60/><U22/><E22/><V98/><F50/><W13/><G68/><T79/><AGARI ba="1,0" hai="5,6,79,82,84" m="35913,31839,50279" machi="79" ten="30,7900,0" yaku="8,1,52,2,54,1" doraHai="76" who="0" fromWho="0" sc="220,82,73,-21,469,-21,238,-40" /><INIT seed="4,0,0,3,2,99" ten="302,52,448,198" oya="0" hai0="126,3,108,61,78,134,84,120,72,8,106,45,22" hai1="116,9,44,53,83,64,75,71,111,80,48,73,23" hai2="124,59,26,32,21,68,38,96,24,56,101,55,39" hai3="6,127,60,85,2,132,51,118,65,81,13,66,121"/><T89/><D120/><U133/><E111/><V40/><F68/><W122/><G118/><T90/><D108/><U115/><E116/><V131/><F131/><W35/><G2/><T34/><D34/><U103/><E133/><V0/><F0/><W104/><G35/><T100/><D134/><U91/><E115/><V117/><F117/><W46/><G104/><T14/><D126/><U112/><E112/><V135/><F40/><W31/><G31/><T5/><D61/><U16/><E9/><V76/><F76/><W30/><G30/><T1/><D89/><U92/><E75/><V129/><F59/><W69/><G66/><T67/><D67/><U43/><E73/><V98/><F98/><W4/><G127/><T28/><D45/><U58/><E71/><V95/><F129/><W54/><G132/><T18/><D28/><U70/><E70/><V36/><F32/><W63/><G60/><T25/><D78/><U105/><E64/><V87/><F87/><W107/><G107/><T86/><D86/><N who="1" m="52343" /><E105/><V77/><F77/><W42/><G54/><T15/><D72/><U47/><E47/><V94/><F124/><W113/><G113/><T11/><D106/><U93/><E44/><V114/><F114/><W110/><G110/><T125/><D125/><U62/><E43/><V52/><F135/><W50/><G50/><T119/><D119/><U17/><E62/><N who="2" m="36127" /><F52/><W79/><G6/><N who="0" m="3351" /><D100/><U74/><E74/><V27/><F95/><W19/><G4/><T7/><D7/><U37/><E37/><N who="2" m="9475" /><V109/><DORA hai="33" /><F109/><W97/><G97/><T128/><D128/><RYUUKYOKU ba="0,0" sc="302,10,52,-30,448,10,198,10" hai0="1,3,5,11,15,18,22,25,84,90" hai2="21,24,26,27,94,96,101" hai3="13,19,42,46,51,63,65,69,79,81,85,121,122" /><INIT seed="4,1,0,1,2,58" ten="312,22,458,208" oya="0" hai0="96,21,86,31,25,71,17,65,124,29,102,68,109" hai1="115,123,41,8,98,47,95,11,90,81,27,22,105" hai2="127,30,48,87,52,28,19,128,33,83,69,120,0" hai3="49,14,34,44,40,54,125,78,100,24,35,23,88"/><T26/><D124/><U110/><E110/><V73/><F73/><W60/><G125/><T72/><D72/><U111/><E123/><V99/><F69/><W119/><G78/><T20/><D109/><U62/><E111/><V94/><F0/><W84/><G100/><T114/><D114/><U82/><E105/><V6/><F6/><W12/><G35/><T43/><D43/><U134/><E134/><V104/><F33/><W112/><G34/><T117/><D117/><U108/><E108/><V97/><F104/><W113/><G119/><T101/><D86/><U45/><E115/><V15/><F128/><W74/><G74/><T132/><D132/><U1/><E1/><V38/><F38/><W50/><G113/><T18/><REACH who="0" step="1"/><D65/><REACH who="0" ten="302,22,458,208" step="2"/><U67/><E82/><V2/><F83/><N who="3" m="49183" /><G112/><T106/><D106/><U91/><E81/><V76/><F127/><W85/><G85/><T118/><D118/><U59/><E91/><V61/><F87/><W36/><G36/><T130/><D130/><U3/><E3/><V133/><F2/><W116/><G116/><T13/><D13/><U93/><E93/><V121/><F94/><W57/><G50/><T39/><D39/><U55/><E67/><V32/><F133/><W64/><G40/><T131/><D131/><U7/><E41/><V122/><F122/><W66/><G66/><T9/><D9/><N who="1" m="3659" /><E7/><V63/><F121/><W42/><G42/><T37/><D37/><U10/><N who="1" m="3667" /><U135/><DORA hai="126" /><E135/><V46/><F120/><W89/><G89/><T51/><D51/><U77/><E77/><V56/><F76/><RYUUKYOKU ba="1,1" sc="302,10,22,10,458,-30,208,10" hai0="17,18,20,21,25,26,29,31,68,71,96,101,102" hai1="22,27,45,47,55,59,62,90,95,98" hai3="12,14,23,24,44,49,54,57,60,64" /><INIT seed="4,2,1,0,3,79" ten="312,32,428,218" oya="0" hai0="66,31,77,51,46,0,76,44,23,54,18,75,81" hai1="82,68,102,48,19,87,121,62,30,96,22,129,60" hai2="107,70,1,13,128,119,72,15,89,20,106,97,125" hai3="126,71,38,123,34,130,133,88,109,115,52,90,105"/><T85/><D0/><U100/><E121/><V32/><F32/><W73/><G90/><T41/><D66/><U5/><E129/><V9/><F72/><W42/><G88/><N who="0" m="51247" /><D75/><U53/><E5/><V93/><F70/><W29/><G52/><N who="0" m="29799" /><D31/><U118/><E30/><V80/><F1/><W94/><G94/><T83/><D41/><U17/><E68/><V3/><F3/><W69/><G42/><T131/><D131/><U120/><E120/><V91/><F128/><W37/><G29/><T7/><D7/><U6/><E6/><V43/><F43/><W78/><G78/><T135/><D135/><U2/><E2/><V63/><F107/><W134/><G73/><T92/><D92/><N who="1" m="58375" /><E102/><V112/><F106/><W101/><G105/><T57/><D83/><U116/><E19/><V49/><F80/><W8/><G130/><T25/><D46/><N who="1" m="27799" /><E118/><V104/><F119/><W36/><G123/><T45/><D45/><U117/><E117/><V95/><F104/><W10/><G133/><T103/><D103/><U113/><E116/><V59/><F95/><W124/><G134/><T47/><D47/><U58/><E58/><V64/><F59/><W108/><G71/><T40/><D40/><U56/><E56/><V21/><F93/><W33/><G69/><T84/><D84/><U26/><E113/><V12/><F112/><W67/><G115/><T55/><D55/><U110/><E110/><V111/><F111/><W98/><G108/><T74/><D74/><U86/><E86/><V50/><F64/><W122/><G109/><T61/><AGARI ba="2,1" hai="18,23,25,54,57,61,76,77" m="29799,51247" machi="61" ten="30,11700,0" yaku="8,1,52,1,54,2" doraHai="79" who="0" fromWho="0" sc="312,133,32,-41,428,-41,218,-41" owari="445,54.5,-9,-50.9,387,18.7,177,-22.3" /></mjloggm>