<mjloggm ver="2.3"><GO type="137" lobby="0"/><UN n0="%4B%61%79%6F" n1="%E7%94%B7%E7%88%B5" n2="%E2%93%9D%4C%75%63%6B%79%4A" n3="%E3%81%8D%E3%82%8A%E3%81%BE%E3%81%97%E3%82%83%E3%82%8D" dan="11,12,11,12" rate="1499.49,1724.36,1818.46,1750.36" sx="F,M,M,M"/><TAIKYOKU oya="0"/><INIT seed="0,0,0,0,5,96" ten="250,250,250,250" oya="0" hai0="126,103,100,29,42,58,27,38,23,36,118,66,19" hai1="97,46,6,41,25,114,15,90,33,61,83,0,64" hai2="71,82,111,43,3,88,86,26,128,65,34,95,102" hai3="50,60,120,70,52,8,79,2,54,77,127,113,91"/><T80/><D118/><U47/><E0/><V72/><F3/><W112/><G127/><T84/><D126/><U39/><E47/><V76/><F111/><W48/><G120/><T129/><D129/><U20/><E33/><V14/><F128/><W115/><G91/><N who="0" m="51591" /><D36/><U62/><E114/><V18/><F43/><W4/><G70/><T5/><D38/><U119/><E119/><V133/><F133/><W24/><G24/><T12/><D42/><U85/><E64/><V51/><F51/><W11/><G60/><N who="0" m="38167" /><D5/><U135/><E135/><V122/><F122/><W116/><G116/><T17/><D12/><U69/><E69/><V132/><F132/><W123/><G123/><T124/><D124/><U98/><E6/><V108/><F108/><W73/><G73/><T49/><D49/><U125/><E125/><V75/><F75/><W21/><G21/><T106/><D106/><U13/><E13/><V74/><F74/><W68/><G68/><T105/><D105/><U130/><E130/><V109/><F109/><W93/><G11/><T30/><D30/><U63/><REACH who="1" step="1"/><E15/><REACH who="1" ten="250,240,250,250" step="2"/><V57/><F14/><W32/><G32/><T134/><D134/><U117/><E117/><V101/><F71/><W56/><G112/><T9/><D9/><U87/><E87/><V44/><F34/><W81/><G113/><T45/><D45/><U104/><E104/><V92/><F44/><N who="3" m="27655" /><G115/><T31/><D31/><AGARI ba="0,1" hai="20,25,31,39,41,46,61,62,63,83,85,90,97,98" machi="31" ten="40,1300,0" yaku="1,1,53,0" doraHai="96" doraHaiUra="110" who="1" fromWho="0" sc="250,-13,240,23,250,0,250,0" /><INIT seed="1,0,0,0,2,42" ten="237,263,250,250" oya="1" hai0="22,46,25,72,126,97,130,4,88,12,47,21,113" hai1="103,119,79,87,57,43,45,129,31,26,84,62,78" hai2="133,40,53,29,85,121,7,39,36,63,3,73,82" hai3="9,30,115,49,124,13,59,33,19,35,44,66,11"/><U104/><E119/><V8/><F121/><W65/><G115/><T6/><D72/><U128/><E104/><V114/><F114/><W50/><G124/><T135/><D113/><U116/><E116/><V110/><F110/><W83/><G83/><T107/><D107/><U28/><E103/><V111/><F29/><N who="1" m="11337" /><E26/><V94/><F133/><W68/><G68/><T38/><D38/><U117/><E117/><V37/><F111/><W2/><G59/><T61/><D126/><U93/><E129/><V80/><F82/><W24/><G35/><T58/><D135/><U20/><E128/><V100/><F100/><W105/><G50/><T69/><D69/><U96/><E20/><N who="0" m="7785" /><D25/><U51/><E79/><V77/><F63/><W74/><G74/><T92/><D130/><U76/><E76/><V60/><F60/><W34/><G105/><T120/><D120/><U108/><E108/><V18/><F18/><W102/><G102/><T16/><D4/><U122/><E78/><V86/><F39/><W125/><G34/><T112/><D6/><U75/><E75/><V52/><F37/><W70/><G70/><T55/><D112/><U123/><E123/><V134/><F134/><W17/><G125/><T64/><D64/><N who="1" m="38991" /><E122/><V109/><F109/><W23/><G17/><T14/><D14/><U5/><E5/><V32/><F32/><W41/><G11/><AGARI ba="0,0" hai="11,12,16,46,47,55,58,61,88,92,97" m="7785" machi="11" ten="30,8000,1" yaku="8,1,52,2,54,2" doraHai="42" who="0" fromWho="3" sc="237,80,263,0,250,0,250,-80" /><INIT seed="2,0,0,3,2,128" ten="317,263,250,170" oya="2" hai0="64,100,106,68,66,67,61,84,131,51,101,91,110" hai1="12,27,57,7,49,124,103,122,96,22,40,125,1" hai2="20,85,54,69,4,16,26,135,13,63,75,93,25" hai3="133,33,48,80,19,78,99,118,134,47,0,76,53"/><V82/><F75/><W105/><G118/><T113/><D113/><U58/><E1/><V14/><F69/><W21/><G33/><T107/><D131/><U55/><E122/><V3/><F3/><W46/><G0/><T130/><D130/><U56/><E40/><V23/><F93/><W123/><G123/><T132/><D110/><U45/><E12/><V117/><F117/><W60/><G60/><T50/><D68/><U71/><E7/><V11/><F135/><N who="3" m="51723" /><G47/><T72/><D132/><U95/><REACH who="1" step="1"/><E71/><REACH who="1" ten="317,253,250,170" step="2"/><V126/><F126/><W17/><G80/><T44/><D61/><U89/><E89/><V77/><F23/><W74/><G74/><T79/><D72/><U111/><E111/><V102/><F102/><N who="3" m="62687" /><G17/><AGARI ba="0,1" hai="17,22,27,45,49,55,56,57,58,95,96,103,124,125" machi="17" ten="40,1300,0" yaku="1,1,53,0" doraHai="128" doraHaiUra="121" who="1" fromWho="3" sc="317,0,253,23,250,0,170,-13" /><INIT seed="3,0,0,0,0,83" ten="317,276,250,157" oya="3" hai0="12,42,0,28,102,37,81,100,85,7,129,6,18" hai1="110,119,98,64,120,40,116,44,84,122,79,107,43" hai2="45,77,65,66,105,104,10,1,135,128,20,71,130" hai3="2,123,103,29,127,39,48,53,108,124,94,109,34"/><W41/><G2/><T31/><D129/><N who="2" m="49770" /><F20/><W47/><G123/><N who="1" m="47146" /><E64/><N who="2" m="24683" /><F77/><W93/><G29/><N who="0" m="11339" /><D0/><U56/><E56/><V69/><F45/><W75/><G75/><T74/><D74/><U19/><E19/><V21/><F21/><W86/><G34/><T22/><D37/><U55/><E55/><V59/><F59/><N who="3" m="33191" /><G103/><N who="0" m="39467" /><D42/><U133/><E44/><V106/><F135/><W112/><G112/><T51/><D51/><U125/><E43/><V57/><F57/><W26/><G26/><T70/><D70/><N who="2" m="26634" /><F1/><W38/><G38/><T90/><AGARI ba="0,0" hai="6,7,12,18,22,81,85,90" m="39467,11339" machi="90" ten="30,2000,0" yaku="8,1,52,1" doraHai="83" who="0" fromWho="0" sc="317,20,276,-5,250,-5,157,-10" /><INIT seed="4,0,0,4,4,116" ten="337,271,245,147" oya="0" hai0="3,1,109,120,83,7,50,79,132,100,16,134,46" hai1="88,34,92,111,81,97,17,101,38,118,22,31,55" hai2="106,75,26,71,121,40,108,63,131,85,21,11,10" hai3="95,42,2,56,8,119,123,18,36,52,102,9,43"/><T48/><D7/><U32/><E118/><V91/><F75/><W4/><G119/><T51/><D46/><U80/><E111/><V77/><F106/><W44/><G43/><T127/><D100/><U19/><E38/><V59/><F71/><W70/><G70/><T89/><D127/><U49/><E34/><V66/><F131/><W72/><G72/><T122/><D89/><U45/><E32/><V35/><F35/><W99/><G18/><N who="1" m="6666" /><E101/><V128/><F121/><N who="0" m="46698" /><D109/><U37/><E37/><V130/><F130/><W94/><G123/><T39/><D39/><U73/><E73/><V115/><F128/><W129/><G129/><T65/><D79/><U124/><E124/><V86/><F77/><W30/><G30/><T53/><D83/><U125/><E125/><V105/><F91/><W47/><G47/><T93/><D65/><U28/><E28/><V133/><F66/><W41/><G41/><T87/><D93/><U104/><E104/><V54/><F105/><W135/><G135/><N who="0" m="51755" /><D16/><U12/><E12/><V57/><F133/><W13/><G95/><T25/><D25/><AGARI ba="0,0" hai="22,25,31,45,49,55,80,81,88,92,97" m="6666" machi="25" ten="30,2000,0" yaku="8,1,54,1" doraHai="116" who="1" fromWho="0" sc="337,-20,271,20,245,0,147,0" /><INIT seed="5,0,0,3,2,123" ten="317,291,245,147" oya="1" hai0="99,90,125,62,73,44,40,13,108,37,69,23,93" hai1="70,16,118,89,96,10,11,68,128,26,132,80,25" hai2="58,126,72,109,20,67,81,51,86,76,135,12,60" hai3="92,102,15,9,131,55,43,65,87,0,110,74,61"/><U122/><E122/><V124/><F135/><W71/><G110/><T88/><D73/><U111/><E118/><V28/><F72/><W84/><G74/><T114/><D108/><U34/><E111/><V78/><F109/><W54/><G0/><T18/><D69/><U35/><E132/><V64/><F67/><W112/><G112/><T120/><D120/><U91/><E128/><V63/><F63/><W24/><G131/><T30/><D114/><U27/><E96/><V115/><F115/><W19/><G43/><T50/><D62/><U31/><E35/><V32/><F32/><W97/><G24/><T107/><D125/><N who="2" m="48234" /><F51/><W103/><G103/><N who="0" m="60911" /><D37/><U106/><E106/><V22/><F28/><W45/><G45/><T39/><D39/><U121/><E121/><V49/><F49/><W17/><G17/><T113/><D107/><U100/><E100/><V57/><F58/><W41/><G41/><T8/><D113/><U36/><E36/><V77/><F12/><W42/><G42/><T75/><D75/><U1/><E31/><V101/><F101/><W130/><G130/><T56/><D56/><U21/><E34/><V48/><F48/><W3/><G3/><T127/><D127/><U117/><E117/><V29/><F29/><W46/><G46/><T82/><D82/><U4/><E11/><V38/><F38/><W52/><AGARI ba="0,0" hai="9,15,19,52,54,55,61,65,71,84,87,92,97,102" machi="52" ten="30,2000,0" yaku="0,1,54,1" doraHai="123" who="3" fromWho="3" sc="317,-5,291,-10,245,-5,147,20" /><INIT seed="6,0,0,4,2,84" ten="312,281,240,167" oya="2" hai0="53,50,134,94,6,57,69,120,76,90,32,105,21" hai1="55,133,101,81,45,51,4,95,96,107,112,44,70" hai2="124,114,131,56,91,99,97,39,14,31,37,92,130" hai3="117,12,11,19,85,61,78,22,129,48,62,38,80"/><V3/><F3/><W64/><G117/><T26/><D120/><U23/><E70/><V27/><F124/><W65/><G38/><T106/><D69/><U119/><E119/><V10/><F99/><W115/><G129/><N who="2" m="49161" /><F56/><W123/><G123/><T25/><D76/><U104/><E4/><N who="2" m="3399" /><F114/><W68/><G115/><T83/><D32/><AGARI ba="0,0" hai="27,31,32,37,39,91,92,97" m="3399,49161" machi="32" ten="30,2900,0" yaku="19,1,52,1" doraHai="84" who="2" fromWho="0" sc="312,-29,281,0,240,29,167,0" /><INIT seed="6,1,0,2,2,75" ten="283,281,269,167" oya="2" hai0="12,128,112,123,130,48,100,42,6,21,58,10,41" hai1="95,49,127,94,69,76,56,66,55,63,93,68,34" hai2="115,126,61,2,25,113,131,97,11,70,47,90,8" hai3="106,82,103,57,1,52,88,86,0,120,125,122,7"/><V67/><F126/><W71/><G71/><T27/><D123/><U117/><E127/><V104/><F131/><N who="0" m="50218" /><D100/><U99/><E117/><V40/><F25/><W60/><G125/><T20/><D112/><N who="2" m="43082" /><F2/><W74/><G7/><T78/><D58/><U83/><E34/><V39/><F90/><W98/><REACH who="3" step="1"/><G74/><REACH who="3" ten="283,281,269,157" step="2"/><T16/><D21/><U29/><E69/><V79/><F11/><W134/><G134/><T13/><D48/><U80/><E29/><V32/><F70/><W96/><G96/><T89/><D13/><U129/><E129/><V64/><F97/><W124/><G124/><T109/><D89/><U118/><E118/><V135/><F135/><W105/><G105/><T36/><D109/><U45/><E68/><V26/><F104/><W121/><AGARI ba="1,1" hai="0,1,52,57,60,82,86,88,98,103,106,120,121,122" machi="121" ten="30,7900,0" yaku="1,1,0,1,54,2,53,0" doraHai="75" doraHaiUra="111" who="3" fromWho="3" sc="283,-21,281,-21,269,-40,157,92" /><INIT seed="7,0,0,0,0,61" ten="262,260,229,249" oya="3" hai0="38,130,70,15,27,18,93,129,90,30,107,135,56" hai1="126,83,43,37,2,81,16,12,49,105,106,104,5" hai2="115,108,75,46,4,21,22,88,23,122,54,29,85" hai3="72,45,91,121,127,97,74,28,131,102,73,79,52"/><W14/><G121/><T99/><D70/><U0/><E37/><V25/><F75/><W50/><G131/><N who="0" m="50187" /><D38/><U117/><E126/><V78/><F108/><W6/><G127/><T69/><D69/><U10/><E117/><V9/><F78/><W100/><G79/><T33/><D107/><U39/><E39/><V76/><F76/><W64/><G28/><T31/><D135/><U47/><REACH who="1" step="1"/><E0/><REACH who="1" ten="262,250,229,249" step="2"/><V103/><F122/><W58/><G91/><T124/><D124/><U111/><E111/><V26/><F115/><W3/><G3/><T62/><D31/><U51/><E51/><N who="2" m="29047" /><F29/><W109/><G109/><T63/><D33/><U1/><E1/><V119/><F119/><W24/><G24/><T71/><D30/><U134/><E134/><V114/><F114/><W113/><G113/><T116/><D116/><U17/><E17/><V118/><F118/><W66/><G102/><T67/><D27/><U65/><E65/><V11/><F103/><W94/><REACH who="3" step="1"/><G45/><REACH who="3" ten="262,250,229,239" step="2"/><T96/><D96/><U59/><E59/><V86/><F26/><W120/><G120/><T132/><D132/><U41/><E41/><V36/><F25/><W60/><G60/><T42/><D42/><U95/><E95/><V57/><F36/><W80/><G80/><T20/><D62/><U112/><E112/><V110/><F110/><W8/><AGARI ba="0,2" hai="6,8,14,50,52,58,64,66,72,73,74,94,97,100" machi="8" ten="40,12000,1" yaku="1,1,0,1,52,2,54,1,53,0" doraHai="61" doraHaiUra="87" who="3" fromWho="3" sc="262,-40,250,-40,229,-40,239,140" owari="222,2.2,210,-19.0,189,-31.1,379,47.9" /></mjloggm>