<mjloggm ver="2.3"><GO type="41" lobby="0"/><UN n0="%E9%9B%80%E4%BA%8C" n1="%65%78%63%65%6C%2E" n2="%E2%93%9D%4C%75%63%6B%79%4A" n3="%E3%82%86%E3%83%BC%E3%82%84%2E%74" dan="13,14,17,16" rate="1959.31,1950.20,2172.19,2130.18" sx="M,M,M,M"/><TAIKYOKU oya="0"/><INIT seed="0,0,0,4,5,23" ten="250,250,250,250" oya="0" hai0="93,77,130,87,47,38,83,69,126,105,84,82,78" hai1="64,102,60,74,133,79,46,19,92,21,53,36,124" hai2="106,129,40,42,118,57,95,68,122,135,63,55,0" hai3="8,81,32,120,97,85,13,12,52,58,96,94,49"/><T27/><D69/><U29/><E133/><V88/><F106/><W72/><G72/><T115/><D115/><U15/><E124/><V28/><F0/><W5/><G120/><T51/><D38/><U44/><E29/><V24/><F122/><W10/><G32/><T134/><D126/><U25/><E79/><V123/><F123/><W103/><G94/><T1/><D130/><U35/><E74/><V16/><F68/><W114/><G103/><T110/><D1/><U70/><E53/><V17/><F118/><W20/><G20/><T59/><D105/><U73/><E73/><V100/><F100/><W48/><G48/><T76/><D134/><U50/><E50/><V101/><F101/><W43/><G43/><N who="2" m="16425" /><F129/><W107/><G107/><T131/><D131/><U65/><E65/><V7/><F7/><W75/><G75/><T56/><D110/><U89/><E102/><V121/><F121/><W86/><G86/><T128/><D128/><U62/><E62/><V45/><F45/><W54/><G54/><N who="0" m="30079" /><D93/><U37/><E37/><V99/><F135/><W18/><REACH who="3" step="1"/><G114/><REACH who="3" ten="250,250,250,240" step="2"/><T22/><D78/><AGARI ba="0,1" hai="5,8,10,12,13,18,49,52,58,78,81,85,96,97" machi="78" ten="30,8000,1" yaku="1,1,2,1,7,1,8,1,54,1,53,0" doraHai="23" doraHaiUra="127" who="3" fromWho="0" sc="250,-80,250,0,250,0,240,90" /><INIT seed="1,0,0,0,2,67" ten="170,250,250,330" oya="1" hai0="15,85,91,48,39,54,131,88,2,40,61,16,21" hai1="66,1,9,128,100,87,77,13,79,57,45,90,107" hai2="106,35,49,50,38,93,23,55,70,8,102,81,7" hai3="30,74,82,31,11,125,43,112,114,122,63,56,17"/><U84/><E1/><V118/><F38/><W3/><G122/><T124/><D2/><U132/><E132/><V33/><F106/><W32/><G125/><T135/><D135/><U14/><E128/><V27/><F118/><W115/><G43/><T29/><D131/><U103/><E45/><V129/><F81/><W92/><G92/><T104/><D124/><U52/><E66/><V123/><F50/><W86/><G74/><T5/><D104/><U12/><E9/><V111/><F111/><W126/><G32/><T119/><D119/><U134/><E134/><V133/><F70/><W26/><G26/><T117/><D117/><U44/><E44/><V62/><F62/><W37/><G37/><T78/><D39/><U0/><E0/><V127/><F123/><W58/><G58/><N who="0" m="33095" /><D40/><U71/><E71/><V101/><F35/><W95/><G95/><N who="0" m="54671" /><D78/><N who="1" m="29707" /><E107/><V18/><F33/><W94/><G3/><T25/><D5/><U75/><E75/><V83/><F129/><W97/><G126/><T109/><D109/><U64/><E64/><V4/><F127/><W60/><G115/><T73/><D73/><U51/><E87/><V99/><F133/><W36/><G86/><T34/><D91/><U68/><E68/><V19/><F102/><W108/><G112/><T53/><D53/><U89/><E89/><V120/><F120/><W65/><G65/><T113/><D113/><U121/><E121/><V105/><F105/><W28/><G108/><T110/><D110/><U130/><E130/><V24/><F101/><W98/><G114/><T59/><D59/><U20/><E20/><RYUUKYOKU ba="0,0" sc="170,15,250,15,250,-15,330,-15" hai0="15,16,21,25,29,34,61" hai1="12,13,14,51,52,57,84,90,100,103" /><INIT seed="1,1,0,3,5,87" ten="185,265,235,315" oya="1" hai0="12,73,39,123,80,129,48,24,13,120,97,135,132" hai1="68,9,32,77,4,60,34,105,82,95,61,55,109" hai2="27,128,78,2,79,130,28,50,11,53,59,91,20" hai3="127,108,106,14,64,71,46,47,44,134,37,111,117"/><U93/><E105/><V119/><F119/><W18/><G106/><T114/><D39/><U90/><E109/><N who="3" m="42058" /><G117/><T15/><D114/><U112/><E112/><V30/><F30/><W99/><G127/><T96/><D24/><U84/><E95/><V131/><REACH who="2" step="1"/><F91/><REACH who="2" ten="185,265,225,315" step="2"/><W65/><G134/><N who="0" m="51243" /><D129/><U5/><E90/><V118/><F118/><W38/><G38/><T92/><D48/><U124/><E124/><V75/><F75/><W126/><G37/><T58/><D58/><U22/><E68/><V21/><F21/><W81/><G71/><T33/><D33/><U103/><E22/><V70/><F70/><W35/><G35/><T83/><D73/><U121/><E34/><V125/><F125/><W6/><G126/><T19/><D19/><U107/><E32/><V52/><F52/><W45/><G18/><T36/><D36/><U3/><E55/><V102/><F102/><W29/><G29/><T57/><D57/><U1/><E103/><V0/><F0/><W94/><G64/><T31/><D31/><U69/><E3/><V67/><F67/><W74/><G65/><T17/><D17/><U88/><E1/><V115/><F115/><W76/><G46/><T86/><D86/><U89/><E69/><V26/><F26/><W43/><G45/><T133/><D133/><U63/><E84/><V16/><F16/><W72/><G47/><T66/><D66/><U23/><E23/><V49/><F49/><W62/><G72/><T85/><D85/><U100/><E61/><V42/><F42/><W113/><G43/><T56/><D56/><U40/><E60/><RYUUKYOKU ba="1,1" sc="185,-10,265,-10,225,30,315,-10" hai2="2,11,20,27,28,50,53,59,78,79,128,130,131" /><INIT seed="2,2,1,0,5,58" ten="175,255,255,305" oya="2" hai0="81,119,36,135,50,102,126,104,48,115,131,97,91" hai1="70,120,29,30,18,72,78,118,89,85,109,51,2" hai2="23,133,20,117,9,93,128,65,111,129,19,106,41" hai3="123,112,22,127,63,79,73,8,59,124,60,75,66"/><V86/><F106/><W98/><G123/><T14/><D36/><U113/><E118/><V27/><F117/><W130/><G130/><N who="2" m="50281" /><F41/><W61/><G112/><T15/><D119/><U96/><E18/><V87/><F133/><W10/><G22/><T114/><D131/><U3/><E89/><V103/><F65/><W107/><G59/><T1/><D1/><U11/><E51/><V121/><F121/><W13/><G66/><T35/><D35/><U94/><E11/><N who="3" m="4138" /><G13/><T42/><D135/><U45/><E30/><N who="2" m="17791" /><F111/><W44/><G44/><T95/><D126/><N who="3" m="48169" /><G79/><T68/><D68/><U6/><E45/><V54/><F9/><W39/><G39/><T125/><D125/><U108/><E78/><V38/><F38/><W55/><G55/><T43/><D81/><U52/><E120/><V101/><F54/><W122/><G122/><T4/><D4/><U33/><E52/><V5/><F5/><W7/><G7/><T0/><D0/><U32/><E6/><V34/><F34/><W110/><G110/><T64/><D64/><U74/><E2/><V69/><F69/><W47/><G47/><N who="0" m="25719" /><D115/><U31/><E3/><V90/><F87/><W82/><G82/><T46/><D114/><U25/><E70/><V71/><F71/><W77/><G77/><T76/><D76/><U37/><E113/><V21/><F21/><W40/><G40/><T84/><D104/><U17/><E37/><V62/><F62/><W26/><G26/><AGARI ba="2,1" hai="19,20,26,86,90,93,101,103" m="17791,50281" machi="26" ten="30,1500,0" yaku="19,1" doraHai="58" who="2" fromWho="3" sc="175,0,255,0,255,31,305,-21" /><INIT seed="2,3,0,5,1,86" ten="175,255,286,284" oya="2" hai0="98,85,44,30,15,20,76,75,94,22,128,54,87" hai1="51,104,133,80,127,115,103,6,100,57,33,124,91" hai2="21,12,107,114,14,111,7,129,92,82,18,112,72" hai3="117,109,66,11,37,8,65,2,121,93,95,73,74"/><V62/><F107/><W99/><G37/><T25/><D128/><U41/><E115/><V110/><F62/><W130/><G130/><T61/><D75/><U46/><E33/><V17/><F129/><W81/><G81/><T135/><D135/><U26/><E133/><V131/><F131/><W40/><G40/><T29/><D76/><U122/><E122/><V68/><F68/><W47/><G47/><T108/><D108/><N who="2" m="41514" /><F92/><W116/><G109/><T71/><D71/><U42/><E42/><V16/><F7/><W134/><G134/><T45/><D45/><U39/><E6/><V60/><F60/><W19/><G19/><N who="2" m="7177" /><F14/><W125/><G99/><T28/><D15/><U36/><E26/><V13/><F13/><W23/><G2/><T55/><D30/><U49/><E104/><V10/><F10/><W118/><G118/><T79/><D61/><U83/><E46/><V43/><F43/><W88/><G121/><T119/><D119/><U3/><E41/><V1/><F1/><W52/><G8/><T132/><D132/><U31/><E3/><V24/><F12/><W123/><G11/><T59/><D44/><U0/><E0/><V106/><F106/><W113/><G116/><T5/><D5/><U96/><E57/><V4/><F4/><W102/><G117/><T105/><D105/><U90/><E31/><V77/><AGARI ba="3,0" hai="16,21,24,72,77,82,112,114" m="7177,41514" machi="77" ten="30,6000,0" yaku="14,1,10,1,54,1" doraHai="86" who="2" fromWho="2" sc="175,-23,255,-23,286,69,284,-23" /><INIT seed="2,4,0,2,0,75" ten="152,232,355,261" oya="2" hai0="99,0,33,57,52,129,63,13,70,128,100,32,107" hai1="97,54,1,81,117,119,90,10,7,126,65,87,104" hai2="29,79,42,121,118,14,106,73,2,102,44,89,60" hai3="38,82,125,35,36,71,124,66,80,92,94,127,47"/><V17/><F121/><W67/><G35/><T85/><D0/><U72/><E126/><V62/><F118/><W8/><G8/><T22/><D70/><U109/><E109/><V20/><F2/><W51/><G71/><T34/><D85/><U74/><E74/><V41/><F42/><W55/><G92/><T115/><D115/><U50/><E65/><N who="3" m="24586" /><G94/><T53/><D13/><U91/><E72/><V26/><F89/><W105/><G105/><T23/><REACH who="0" step="1"/><D53/><REACH who="0" ten="142,232,355,261" step="2"/><U27/><E54/><V131/><F14/><W31/><G31/><T12/><D12/><U98/><E87/><V18/><F73/><W132/><G132/><T83/><D83/><AGARI ba="4,1" hai="36,38,47,51,55,80,82,83,124,125,127" m="24586" machi="83" ten="40,1300,0" yaku="18,1" doraHai="75" who="3" fromWho="0" sc="142,-25,232,0,355,0,261,35" /><INIT seed="3,0,0,4,0,16" ten="117,232,355,296" oya="3" hai0="59,13,73,46,84,14,6,97,72,128,25,37,76" hai1="104,47,68,10,102,115,51,69,55,34,131,62,87" hai2="39,56,77,91,129,63,108,32,3,75,132,80,15" hai3="100,33,29,0,90,126,99,49,54,95,92,8,78"/><W24/><G126/><T118/><D118/><U17/><E115/><V125/><F3/><W41/><G78/><T106/><D128/><U135/><E131/><V5/><F32/><W30/><G30/><T113/><D113/><U120/><E120/><V52/><F39/><W20/><G41/><T85/><D25/><U48/><E135/><V117/><F108/><W124/><G124/><T28/><D28/><U83/><E34/><V36/><F36/><W23/><G8/><T74/><D59/><U123/><E123/><V79/><F117/><W42/><G42/><T45/><D37/><U4/><E17/><V101/><F101/><W50/><G0/><T65/><D65/><U71/><E51/><V22/><F132/><W38/><G50/><T116/><D116/><U61/><E102/><V134/><F134/><W109/><G109/><T11/><D85/><U21/><E104/><V121/><F125/><W119/><G119/><T111/><D111/><U64/><E62/><V127/><F129/><W1/><G1/><T35/><D35/><U96/><E96/><V70/><F70/><W7/><G7/><T130/><D130/><U86/><E86/><N who="2" m="50631" /><F75/><W12/><G12/><T60/><D14/><U98/><E4/><V114/><F114/><W66/><G66/><T31/><D72/><U26/><E10/><N who="2" m="4559" /><F121/><W94/><G38/><T103/><D73/><U2/><E2/><V81/><F127/><W53/><G49/><T110/><D74/><U43/><E48/><V19/><F81/><W107/><G90/><T57/><D110/><U105/><E71/><V44/><F44/><RYUUKYOKU ba="0,0" sc="117,-15,232,-15,355,15,296,15" hai2="19,22,52,56,63,77,79" hai3="20,23,24,29,33,53,54,92,94,95,99,100,107" /><INIT seed="3,1,0,0,4,53" ten="102,217,370,311" oya="3" hai0="62,22,69,11,121,99,101,67,93,129,81,64,14" hai1="16,71,5,12,108,111,120,31,2,45,124,47,102" hai2="49,10,94,85,38,13,17,32,25,37,73,75,86" hai3="87,131,77,65,4,112,15,56,117,59,58,61,43"/><W68/><G112/><T89/><D121/><U90/><E120/><V116/><F116/><W40/><G117/><T123/><D123/><U7/><E71/><V63/><F75/><W110/><G131/><T76/><D129/><U6/><E102/><V84/><F73/><W96/><G110/><N who="1" m="42026" /><E124/><V70/><F49/><W105/><G105/><T50/><D67/><U83/><E31/><V8/><F10/><N who="3" m="4551" /><G68/><T35/><D35/><U27/><E27/><V52/><F94/><W127/><G127/><T109/><D109/><U55/><E2/><V74/><F74/><W28/><G28/><T132/><D132/><U1/><E1/><V24/><F70/><W98/><G61/><T95/><D22/><N who="1" m="11527" /><E55/><V118/><F118/><W42/><G65/><T80/><D50/><U48/><E48/><V41/><F32/><W0/><G0/><T107/><D81/><AGARI ba="1,0" hai="40,42,43,56,58,59,77,81,87,96,98" m="4551" machi="81" ten="30,11600,0" yaku="8,1,52,3" doraHai="53" who="3" fromWho="0" sc="102,-119,217,0,370,0,311,119" owari="-17,-51.7,217,-18.3,370,17.0,430,53.0" /></mjloggm>