<mjloggm ver="2.3"><GO type="41" lobby="0"/><UN n0="%E3%81%B5%E3%81%A3%E3%81%8F" n1="%46%59%4B%31%37" n2="%E2%93%9D%4C%75%63%6B%79%4A" n3="%53%41%56%41%4E%4E%41" dan="14,14,18,14" rate="1925.31,1950.22,2214.47,2038.42" sx="M,M,M,M"/><TAIKYOKU oya="0"/><INIT seed="0,0,0,1,4,46" ten="250,250,250,250" oya="0" hai0="83,63,120,56,49,62,80,38,127,86,74,110,133" hai1="43,90,97,84,27,31,23,119,118,57,93,2,67" hai2="107,64,29,26,5,16,41,68,100,117,73,32,10" hai3="123,14,35,95,89,116,34,132,36,92,61,81,72"/><T99/><D120/><U125/><E2/><V122/><F122/><W121/><G116/><T54/><D38/><U98/><E125/><V39/><F73/><W114/><G132/><T18/><D133/><U124/><E124/><V77/><F77/><W9/><G123/><T126/><D74/><U75/><E75/><V6/><F41/><W104/><G121/><T8/><D127/><U76/><E43/><V87/><F87/><W79/><G104/><T88/><D126/><U71/><E71/><V3/><F6/><W55/><G114/><T17/><D110/><U78/><E119/><V13/><F39/><W58/><G36/><T15/><D83/><U45/><E45/><V20/><F117/><W52/><G55/><T106/><REACH who="0" step="1"/><D18/><REACH who="0" ten="240,250,250,250" step="2"/><U85/><E118/><V50/><F16/><W7/><REACH who="3" step="1"/><G92/><REACH who="3" ten="240,250,250,240" step="2"/><T0/><D0/><U69/><E93/><V44/><F3/><W135/><G135/><T11/><D11/><U103/><E78/><V33/><F10/><W115/><G115/><T70/><D70/><U101/><E69/><V94/><F68/><W113/><G113/><T22/><D22/><U40/><E76/><V105/><F20/><W37/><G37/><T19/><D19/><U42/><E23/><V96/><F33/><W12/><G12/><T48/><D48/><U4/><E31/><V60/><F29/><W128/><G128/><T66/><D66/><U102/><E67/><V30/><F64/><W51/><G51/><T108/><D108/><U65/><E65/><V59/><F50/><W130/><G130/><T111/><D111/><U47/><E27/><RYUUKYOKU ba="0,2" sc="240,15,250,-15,250,-15,240,15" hai0="8,15,17,49,54,56,62,63,80,86,88,99,106" hai3="7,9,14,34,35,52,58,61,72,79,81,89,95" /><INIT seed="0,1,2,0,5,2" ten="255,235,235,255" oya="0" hai0="73,28,31,9,109,117,7,89,52,46,95,4,25" hai1="135,88,12,115,53,66,5,72,61,93,41,29,124" hai2="107,127,118,94,113,68,81,74,30,47,38,106,64" hai3="60,34,65,15,13,102,8,26,50,82,103,133,67"/><T108/><D73/><U86/><E72/><V71/><F94/><W126/><G133/><T54/><D117/><U22/><E135/><V20/><F20/><W96/><G126/><T23/><D31/><U16/><E41/><N who="2" m="22967" /><F113/><W11/><G67/><T56/><D46/><U111/><E124/><V87/><F87/><W33/><G103/><T62/><D54/><U128/><E115/><V27/><F118/><W14/><G50/><T35/><D35/><U57/><E128/><V37/><F37/><W39/><G39/><T78/><D78/><U112/><E112/><V105/><F64/><W63/><G63/><T80/><D80/><U19/><E66/><V116/><F116/><W120/><G120/><T99/><D9/><N who="1" m="4143" /><E111/><AGARI ba="1,2" hai="4,7,23,25,28,52,56,62,89,95,99,108,109,111" machi="111" ten="40,12000,1" yaku="14,1,10,1,52,2,54,1" doraHai="2" who="0" fromWho="1" sc="255,143,235,-123,235,0,255,0" /><INIT seed="0,2,0,1,1,110" ten="398,112,235,255" oya="0" hai0="80,100,10,120,64,38,9,46,18,41,30,119,59" hai1="55,116,45,51,17,69,16,107,86,125,108,1,58" hai2="5,115,6,134,103,47,14,83,131,82,50,113,57" hai3="84,135,15,99,79,71,128,7,42,56,20,124,74"/><T129/><D119/><U25/><E69/><V22/><F103/><W96/><G124/><T104/><D120/><U21/><E1/><V32/><F32/><W109/><G109/><T43/><D43/><U62/><E107/><V63/><F134/><W95/><G128/><T76/><D30/><U26/><E125/><V28/><F131/><W31/><G135/><T73/><D129/><U77/><E116/><V3/><F3/><W133/><G133/><T105/><D100/><U92/><E108/><V65/><F83/><W123/><G123/><T39/><D10/><U8/><E8/><V23/><F82/><W53/><G71/><T54/><D39/><U117/><E117/><V111/><F111/><W72/><G42/><T127/><D64/><U36/><E36/><V122/><F122/><W12/><G99/><T60/><D127/><U52/><E17/><V0/><F0/><W70/><G70/><T106/><D18/><U89/><E77/><V78/><F78/><W66/><G66/><T2/><REACH who="0" step="1"/><D104/><REACH who="0" ten="388,112,235,255" step="2"/><U13/><AGARI ba="2,1" hai="13,16,21,25,26,45,51,52,55,58,62,86,89,92" machi="13" ten="20,8000,1" yaku="0,1,7,1,8,1,54,2" doraHai="110" who="1" fromWho="1" sc="388,-42,112,96,235,-22,255,-22" /><INIT seed="1,0,0,5,1,116" ten="346,208,213,233" oya="1" hai0="91,5,54,118,73,0,58,50,17,128,59,12,134" hai1="63,133,55,27,81,22,78,89,11,1,107,21,122" hai2="44,93,28,45,69,101,13,31,38,109,126,105,23" hai3="84,39,3,26,95,103,71,46,121,51,36,40,29"/><U53/><E107/><V25/><F69/><W10/><G121/><T123/><D118/><U98/><E122/><V68/><F68/><W49/><G71/><T125/><D73/><U70/><E133/><V129/><F105/><W4/><G39/><T135/><D125/><U37/><E37/><V41/><F109/><W83/><G95/><T30/><D30/><U72/><E22/><V75/><F75/><W52/><G103/><T56/><D128/><U111/><E111/><V86/><F45/><W33/><REACH who="3" step="1"/><G52/><REACH who="3" ten="346,208,213,223" step="2"/><T32/><D123/><U102/><E55/><V120/><F120/><W106/><G106/><T117/><D54/><U124/><E102/><V8/><F101/><W131/><G131/><T61/><D117/><U110/><E53/><V77/><F129/><W6/><G6/><T34/><D5/><U80/><E124/><V76/><F126/><W104/><G104/><T18/><D50/><U108/><E108/><V92/><F93/><W90/><AGARI ba="0,1" hai="3,4,10,26,29,33,36,40,46,49,51,83,84,90" machi="90" ten="20,5200,0" yaku="1,1,0,1,7,1,53,1" doraHai="116" doraHaiUra="85" who="3" fromWho="3" sc="346,-13,208,-26,213,-13,223,62" /><INIT seed="2,0,0,2,4,12" ten="333,182,200,285" oya="2" hai0="68,111,110,31,116,58,101,131,109,15,106,21,86" hai1="60,108,65,53,50,93,51,7,118,2,56,83,70" hai2="8,39,102,44,95,80,121,75,17,1,49,23,40" hai3="54,71,37,99,46,59,97,94,14,123,64,78,87"/><V38/><F121/><W19/><G123/><T13/><D68/><U73/><E118/><V55/><F1/><W26/><G71/><T130/><D116/><U32/><E32/><V3/><F102/><W9/><G64/><T34/><D86/><U132/><E2/><V105/><F105/><W103/><G26/><N who="0" m="18807" /><D58/><U66/><E7/><V28/><F28/><W5/><G5/><T61/><D61/><U107/><E107/><V112/><F112/><W90/><G78/><T47/><D47/><U52/><E93/><V36/><F95/><W30/><G30/><T10/><D101/><U114/><E114/><V134/><F134/><W57/><G99/><T98/><D98/><U120/><E73/><V96/><F96/><W4/><G4/><N who="0" m="3271" /><D106/><U122/><E83/><V85/><F8/><W100/><G100/><T125/><D125/><U128/><E132/><V33/><F33/><W77/><G77/><T24/><D15/><U92/><E92/><V84/><F3/><W22/><G37/><T45/><D45/><U48/><E70/><V127/><F127/><W117/><G117/><T79/><D79/><U124/><E124/><V62/><F75/><W6/><G46/><T63/><D63/><U135/><E135/><V133/><F133/><W72/><G72/><T25/><D21/><U16/><E48/><V69/><F80/><N who="3" m="49511" /><G54/><T41/><D41/><U91/><E53/><V82/><F82/><W35/><G35/><T113/><D113/><U20/><E52/><V29/><F55/><W119/><G119/><T43/><D43/><U88/><E65/><N who="2" m="41143" /><F29/><W67/><G67/><RYUUKYOKU ba="0,0" sc="333,10,182,-30,200,10,285,10" hai0="24,25,109,110,111,130,131" hai2="17,23,36,38,39,40,44,49,84,85" hai3="6,9,14,19,22,57,59,94,97,103" /><INIT seed="2,1,0,0,0,114" ten="343,152,210,295" oya="2" hai0="74,60,120,36,12,49,71,102,39,20,6,26,107" hai1="29,132,89,66,58,124,14,79,19,81,54,38,112" hai2="64,82,127,75,133,119,128,9,80,70,116,21,69" hai3="15,108,0,113,33,18,105,106,110,55,94,118,76"/><V68/><F64/><W30/><G118/><N who="2" m="45097" /><F21/><W96/><G113/><T2/><D120/><U86/><E38/><V97/><F9/><W78/><G0/><T17/><D74/><U100/><E29/><V61/><F61/><W123/><G123/><T1/><D102/><U45/><E66/><V46/><F46/><W91/><G30/><T10/><D107/><N who="3" m="40969" /><G55/><T122/><D122/><U77/><E45/><V88/><F128/><W31/><G31/><T57/><D71/><U27/><E27/><V59/><F59/><W111/><G33/><T93/><D49/><U95/><E58/><V115/><F115/><W90/><G90/><T7/><D93/><U85/><E54/><V5/><F5/><W125/><G125/><T104/><D104/><U83/><E124/><V11/><F11/><AGARI ba="1,0" hai="11,15,18,76,78,91,94,96,108,110,111" m="40969" machi="11" ten="40,1300,0" yaku="14,1" doraHai="114" who="3" fromWho="2" sc="343,0,152,0,210,-16,295,16" /><INIT seed="3,0,0,1,4,78" ten="343,152,194,311" oya="3" hai0="63,0,60,25,54,42,55,62,93,45,90,7,8" hai1="115,106,70,73,95,16,50,53,24,51,30,80,13" hai2="112,61,77,1,130,33,91,122,86,83,123,41,14" hai3="12,75,9,48,57,134,79,29,105,129,85,114,94"/><W87/><G105/><T10/><D25/><U32/><E106/><V118/><F1/><W49/><G129/><T26/><D26/><U127/><E70/><V46/><F112/><W110/><G114/><T96/><REACH who="0" step="1"/><D10/><REACH who="0" ten="333,152,194,311" step="2"/><U116/><E115/><V64/><F130/><W111/><G9/><T38/><AGARI ba="0,1" hai="0,7,8,38,42,45,54,55,60,62,63,90,93,96" machi="38" ten="30,7900,0" yaku="1,1,2,1,0,1,53,1" doraHai="78" doraHaiUra="84" who="0" fromWho="0" sc="333,89,152,-20,194,-20,311,-39" /><INIT seed="4,0,0,0,3,64" ten="422,132,174,272" oya="0" hai0="123,63,59,24,15,92,16,118,100,68,132,112,94" hai1="0,131,45,23,85,48,110,101,50,90,27,95,17" hai2="43,3,10,55,56,89,119,103,78,61,116,108,129" hai3="70,107,73,80,19,67,69,120,18,22,4,14,135"/><T109/><D118/><N who="2" m="45098" /><F103/><W26/><G107/><T72/><D123/><U62/><E110/><V2/><F108/><W66/><G120/><T122/><D122/><U53/><E0/><N who="2" m="43" /><F78/><W86/><G73/><T102/><D109/><U58/><E131/><V126/><F43/><W51/><G135/><T54/><D132/><U36/><E36/><V46/><F10/><W34/><G51/><T37/><D72/><U20/><E101/><V125/><F89/><W113/><G113/><T42/><D112/><U5/><E5/><V75/><F75/><W65/><G4/><T76/><D76/><U79/><E79/><V133/><F46/><W47/><G47/><T105/><D42/><U97/><E85/><V115/><F115/><W87/><G86/><T124/><D37/><U13/><E45/><V33/><F33/><W106/><G34/><T29/><D105/><U28/><AGARI ba="0,0" hai="13,17,20,23,27,28,48,50,53,58,62,90,95,97" machi="28" ten="20,2700,0" yaku="0,1,7,1,8,1" doraHai="64" who="1" fromWho="1" sc="422,-13,132,27,174,-7,272,-7" /><INIT seed="5,0,0,2,1,109" ten="409,159,167,265" oya="1" hai0="112,102,14,89,123,13,26,119,41,28,126,129,10" hai1="59,6,91,17,132,114,61,35,104,128,57,37,73" hai2="135,60,88,115,106,82,0,70,9,46,105,47,111" hai3="20,83,67,122,40,38,65,124,121,81,100,76,101"/><U72/><E35/><V34/><F111/><W54/><G124/><T16/><D102/><N who="3" m="39529" /><G40/><T11/><D89/><U8/><E37/><V12/><F0/><W42/><G42/><T107/><D41/><U18/><E104/><V120/><F120/><N who="3" m="46187" /><G54/><T15/><D107/><U130/><E132/><V79/><F34/><W74/><G20/><T58/><D58/><U97/><E6/><V52/><F135/><W19/><G19/><T27/><D126/><U98/><E61/><V118/><F118/><W77/><G38/><T22/><D119/><U44/><E44/><V39/><F47/><W134/><G74/><T95/><D95/><U131/><E131/><V33/><F33/><W23/><G23/><N who="0" m="15455" /><D129/><U51/><E8/><N who="0" m="3113" /><D123/><U84/><E51/><V45/><F106/><W68/><G68/><T29/><D112/><U3/><E3/><V30/><F115/><W110/><G134/><T50/><D50/><U86/><REACH who="1" step="1"/><E91/><REACH who="1" ten="409,149,167,265" step="2"/><V75/><F88/><W90/><G90/><T63/><D63/><U53/><E53/><V108/><F52/><W133/><G133/><T62/><D62/><U80/><E80/><N who="3" m="30794" /><G110/><T87/><D87/><U127/><E127/><V55/><F108/><W92/><G92/><T25/><D29/><U56/><E56/><N who="2" m="34847" /><F105/><W99/><G99/><T49/><D49/><U66/><E66/><AGARI ba="0,1" hai="65,66,67,76,77" m="30794,46187,39529" machi="66" ten="30,2000,0" yaku="28,2" doraHai="109" who="3" fromWho="1" sc="409,0,149,-20,167,0,265,30" /><INIT seed="6,0,0,5,2,105" ten="409,129,167,295" oya="2" hai0="54,130,5,65,33,76,34,96,72,88,116,60,20" hai1="129,26,134,44,77,83,9,55,103,29,16,0,110" hai2="67,132,90,58,36,122,10,71,100,95,97,57,66" hai3="47,82,59,107,18,108,38,78,12,121,114,104,89"/><V22/><F122/><W118/><G108/><T30/><D5/><U41/><E110/><V75/><F36/><W86/><G118/><T40/><D40/><U81/><E134/><V73/><F71/><W109/><G109/><T92/><D130/><U50/><E129/><V70/><F70/><W85/><G121/><T48/><D116/><U43/><E103/><V8/><F22/><W117/><G117/><T39/><D39/><U11/><E83/><V102/><F90/><W74/><G114/><T98/><D98/><U13/><E0/><V23/><F23/><W1/><G1/><T42/><D42/><U7/><E7/><V53/><F53/><W6/><G6/><T80/><D20/><U127/><E9/><V52/><F52/><W111/><G111/><T125/><D125/><U27/><E27/><V101/><F102/><W46/><G74/><T2/><D2/><U37/><E37/><V61/><F61/><W3/><G3/><T119/><D30/><U131/><E127/><V25/><F25/><W123/><G123/><T87/><D119/><U63/><E63/><V51/><F51/><W106/><G59/><T120/><D120/><U4/><E4/><V31/><F31/><W124/><G124/><T112/><D112/><U79/><E131/><V115/><F115/><W32/><G32/><T24/><D24/><U113/><E113/><V17/><F17/><W94/><REACH who="3" step="1"/><G38/><REACH who="3" ten="409,129,167,285" step="2"/><T45/><D72/><U84/><REACH who="1" step="1"/><E77/><REACH who="1" ten="409,119,167,285" step="2"/><V19/><F19/><W64/><G64/><T135/><D135/><U49/><E49/><V128/><F128/><W99/><G99/><RYUUKYOKU ba="0,2" sc="409,10,119,10,167,-30,285,10" hai0="33,34,45,48,54,60,65,76,80,87,88,92,96" hai1="11,13,16,26,29,41,43,44,50,55,79,81,84" hai3="12,18,46,47,78,82,85,86,89,94,104,106,107" /><INIT seed="7,1,2,1,0,115" ten="419,129,137,295" oya="3" hai0="18,30,75,132,98,52,116,74,47,33,8,48,104" hai1="7,127,45,51,1,80,62,76,125,82,4,73,126" hai2="123,77,26,22,14,10,69,63,56,53,9,64,60" hai3="19,120,111,78,99,43,109,96,67,55,87,59,23"/><W42/><G120/><T113/><D116/><U34/><E34/><V3/><F123/><W108/><G67/><T38/><D113/><U110/><E110/><V130/><F130/><W105/><G78/><T101/><D132/><U71/><E82/><V49/><F3/><W72/><G72/><T17/><D38/><U15/><E1/><V129/><F129/><W90/><G105/><T121/><D121/><U58/><E71/><V97/><F77/><W40/><G87/><T89/><D18/><U65/><E15/><V61/><F97/><W36/><G90/><T57/><D30/><U112/><E112/><V21/><F10/><W31/><G31/><T46/><D33/><U6/><E6/><V84/><F84/><W131/><G36/><T37/><D89/><U117/><E117/><V107/><F107/><W93/><G93/><T32/><D32/><U95/><E95/><V100/><F100/><W119/><G119/><T28/><D28/><U25/><E25/><V79/><F79/><W102/><G102/><T88/><D88/><U83/><E83/><V5/><REACH who="2" step="1"/><F22/><REACH who="2" ten="419,129,127,295" step="2"/><W68/><G131/><T134/><D134/><U85/><E85/><V86/><F86/><W54/><G96/><T70/><D47/><U44/><E44/><V39/><F39/><W0/><G99/><T94/><D17/><AGARI ba="1,3" hai="5,9,14,17,21,26,49,53,56,60,61,63,64,69" machi="17" ten="30,2000,0" yaku="1,1,7,1,53,0" doraHai="115" doraHaiUra="35" who="2" fromWho="0" sc="419,-23,129,0,127,53,295,0" owari="396,49.6,129,-37.1,180,-22.0,295,9.5" /></mjloggm>