<mjloggm ver="2.3"><GO type="137" lobby="0"/><UN n0="%E2%93%9D%4C%75%63%6B%79%4A" n1="%E5%88%A9%E6%A0%B9%E5%B7%9D%E5%B9%B8%E9%9B%84%32" n2="%76%69%6D%6F" n3="%74%68%6F%6D%61%73%64" dan="10,10,12,13" rate="1827.76,1415.51,1846.79,1784.39" sx="M,F,F,M"/><TAIKYOKU oya="0"/><INIT seed="0,0,0,5,2,24" ten="250,250,250,250" oya="0" hai0="68,123,15,48,104,43,2,55,114,17,120,51,23" hai1="13,60,108,90,11,31,32,6,35,14,8,49,44" hai2="100,42,96,128,30,97,110,26,112,118,76,45,63" hai3="38,85,52,46,126,22,3,101,127,121,94,54,116"/><T98/><D114/><U62/><E108/><V59/><F112/><W4/><G116/><T16/><D2/><U19/><E90/><V105/><F110/><W9/><G121/><T129/><D68/><U41/><REACH who="1" step="1"/><E32/><REACH who="1" ten="250,240,250,250" step="2"/><V66/><F118/><W107/><G126/><T69/><D123/><U72/><E72/><V1/><F128/><W75/><G75/><T0/><D129/><U40/><E40/><V25/><F42/><W81/><G127/><T50/><D43/><U77/><E77/><V83/><F76/><W71/><G101/><T111/><D111/><U99/><E99/><V12/><F97/><W58/><G85/><T7/><D120/><U102/><E102/><V34/><F34/><W27/><G38/><T133/><D98/><U130/><E130/><V113/><F105/><W57/><G107/><T86/><D104/><U64/><E64/><V36/><F113/><W39/><G39/><T132/><D86/><U73/><E73/><V79/><F36/><W109/><G109/><T18/><D55/><U122/><E122/><V61/><F79/><W5/><G52/><T135/><D69/><U103/><E103/><V134/><F96/><W53/><G54/><T37/><D37/><U28/><E28/><V78/><F30/><W115/><G53/><T84/><D84/><U47/><E47/><V106/><F45/><W80/><G46/><T56/><D56/><U93/><E93/><V70/><F100/><W92/><G58/><T29/><D29/><U131/><E131/><V33/><F106/><W119/><G57/><T82/><D82/><U74/><E74/><RYUUKYOKU ba="0,1" sc="250,15,240,15,250,-15,250,-15" hai0="0,7,15,16,17,18,23,48,50,51,132,133,135" hai1="6,8,11,13,14,19,31,35,41,44,49,60,62" /><INIT seed="0,1,1,5,0,110" ten="265,255,235,235" oya="0" hai0="69,24,70,1,123,54,99,23,124,131,48,90,83" hai1="15,89,66,43,86,0,41,11,4,12,105,49,32" hai2="17,16,80,113,26,77,120,8,87,134,78,35,27" hai3="33,92,132,19,58,128,98,119,112,109,121,57,96"/><T46/><D123/><U28/><E105/><V94/><F120/><W116/><G109/><T84/><D1/><U93/><E66/><V103/><F134/><W14/><G14/><T36/><D124/><U62/><E62/><V59/><F113/><W9/><G9/><T71/><D131/><U97/><E49/><V38/><F38/><W2/><G92/><T20/><D36/><U55/><E55/><V88/><F59/><W107/><G19/><T130/><D130/><U73/><E15/><V122/><F122/><W102/><G128/><T100/><REACH who="0" step="1"/><D24/><REACH who="0" ten="255,255,235,235" step="2"/><U47/><E73/><V81/><F27/><W135/><G2/><T74/><D74/><U53/><E86/><V101/><F87/><W95/><G132/><T91/><D91/><U114/><E114/><V63/><F26/><W65/><G112/><T39/><D39/><U115/><E115/><V129/><F88/><W79/><G135/><T104/><AGARI ba="1,2" hai="20,23,46,48,54,69,70,71,83,84,90,99,100,104" machi="104" ten="30,3000,0" yaku="1,1,0,1,53,0" doraHai="110" doraHaiUra="25" who="0" fromWho="0" sc="255,53,255,-11,235,-11,235,-11" /><INIT seed="0,2,0,0,2,81" ten="308,244,224,224" oya="0" hai0="3,1,41,120,65,122,9,29,78,126,42,121,94" hai1="133,26,97,85,128,21,8,48,134,103,105,19,127" hai2="20,30,35,116,49,64,115,11,59,135,106,118,58" hai3="28,54,38,72,123,53,93,92,32,130,79,74,33"/><T75/><D65/><U77/><E48/><V27/><F115/><W40/><G79/><T125/><D29/><U129/><E8/><V12/><F106/><W60/><G60/><T96/><D78/><U61/><E61/><V70/><F70/><W45/><G28/><T63/><D75/><U83/><REACH who="1" step="1"/><E127/><REACH who="1" ten="308,234,224,224" step="2"/><N who="0" m="48649" /><D63/><U67/><E67/><V31/><F49/><W62/><G62/><T109/><D9/><U0/><E0/><N who="0" m="73" /><D109/><U68/><E68/><V99/><F64/><W25/><G38/><T10/><D10/><U7/><E7/><V34/><F11/><W98/><G123/><N who="0" m="31491" /><T44/><DORA hai="82" /><D44/><U14/><E14/><V111/><F12/><W51/><G45/><T113/><D113/><U91/><E91/><AGARI ba="2,1" hai="41,42,91,94,96" m="31491,73,48649" machi="91" ten="50,2400,0" yaku="18,1" doraHai="81,82" who="0" fromWho="1" sc="308,40,234,-30,224,0,224,0" /><INIT seed="0,3,0,4,0,101" ten="348,204,224,224" oya="0" hai0="16,76,126,115,131,65,91,53,35,79,108,24,15" hai1="72,125,41,9,42,105,102,28,59,54,58,26,128" hai2="97,2,120,95,89,31,68,50,87,85,113,111,4" hai3="109,132,43,96,0,88,103,22,21,5,1,129,75"/><T73/><D115/><U99/><E128/><V47/><F113/><W23/><G75/><T117/><D117/><U40/><E125/><V100/><F120/><W30/><G129/><T98/><D131/><U6/><E72/><V3/><F68/><W14/><G43/><T114/><D114/><U121/><E121/><V92/><F111/><W71/><G109/><T57/><D65/><U39/><E39/><V55/><F31/><W83/><G132/><T67/><D67/><U34/><REACH who="1" step="1"/><E54/><REACH who="1" ten="348,194,224,224" step="2"/><V110/><F110/><W37/><G37/><T112/><D126/><U122/><E122/><V60/><F60/><W133/><G133/><T81/><D73/><U107/><E107/><V27/><F27/><W17/><G30/><T44/><D24/><U33/><E33/><V69/><F69/><W11/><G71/><T123/><D35/><U29/><E29/><V52/><F55/><W19/><G1/><AGARI ba="3,1" hai="1,6,9,26,28,34,40,41,42,58,59,99,102,105" machi="1" ten="40,2600,0" yaku="1,1,52,1,53,0" doraHai="101" doraHaiUra="90" who="1" fromWho="3" sc="348,0,194,45,224,0,224,-35" /><INIT seed="1,0,0,0,0,9" ten="348,239,224,189" oya="1" hai0="1,6,49,82,17,135,127,100,124,28,61,11,130" hai1="23,24,74,30,41,18,68,71,25,59,8,21,85" hai2="99,58,86,120,107,92,65,77,88,48,31,115,26" hai3="102,50,121,22,89,15,79,45,75,0,38,62,37"/><U56/><E74/><V46/><F120/><W110/><G0/><T80/><D100/><U101/><E101/><V7/><F115/><W133/><G121/><T32/><D49/><U5/><E41/><V60/><F7/><W108/><G79/><T66/><D130/><U118/><E118/><V4/><F4/><W35/><G35/><T87/><D135/><U76/><E68/><V113/><F113/><W78/><G78/><T36/><D36/><U16/><E71/><V109/><F109/><N who="3" m="42091" /><G75/><T94/><D17/><U106/><E106/><V29/><F26/><W20/><G102/><T123/><D28/><U84/><E30/><V40/><F107/><W95/><G62/><T122/><D32/><U131/><E131/><V54/><F77/><W128/><G22/><T10/><D11/><U72/><E72/><V96/><F31/><W53/><G133/><T116/><D116/><U47/><E47/><V97/><F29/><W43/><G43/><AGARI ba="0,0" hai="40,43,46,48,54,58,60,65,86,88,92,96,97,99" machi="43" ten="40,2600,0" yaku="8,1,54,1" doraHai="9" who="2" fromWho="3" sc="348,0,239,0,224,26,189,-26" /><INIT seed="2,0,0,2,2,44" ten="348,239,250,163" oya="2" hai0="69,103,125,128,36,108,68,16,134,84,64,51,111" hai1="45,96,35,126,50,62,39,122,43,121,120,79,80" hai2="71,61,33,119,9,42,129,5,12,46,101,63,60" hai3="118,135,82,105,85,14,31,132,52,131,98,95,123"/><V19/><F119/><W110/><G123/><T83/><D36/><U23/><E35/><V34/><F129/><W113/><G118/><T56/><D103/><U28/><E126/><V26/><F71/><W112/><G31/><T4/><D4/><U21/><E28/><V77/><F101/><W133/><G14/><T67/><D134/><U27/><E27/><V55/><F55/><W17/><G17/><T65/><D125/><U1/><E1/><V102/><F102/><W40/><G40/><T100/><D100/><U81/><E39/><V58/><F58/><W93/><G105/><T116/><D128/><U3/><E3/><V106/><F106/><W89/><G52/><N who="0" m="31775" /><D16/><U91/><E62/><V48/><F26/><W90/><G110/><N who="0" m="42027" /><D116/><U57/><E57/><V25/><F25/><W74/><G131/><T73/><D73/><U87/><REACH who="1" step="1"/><E96/><REACH who="1" ten="348,229,250,163" step="2"/><V130/><F130/><W41/><REACH who="3" step="1"/><G41/><REACH who="3" ten="348,229,250,153" step="2"/><T76/><AGARI ba="0,2" hai="64,65,67,68,69,76,83,84" m="42027,31775" machi="76" ten="30,4000,0" yaku="14,1,52,1,54,1" doraHai="44" who="0" fromWho="0" sc="348,60,229,-10,250,-20,153,-10" /><INIT seed="3,0,0,2,1,62" ten="408,219,230,143" oya="3" hai0="52,35,68,20,57,27,46,3,121,2,78,90,29" hai1="31,9,130,49,99,32,15,110,124,18,8,106,128" hai2="30,131,82,48,120,39,5,63,24,134,133,67,23" hai3="44,33,116,123,114,97,103,59,53,36,129,17,79"/><W47/><G33/><T84/><D121/><U70/><E70/><V113/><F113/><W81/><G116/><T132/><D68/><U72/><E72/><V7/><F131/><N who="1" m="50217" /><E49/><V0/><F120/><W16/><G129/><T76/><D132/><N who="2" m="50794" /><F39/><W19/><G114/><T42/><D3/><U98/><E106/><V101/><F0/><W43/><G123/><T12/><D2/><U77/><E77/><V75/><F101/><W65/><G47/><T87/><D87/><U61/><E61/><V92/><F92/><W28/><G28/><T34/><D35/><U4/><E98/><V58/><F48/><W22/><G22/><T71/><D71/><U83/><E99/><V50/><F50/><W37/><G37/><T11/><D42/><U100/><E100/><V89/><F89/><W56/><G97/><T14/><D46/><U117/><E83/><V74/><F82/><W111/><G103/><T109/><D34/><U21/><E117/><V102/><F102/><W38/><G38/><T64/><D78/><U119/><E119/><V60/><F60/><W96/><G96/><T118/><D76/><U41/><E41/><V55/><F75/><N who="3" m="43263" /><G53/><T95/><D52/><U93/><E93/><V126/><F55/><W88/><G88/><T91/><D91/><U85/><E85/><V10/><F74/><W135/><G135/><T69/><D118/><U108/><E124/><V105/><F126/><W66/><G111/><N who="1" m="42538" /><E4/><V1/><F7/><W125/><G125/><T45/><D109/><U104/><E104/><AGARI ba="0,0" hai="1,5,10,23,24,30,58,63,67,104,105" m="50794" machi="104" ten="30,2000,0" yaku="20,1,52,1" doraHai="62" who="2" fromWho="1" sc="408,0,219,-20,230,20,143,0" /><INIT seed="4,0,0,3,0,123" ten="408,199,250,143" oya="0" hai0="119,98,104,82,103,60,34,134,14,133,64,86,112" hai1="55,67,74,30,45,31,44,124,39,19,72,99,52" hai2="111,128,85,65,10,41,77,101,97,47,78,54,126" hai3="62,9,58,51,76,13,102,109,27,46,92,120,70"/><T87/><D119/><U116/><E19/><V125/><F128/><W115/><G70/><T73/><D34/><U11/><E116/><V131/><F131/><W75/><G75/><T69/><D112/><U37/><E11/><V18/><F65/><W2/><G2/><T80/><D14/><U8/><E8/><V84/><F54/><W107/><G76/><T83/><REACH who="0" step="1"/><D73/><REACH who="0" ten="398,199,250,143" step="2"/><U53/><E67/><V33/><F125/><W91/><G13/><T106/><D106/><U26/><E124/><V105/><F126/><W21/><G107/><T7/><D7/><U68/><E55/><V6/><F33/><W56/><G115/><T59/><D59/><U48/><E68/><V114/><F114/><W23/><G58/><T117/><D117/><U20/><E20/><V108/><F6/><W113/><G23/><T50/><D50/><U100/><E100/><V1/><F105/><W4/><G102/><T32/><D32/><U22/><E22/><V118/><BYE who="1" /><F101/><W135/><G21/><T17/><D17/><U3/><E3/><V57/><F118/><W42/><G56/><T16/><D16/><U12/><E12/><V66/><F1/><W127/><G113/><T43/><D43/><U96/><E96/><V95/><F18/><W81/><G42/><T90/><D90/><U93/><E93/><V88/><F10/><W129/><G91/><T132/><AGARI ba="0,1" hai="60,64,69,80,82,83,86,87,98,103,104,132,133,134" machi="132" ten="40,7800,0" yaku="1,1,0,1,20,1,53,0" doraHai="123" doraHaiUra="38" who="0" fromWho="0" sc="398,88,199,-26,250,-26,143,-26" /><UN n1="%E5%88%A9%E6%A0%B9%E5%B7%9D%E5%B9%B8%E9%9B%84%32" /><INIT seed="4,1,0,5,2,54" ten="486,173,224,117" oya="0" hai0="76,56,40,87,57,120,113,17,99,67,91,109,107" hai1="32,29,6,51,58,21,95,18,9,48,105,2,74" hai2="24,3,22,92,94,19,34,135,127,41,108,66,134" hai3="115,55,61,33,44,125,47,25,8,10,0,110,93"/><T132/><D120/><U52/><E74/><V119/><F108/><W75/><G75/><T103/><D109/><U81/><E105/><V73/><F73/><W7/><G110/><T35/><D35/><U131/><E131/><V116/><F3/><W106/><G106/><T126/><D126/><U16/><E81/><V15/><F127/><W43/><G125/><T23/><D113/><U60/><E95/><V96/><F41/><W123/><G115/><T122/><D122/><U39/><E39/><V100/><F92/><W62/><G93/><T42/><D132/><N who="2" m="50730" /><F66/><W5/><G25/><T68/><D76/><U84/><E18/><N who="2" m="12375" /><F34/><W102/><G102/><T118/><D42/><U121/><E84/><V133/><F133/><W80/><G80/><T37/><D40/><U11/><E11/><AGARI ba="1,0" hai="11,15,19,94,96,100,116,119" m="12375,50730" machi="11" ten="30,1000,0" yaku="20,1" doraHai="54" who="2" fromWho="1" sc="486,0,173,-13,224,13,117,0" /><INIT seed="5,0,0,4,5,60" ten="486,160,237,117" oya="1" hai0="101,111,15,14,107,20,118,78,6,76,29,43,35" hai1="92,21,59,33,54,48,125,47,67,79,127,17,83" hai2="88,103,123,131,36,102,129,98,84,49,70,22,74" hai3="24,100,69,2,37,109,105,44,19,61,46,114,97"/><U28/><E33/><V124/><F36/><W110/><G114/><T128/><D118/><U121/><E121/><V130/><F70/><W58/><G2/><T12/><D111/><U135/><E28/><V31/><F123/><W53/><G69/><T52/><D43/><N who="1" m="24703" /><E92/><V27/><F74/><W96/><G96/><T116/><D128/><U112/><E135/><V122/><F122/><W51/><G37/><T77/><D116/><U10/><E10/><V45/><F98/><W90/><G90/><T85/><D35/><U25/><E112/><V106/><F106/><W87/><G87/><T63/><D107/><U89/><E89/><V7/><F7/><W26/><G46/><T50/><D6/><U99/><E99/><V82/><REACH who="2" step="1"/><F124/><REACH who="2" ten="486,160,227,117" step="2"/><N who="1" m="47689" /><E79/><V55/><AGARI ba="0,1" hai="22,27,31,45,49,55,82,84,88,102,103,129,130,131" machi="55" ten="30,7900,0" yaku="1,1,0,1,19,1,54,1,53,0" doraHai="60" doraHaiUra="3" who="2" fromWho="2" sc="486,-20,160,-39,227,89,117,-20" /><INIT seed="6,0,0,4,3,75" ten="466,121,316,97" oya="2" hai0="89,83,80,7,72,3,26,95,128,13,57,47,111" hai1="46,113,60,10,87,27,126,16,55,122,106,90,24" hai2="73,21,93,119,110,43,4,63,70,99,36,53,84" hai3="135,130,66,67,34,71,30,125,58,127,79,23,42"/><V115/><F119/><W14/><G42/><T48/><D111/><U31/><E113/><V112/><F110/><W32/><G130/><T124/><D3/><U82/><E122/><V118/><F118/><W117/><G117/><T105/><D105/><U62/><E126/><V133/><F133/><W54/><G135/><T19/><D7/><U18/><E106/><V37/><F73/><W120/><G120/><T74/><D26/><U25/><E31/><V11/><F21/><W69/><G14/><T129/><D57/><U5/><E5/><V45/><F84/><W38/><G58/><T2/><D2/><U85/><E85/><V59/><F70/><W17/><G54/><N who="0" m="29983" /><D74/><U40/><E40/><V77/><F37/><W81/><G81/><T132/><D124/><U92/><E18/><V116/><F116/><W88/><G30/><T102/><D102/><U114/><E92/><V100/><F115/><W91/><G23/><N who="0" m="11759" /><D72/><U86/><E86/><V20/><F112/><W50/><G17/><T39/><D39/><U94/><E94/><V28/><F20/><W6/><G6/><T97/><D132/><U109/><E109/><V78/><F28/><W49/><G38/><T101/><D101/><U68/><E68/><V52/><F53/><W8/><G8/><T104/><D104/><U51/><REACH who="1" step="1"/><E114/><REACH who="1" ten="466,111,316,97" step="2"/><V134/><F134/><W33/><G33/><T107/><D107/><U41/><E41/><V103/><F103/><W22/><G22/><T123/><D123/><U64/><E64/><V44/><F44/><W76/><AGARI ba="0,1" hai="32,34,49,50,66,67,69,71,76,79,88,91,125,127" machi="76" ten="25,12000,2" yaku="0,1,22,2,52,2,54,1" doraHai="75" who="3" fromWho="3" sc="466,-30,111,-30,316,-60,97,130" /><INIT seed="7,0,0,3,1,89" ten="436,81,256,227" oya="3" hai0="107,92,87,48,24,130,54,121,84,29,90,32,27" hai1="3,68,33,132,113,74,122,78,131,67,0,23,126" hai2="127,17,128,42,62,91,59,114,37,16,26,135,82" hai3="96,58,64,65,97,124,5,100,13,40,101,39,53"/><W12/><G39/><T81/><D121/><U28/><E23/><V129/><F114/><W102/><G40/><T79/><D130/><N who="2" m="50282" /><F127/><W11/><G124/><T36/><D36/><U44/><E28/><V110/><F110/><W14/><G53/><T7/><D107/><U51/><E44/><N who="2" m="23631" /><F135/><W123/><G58/><T116/><D116/><U60/><E51/><V95/><F26/><W34/><G34/><T125/><D7/><U50/><E78/><V66/><F82/><W1/><REACH who="3" step="1"/><G123/><REACH who="3" ten="436,81,256,217" step="2"/><T76/><D125/><U86/><E50/><V83/><F83/><W19/><G19/><T106/><D32/><U10/><E60/><V134/><F134/><W98/><AGARI ba="0,1" hai="1,5,11,12,13,14,64,65,96,97,98,100,101,102" machi="98" ten="40,12000,1" yaku="1,1,0,1,29,2,53,0" doraHai="89" doraHaiUra="105" who="3" fromWho="3" sc="436,-40,81,-40,256,-40,217,130" /><INIT seed="7,1,0,5,2,105" ten="396,41,216,347" oya="3" hai0="32,1,57,121,43,59,46,127,123,29,36,129,44" hai1="45,16,90,42,65,116,53,66,37,9,72,100,89" hai2="131,25,107,28,101,81,120,125,85,104,126,103,111" hai3="99,79,128,35,92,84,56,64,49,26,41,12,114"/><W69/><G114/><T47/><D1/><U108/><E100/><N who="2" m="38475" /><F28/><W5/><G69/><T50/><D29/><U4/><E53/><V77/><F25/><W34/><G26/><T31/><D129/><U8/><E45/><N who="0" m="17513" /><D31/><U33/><E42/><V122/><F111/><W68/><G41/><T58/><D32/><U124/><E4/><V110/><F110/><W117/><G117/><T38/><D127/><N who="2" m="48650" /><F131/><W2/><G2/><T93/><D93/><U83/><E124/><V75/><F85/><W30/><G30/><T82/><D82/><U133/><E108/><V20/><F20/><W98/><G68/><T61/><D123/><AGARI ba="1,0" hai="75,77,81,104,107,120,122,123" m="48650,38475" machi="123" ten="30,8000,1" yaku="13,1,18,1,34,2,52,1" doraHai="105" who="2" fromWho="0" sc="396,-83,41,0,216,83,347,0" owari="313,11.3,41,-45.9,299,-10.1,347,44.7" /></mjloggm>