<mjloggm ver="2.3"><GO type="41" lobby="0"/><UN n0="%74%65%72%61%69%6A%75%6E" n1="%E3%83%AF%E3%83%83%E3%82%B3%E3%83%BC" n2="%E3%81%94%E3%82%8A%E3%82%89%E3%81%8F%E3%82%93" n3="%E2%93%9D%4C%75%63%6B%79%4A" dan="14,13,14,18" rate="1975.49,1821.20,1965.67,2225.61" sx="M,M,M,M"/><TAIKYOKU oya="0"/><INIT seed="0,0,0,4,0,87" ten="250,250,250,250" oya="0" hai0="68,50,111,132,9,49,100,129,23,10,78,41,123" hai1="25,77,90,55,46,29,57,83,126,92,81,24,115" hai2="37,8,73,7,19,131,5,63,76,39,96,26,27" hai3="51,58,133,4,122,107,75,30,2,48,36,110,108"/><T106/><D123/><U118/><E115/><V119/><F131/><W54/><G107/><T44/><D68/><U61/><E126/><V17/><F96/><W6/><G36/><T89/><D129/><U65/><E118/><V105/><F105/><W33/><G75/><T70/><D70/><U135/><E135/><V69/><F69/><W62/><G122/><T21/><D132/><U31/><E46/><V86/><F86/><W114/><G114/><T91/><D78/><U79/><E79/><V16/><F76/><W127/><G2/><T125/><D106/><U113/><E113/><V52/><F73/><W1/><G1/><T18/><D100/><U84/><E65/><V12/><F39/><W130/><G127/><T53/><D125/><U34/><REACH who="1" step="1"/><E77/><REACH who="1" ten="250,240,250,250" step="2"/><V82/><F119/><W13/><G133/><T71/><D111/><U85/><E85/><V94/><F8/><N who="0" m="3178" /><D71/><U60/><E60/><V40/><F63/><W14/><G62/><T15/><D23/><AGARI ba="0,1" hai="23,24,25,29,31,34,55,57,61,81,83,84,90,92" machi="23" ten="30,3900,0" yaku="1,1,7,1,52,1,53,0" doraHai="87" doraHaiUra="11" who="1" fromWho="0" sc="250,-39,240,49,250,0,250,0" /><INIT seed="1,0,0,5,2,35" ten="211,289,250,250" oya="1" hai0="26,37,125,31,129,39,134,59,62,12,106,114,7" hai1="72,11,76,17,119,98,78,43,124,1,93,23,86" hai2="120,71,127,108,90,115,73,75,91,36,46,105,113" hai3="111,68,66,3,102,64,97,112,74,38,96,135,99"/><U9/><E119/><V47/><F71/><W54/><G112/><N who="2" m="43081" /><F105/><W123/><G123/><T126/><D106/><U24/><E72/><N who="2" m="27723" /><F120/><W81/><G38/><T128/><D12/><U100/><E124/><N who="0" m="47721" /><D7/><U55/><E43/><V82/><F127/><W88/><G135/><T30/><D30/><U130/><E130/><N who="0" m="50281" /><D26/><U116/><E116/><V45/><F108/><W29/><G68/><T40/><D31/><U118/><E118/><V42/><F82/><W15/><G29/><T104/><D104/><U85/><E76/><V2/><F2/><W61/><G3/><T51/><D114/><U18/><E78/><V58/><F58/><N who="3" m="35031" /><G111/><T70/><D70/><U122/><E122/><V25/><F25/><W32/><G74/><T79/><D79/><U53/><E85/><V14/><F14/><W60/><G15/><T83/><D83/><U13/><REACH who="1" step="1"/><E86/><REACH who="1" ten="211,279,250,250" step="2"/><V67/><F67/><W121/><G66/><N who="0" m="39263" /><D134/><U44/><E44/><AGARI ba="0,1" hai="36,42,44,45,46,47,90,91" m="27723,43081" machi="44" ten="40,1300,0" yaku="11,1" doraHai="35" who="2" fromWho="1" sc="211,0,279,-13,250,23,250,0" /><AGARI ba="0,0" hai="37,39,40,44,51" m="39263,50281,47721" machi="44" ten="30,7700,0" yaku="18,1,19,1,34,2" doraHai="35" who="0" fromWho="1" sc="211,77,266,-77,273,0,250,0" /><INIT seed="2,0,0,3,3,1" ten="288,189,273,250" oya="2" hai0="39,80,110,16,64,75,52,81,8,74,118,107,18" hai1="76,49,85,102,34,104,130,114,50,66,131,27,83" hai2="94,112,24,13,5,113,56,105,45,90,10,73,95" hai3="72,14,37,4,62,53,88,125,106,29,86,68,101"/><V132/><F105/><W11/><G72/><T100/><D110/><U31/><E114/><V71/><F71/><W60/><G37/><T26/><D39/><U51/><E130/><V36/><F73/><W70/><G125/><T133/><D64/><U40/><E131/><V41/><F95/><W0/><G29/><T77/><D133/><U43/><REACH who="1" step="1"/><E66/><REACH who="1" ten="288,179,273,250" step="2"/><V28/><F132/><W46/><G70/><T124/><D124/><U59/><E59/><V9/><F56/><W120/><G68/><T35/><D118/><U89/><E89/><V87/><REACH who="2" step="1"/><F10/><REACH who="2" ten="288,179,263,250" step="2"/><W17/><G11/><T115/><D8/><U54/><E54/><V44/><F44/><W103/><G46/><T91/><D52/><U15/><E15/><V38/><F38/><W32/><G14/><T122/><D115/><U7/><E7/><V111/><F111/><W109/><G109/><T123/><D123/><U48/><N who="1" m="12288" /><DORA hai="2" /><U69/><E69/><V19/><F19/><W127/><G17/><T12/><D16/><U57/><E57/><V97/><F97/><AGARI ba="0,2" hai="27,31,34,40,43,76,83,85,97,102,104" m="12288" machi="97" ten="50,1600,0" yaku="1,1,53,0" doraHai="1,2" doraHaiUra="63,126" who="1" fromWho="2" sc="288,0,179,36,263,-16,250,0" /><INIT seed="3,0,0,0,1,97" ten="288,215,247,250" oya="3" hai0="95,99,76,123,109,19,46,53,25,16,118,2,35" hai1="43,47,37,60,33,88,34,124,61,39,106,15,58" hai2="67,92,126,73,111,36,91,131,5,50,3,44,127" hai3="84,54,82,70,24,57,133,135,128,78,110,40,49"/><W89/><G70/><T63/><D118/><U96/><E124/><N who="2" m="47659" /><F73/><W52/><G128/><T77/><D123/><U6/><E37/><V51/><F111/><W102/><G40/><T129/><D2/><U71/><E71/><V48/><F36/><W119/><G119/><T62/><D109/><U113/><E113/><V115/><F131/><W132/><G110/><T11/><D35/><U125/><E125/><V27/><F67/><W120/><G120/><T59/><D46/><U29/><E29/><V56/><F56/><W74/><G24/><T100/><D129/><U101/><E61/><V107/><F107/><W42/><G42/><T32/><D32/><U108/><E108/><V68/><F68/><W12/><G12/><N who="0" m="7199" /><D63/><U116/><E116/><V134/><F27/><W7/><G7/><T10/><D10/><U1/><E1/><V87/><F5/><W80/><G54/><T31/><D31/><U65/><E6/><V9/><F9/><W20/><G20/><AGARI ba="0,0" hai="19,20,25,53,59,62,76,77,95,99,100" m="7199" machi="20" ten="30,3900,0" yaku="8,1,52,1,54,1" doraHai="97" who="0" fromWho="3" sc="288,39,215,0,247,0,250,-39" /><INIT seed="4,0,0,0,5,20" ten="327,215,247,211" oya="0" hai0="27,22,18,42,50,117,60,90,111,34,102,126,79" hai1="19,46,65,121,128,94,97,113,59,16,45,115,105" hai2="54,53,72,24,49,124,84,98,92,112,103,123,32" hai3="21,63,9,108,37,89,0,67,132,58,44,114,6"/><T5/><D117/><U131/><E105/><V77/><F123/><W76/><G108/><T66/><D111/><U100/><E121/><V36/><F36/><W15/><G132/><T93/><D126/><U125/><E125/><V134/><F134/><W83/><G114/><N who="1" m="43530" /><E65/><V86/><F72/><W95/><G37/><T73/><D5/><U14/><E59/><V78/><F124/><W70/><G44/><N who="1" m="17002" /><E19/><V4/><F4/><W127/><G127/><T82/><D42/><U81/><E81/><V74/><F49/><W106/><G106/><T55/><D102/><U26/><E26/><V2/><F103/><W62/><G58/><T39/><D39/><U116/><E116/><V43/><F43/><W109/><G109/><T28/><D50/><U11/><AGARI ba="0,0" hai="11,14,16,94,97,100,128,131" m="17002,43530" machi="11" ten="30,4000,0" yaku="15,1,11,1,54,1" doraHai="20" who="1" fromWho="1" sc="327,-20,215,40,247,-10,211,-10" /><INIT seed="5,0,0,1,0,134" ten="307,255,237,201" oya="1" hai0="52,7,128,113,5,41,24,43,13,83,93,88,132" hai1="111,115,102,92,112,32,57,73,18,117,125,68,60" hai2="56,16,45,109,99,37,49,118,55,91,70,53,124" hai3="50,1,71,82,3,28,103,20,126,81,44,9,119"/><U127/><E117/><V30/><F30/><W122/><G71/><T104/><D104/><U23/><E73/><V36/><F109/><W17/><G122/><T80/><D132/><U6/><E6/><N who="0" m="2057" /><D128/><U54/><E32/><V69/><F99/><W21/><G103/><T116/><D116/><U48/><E60/><V34/><F34/><W135/><G135/><T4/><D24/><U130/><E68/><N who="2" m="26219" /><F16/><W42/><G119/><T64/><D64/><U121/><E121/><V75/><F91/><W38/><G38/><N who="2" m="14953" /><F75/><W66/><G66/><T14/><D113/><N who="1" m="43595" /><E130/><V51/><F118/><W114/><G114/><T76/><D76/><U107/><E107/><V58/><F124/><N who="1" m="47689" /><E111/><V31/><F31/><W101/><G28/><T67/><D67/><U8/><E8/><V78/><F78/><W40/><G9/><T100/><D100/><U77/><E77/><V94/><F94/><W33/><G126/><T74/><D74/><U87/><E102/><V129/><F129/><W19/><G101/><T105/><D105/><U86/><E92/><V89/><F89/><W131/><G131/><T12/><D4/><U120/><E120/><V25/><F25/><AGARI ba="0,0" hai="18,23,25,48,54,57,86,87" m="47689,43595" machi="25" ten="30,12000,1" yaku="15,1,18,1,52,3" doraHai="134" who="1" fromWho="2" sc="307,0,255,120,237,-120,201,0" /><INIT seed="5,1,0,3,4,50" ten="307,375,117,201" oya="1" hai0="75,56,131,123,9,22,65,61,69,135,14,31,40" hai1="13,66,120,48,55,67,93,49,44,114,103,95,64" hai2="57,118,16,0,80,30,29,125,8,116,39,90,92" hai3="99,89,101,110,46,97,108,63,82,36,124,43,78"/><U19/><E120/><V54/><F39/><W132/><G124/><T10/><D75/><U20/><E114/><V115/><F125/><W27/><G99/><T84/><D123/><U24/><E103/><V79/><F115/><W126/><G89/><T1/><D1/><U51/><E51/><V96/><F118/><W72/><G126/><T34/><D34/><U41/><E24/><V53/><F116/><W60/><G132/><T32/><D32/><U133/><E133/><V3/><F3/><W129/><G129/><T42/><D135/><U127/><E127/><V107/><F107/><W23/><G110/><T59/><D131/><U109/><E109/><V25/><F0/><W74/><G74/><T58/><D10/><U52/><E41/><V83/><F57/><AGARI ba="1,0" hai="13,19,20,44,48,49,52,55,57,64,66,67,93,95" machi="57" ten="40,12000,1" yaku="8,1,52,2,54,1" doraHai="50" who="1" fromWho="2" sc="307,0,375,123,117,-123,201,0" owari="307,10.7,498,59.8,-6,-50.6,201,-19.9" /></mjloggm>