<mjloggm ver="2.3"><GO type="41" lobby="0"/><UN n0="%E3%81%BB%E3%83%BC%E3%82%8A%E3%83%BC%E3%82%89%E3%81%84%E3%81%99" n1="%E3%81%9B%E3%82%93%E3%81%A8%E3%82%89%32%30%32%32" n2="%E2%93%9D%4C%75%63%6B%79%4A" n3="%E3%81%A8%E3%82%93%E3%81%B3%74%77%74%68" dan="14,15,18,14" rate="1918.42,1966.04,2148.48,2019.63" sx="M,M,M,M"/><TAIKYOKU oya="0"/><INIT seed="0,0,0,5,3,71" ten="250,250,250,250" oya="0" hai0="60,14,123,134,130,33,8,94,85,69,132,26,65" hai1="82,46,0,50,7,23,93,2,72,56,41,25,38" hai2="16,9,61,117,75,110,48,121,98,51,125,87,15" hai3="111,129,64,44,63,35,83,103,24,109,59,114,19"/><T133/><D123/><U22/><E2/><V107/><F121/><W40/><G114/><T12/><D130/><U113/><E113/><V99/><F75/><W124/><G103/><T76/><D8/><U57/><E93/><V42/><F110/><W66/><G129/><T86/><D76/><U81/><E23/><V106/><F125/><W47/><G124/><T37/><D37/><U104/><E104/><V120/><F117/><W53/><G83/><T54/><D54/><U68/><E82/><V77/><F107/><W80/><G80/><T135/><N who="0" m="33792" /><DORA hai="78" /><T74/><D74/><U96/><E68/><V88/><F106/><W126/><G19/><T10/><D94/><U52/><E96/><N who="2" m="36907" /><F42/><W119/><G24/><T4/><REACH who="0" step="1"/><D14/><REACH who="0" ten="240,250,250,250" step="2"/><U67/><E72/><V112/><F77/><W127/><G127/><T92/><D92/><U58/><E81/><N who="2" m="49263" /><F120/><W1/><G126/><T73/><D73/><U5/><E0/><V31/><F112/><W131/><G1/><T97/><D97/><U13/><E13/><V108/><F108/><N who="3" m="41547" /><G131/><T84/><D84/><U91/><E91/><V128/><F128/><W115/><G115/><T11/><D11/><U6/><REACH who="1" step="1"/><E67/><REACH who="1" ten="240,240,250,250" step="2"/><V18/><F15/><W90/><G90/><T49/><D49/><U39/><E39/><V101/><F51/><N who="3" m="28903" /><G119/><T21/><D21/><U89/><E89/><V34/><F48/><N who="3" m="26727" /><G35/><T70/><D70/><U62/><E62/><V43/><F61/><W29/><G66/><T95/><D95/><U27/><E27/><N who="2" m="18815" /><F9/><W79/><G79/><T17/><D17/><AGARI ba="0,2" hai="5,6,7,17,22,25,38,41,46,50,52,56,57,58" machi="17" ten="40,8000,1" yaku="1,1,52,1,54,1,53,1" doraHai="71,78" doraHaiUra="105,45" who="1" fromWho="0" sc="240,-80,240,100,250,0,250,0" /><INIT seed="1,0,0,4,2,105" ten="160,340,250,250" oya="1" hai0="22,43,81,104,101,46,73,37,6,60,67,20,49" hai1="35,26,114,132,3,70,119,125,7,115,121,53,24" hai2="74,12,36,27,88,29,93,134,64,32,110,11,55" hai3="54,65,106,80,79,23,83,25,99,130,107,5,62"/><U19/><E70/><V18/><F134/><W16/><G130/><T100/><D6/><U117/><E53/><V59/><F110/><W128/><G128/><T135/><D135/><U61/><E132/><V103/><F36/><W90/><G5/><T44/><D20/><N who="1" m="13343" /><E61/><V116/><F116/><N who="1" m="44617" /><E121/><V34/><F103/><W51/><G99/><T21/><D104/><U126/><E7/><V40/><F40/><W17/><G83/><T66/><D66/><U31/><E3/><V92/><F93/><W78/><G78/><T42/><D101/><U41/><E41/><V102/><F102/><W82/><G82/><T33/><D33/><U39/><E39/><V84/><F64/><W57/><G90/><T133/><D100/><U8/><E8/><V9/><F34/><W122/><G122/><T76/><REACH who="0" step="1"/><D133/><REACH who="0" ten="150,340,250,250" step="2"/><U89/><E89/><V98/><F11/><W10/><G107/><T45/><D45/><U87/><E87/><V96/><F98/><W38/><G106/><T58/><AGARI ba="0,1" hai="21,22,37,42,43,44,46,49,58,60,67,73,76,81" machi="58" ten="20,5200,0" yaku="1,1,0,1,7,1,52,1,53,0" doraHai="105" doraHaiUra="95" who="0" fromWho="0" sc="150,62,340,-26,250,-13,250,-13" /><INIT seed="2,0,0,4,5,130" ten="212,314,237,237" oya="2" hai0="128,80,97,32,73,47,40,74,101,111,20,37,125" hai1="69,34,103,102,10,77,81,0,15,50,7,44,39" hai2="60,115,26,119,6,112,1,76,120,33,124,24,118" hai3="84,54,58,129,17,21,36,66,89,3,134,12,16"/><V104/><F76/><W22/><G3/><T63/><D128/><U110/><E69/><V79/><F79/><W27/><G129/><T11/><D32/><U123/><E34/><V96/><F96/><W53/><G36/><T133/><D125/><U85/><E110/><V2/><F60/><W116/><G116/><N who="2" m="44585" /><F104/><W29/><G29/><T49/><D111/><U135/><E123/><V64/><F64/><W42/><G42/><T31/><D11/><U126/><E39/><V41/><F41/><W117/><G134/><T35/><D35/><U92/><E135/><V55/><F55/><W113/><G113/><N who="2" m="43593" /><F124/><W62/><G117/><T25/><D80/><AGARI ba="0,0" hai="12,16,17,21,22,27,53,54,58,62,66,80,84,89" machi="80" ten="30,3900,0" yaku="7,1,8,1,54,1" doraHai="130" who="3" fromWho="0" sc="212,-39,314,0,237,0,237,39" /><INIT seed="3,0,0,1,0,113" ten="173,314,237,276" oya="3" hai0="25,21,76,52,107,18,32,41,36,4,11,74,83" hai1="7,16,82,10,20,28,92,79,96,39,85,27,14" hai2="114,119,30,86,8,63,13,48,0,101,128,29,97" hai3="91,23,38,102,80,2,40,72,78,67,5,87,112"/><W3/><G112/><T117/><D107/><U12/><E39/><V81/><F114/><W115/><G115/><T111/><D111/><U59/><E59/><V110/><F0/><W127/><G127/><T17/><D17/><U104/><E104/><V84/><F128/><W130/><G130/><T75/><D75/><U88/><REACH who="1" step="1"/><E28/><REACH who="1" ten="173,304,237,276" step="2"/><V57/><F30/><W33/><G38/><T90/><D36/><U99/><E99/><V125/><F97/><W132/><G33/><T22/><D32/><U58/><E58/><V135/><F57/><W109/><G109/><T66/><D66/><U124/><E124/><V34/><F29/><W68/><G67/><T56/><D56/><U108/><E108/><V47/><F34/><W71/><G71/><T6/><D41/><U126/><E126/><V103/><F125/><W44/><G68/><T105/><D105/><U64/><E64/><V93/><F110/><W43/><G43/><T62/><D52/><U37/><E37/><V15/><F48/><W73/><G40/><T131/><D131/><U116/><E116/><V77/><F119/><W70/><G70/><T1/><D117/><U123/><E123/><V95/><F47/><W122/><G44/><T60/><D62/><U134/><E134/><V53/><F63/><W55/><G132/><T89/><D60/><U69/><E69/><V121/><F121/><W50/><G122/><T94/><D1/><AGARI ba="0,1" hai="1,7,10,12,14,16,20,27,79,82,85,88,92,96" machi="1" ten="30,7700,0" yaku="1,1,7,1,54,2,53,0" doraHai="113" doraHaiUra="51" who="1" fromWho="0" sc="173,-77,304,87,237,0,276,0" /><INIT seed="4,0,0,2,0,73" ten="96,391,237,276" oya="0" hai0="122,118,47,56,119,74,78,105,44,53,62,50,88" hai1="77,26,75,117,61,127,84,51,81,9,21,100,103" hai2="102,69,49,125,12,24,35,16,93,60,36,41,70" hai3="34,52,45,68,104,76,31,128,97,17,87,83,116"/><T14/><D122/><U110/><E110/><V33/><F36/><W18/><G68/><T25/><D105/><U6/><E117/><V133/><F133/><W101/><G116/><T54/><D44/><U22/><E127/><V132/><F132/><W57/><G45/><T13/><D118/><U29/><E51/><V135/><F24/><W107/><G107/><T64/><D119/><U7/><E61/><V19/><F60/><W123/><G128/><T59/><D25/><U28/><E75/><V115/><F115/><W106/><G106/><T48/><D74/><U89/><E22/><V72/><F72/><W42/><G42/><T66/><D78/><U134/><E29/><V126/><F49/><W114/><G114/><T86/><REACH who="0" step="1"/><D66/><REACH who="0" ten="86,391,237,276" step="2"/><U120/><E134/><V32/><F135/><W94/><G104/><T129/><D129/><U99/><E120/><V113/><F113/><W38/><G123/><T46/><D46/><U0/><REACH who="1" step="1"/><E7/><REACH who="1" ten="86,381,237,276" step="2"/><V8/><F126/><W67/><G38/><T30/><D30/><U10/><E10/><V20/><F8/><W79/><G31/><T109/><D109/><U58/><E58/><V3/><F125/><W131/><G131/><T40/><D40/><U43/><E43/><V92/><F41/><W91/><G57/><T130/><D130/><U90/><E90/><V55/><F70/><W98/><G91/><T95/><AGARI ba="0,2" hai="13,14,47,48,50,53,54,56,59,62,64,86,88,95" machi="95" ten="20,12000,1" yaku="1,1,0,1,7,1,8,1,54,1,53,0" doraHai="73" doraHaiUra="37" who="0" fromWho="0" sc="86,140,381,-40,237,-40,276,-40" /><INIT seed="4,1,0,0,3,62" ten="226,341,197,236" oya="0" hai0="108,3,97,127,8,19,56,104,65,2,41,94,34" hai1="12,120,83,88,101,79,118,105,4,90,29,92,135" hai2="114,20,125,119,84,93,78,106,76,48,58,7,17" hai3="66,16,133,117,74,110,33,80,61,11,25,107,103"/><T87/><D104/><U71/><E71/><V130/><F106/><W40/><G110/><T13/><D34/><U63/><E105/><V111/><F111/><W100/><G117/><T28/><D108/><U6/><E118/><V124/><F7/><W131/><G40/><T35/><D41/><U10/><E135/><V52/><F114/><W86/><G74/><T51/><D87/><U57/><E101/><V47/><F130/><W134/><G107/><T59/><D127/><N who="2" m="48714" /><F47/><W128/><G33/><T44/><D28/><U91/><E29/><V0/><F0/><W132/><G86/><T5/><D35/><U115/><E115/><V22/><F22/><N who="3" m="13511" /><G11/><T54/><D65/><U39/><E39/><V38/><F38/><W98/><G80/><T15/><D2/><U81/><E120/><V77/><F119/><W102/><G98/><T116/><D116/><U85/><E4/><V64/><F93/><W60/><G60/><T67/><D3/><U82/><REACH who="1" step="1"/><E92/><REACH who="1" ten="226,331,197,236" step="2"/><V46/><F17/><W1/><G1/><T43/><D19/><U99/><E99/><V129/><F129/><W55/><G128/><T95/><D97/><U126/><E126/><V123/><F123/><W26/><G131/><T73/><D95/><U49/><E49/><V24/><F48/><W109/><G109/><T122/><D94/><U23/><E23/><V18/><F20/><W37/><G37/><T72/><D122/><U70/><E70/><V113/><F113/><W69/><G102/><T45/><D5/><U31/><E31/><V21/><F18/><W30/><G100/><T32/><D32/><RYUUKYOKU ba="1,1" sc="226,-10,331,30,197,-10,236,-10" hai1="6,10,12,57,63,79,81,82,83,85,88,90,91" /><INIT seed="5,2,1,0,1,20" ten="216,361,187,226" oya="1" hai0="96,22,12,26,44,85,4,46,70,109,28,37,52" hai1="119,18,116,63,112,17,19,92,132,1,123,73,27" hai2="81,59,78,126,35,79,21,3,50,8,66,89,6" hai3="105,42,131,94,129,91,107,93,122,16,13,74,10"/><U98/><E73/><V11/><F35/><W103/><G74/><T25/><D109/><U71/><E1/><V100/><F100/><W108/><G108/><T0/><D0/><U135/><E123/><V125/><F11/><W51/><G122/><T133/><D70/><U97/><E71/><V99/><F21/><W120/><G120/><T5/><D37/><U58/><E112/><V32/><F32/><W48/><G94/><T117/><D117/><U54/><E98/><V53/><F66/><W49/><G42/><T30/><D96/><U130/><E130/><N who="3" m="49674" /><G103/><T64/><D64/><U106/><E106/><V2/><F3/><W56/><G56/><T24/><D30/><U36/><E36/><V72/><REACH who="2" step="1"/><F79/><REACH who="2" ten="216,361,177,226" step="2"/><W121/><G121/><T110/><D110/><U67/><E67/><V69/><F69/><W62/><G107/><T34/><D34/><U14/><E119/><V127/><F127/><W87/><G105/><T29/><D22/><N who="1" m="13775" /><E116/><V45/><F45/><W90/><G91/><T118/><D46/><U31/><E31/><V76/><F76/><W101/><G101/><T38/><D118/><U47/><E47/><V95/><AGARI ba="2,2" hai="2,6,8,50,53,59,72,78,81,89,95,99,125,126" machi="95" ten="30,2000,0" yaku="1,1,0,1,53,0" doraHai="20" doraHaiUra="82" who="2" fromWho="2" sc="216,-7,361,-12,177,46,226,-7" /><INIT seed="6,0,0,3,3,97" ten="209,349,223,219" oya="2" hai0="78,11,119,122,19,66,67,35,21,4,64,103,47" hai1="46,126,0,62,70,17,83,5,90,96,108,76,125" hai2="106,80,15,113,6,28,22,89,128,111,132,7,24" hai3="37,63,133,107,39,131,117,25,135,23,1,82,42"/><V94/><F106/><W33/><G117/><T51/><D122/><U57/><E108/><V20/><F111/><W60/><G1/><T88/><D78/><U81/><E70/><V84/><F132/><W29/><G107/><T75/><D75/><U44/><E0/><V134/><F134/><N who="3" m="51211" /><G82/><T8/><D35/><U85/><E5/><V9/><F128/><W118/><G118/><T79/><D79/><U69/><E69/><V86/><F113/><W129/><G33/><T48/><D48/><U71/><E71/><V130/><F130/><N who="3" m="49675" /><G42/><T50/><D50/><U109/><E109/><V91/><REACH who="2" step="1"/><F22/><REACH who="2" ten="209,349,213,219" step="2"/><W72/><G72/><T114/><D114/><U127/><E127/><V31/><F31/><W30/><G29/><T32/><D32/><U52/><E126/><V59/><F59/><W13/><G13/><T56/><D56/><U14/><E125/><V36/><F36/><AGARI ba="0,1" hai="23,25,30,36,37,39,60,63" m="49675,51211" machi="36" ten="40,2600,0" yaku="20,1,19,1" doraHai="97" who="3" fromWho="2" sc="209,0,349,0,213,-26,219,36" /><INIT seed="7,0,0,2,2,92" ten="209,349,187,255" oya="3" hai0="8,105,33,103,11,66,104,114,112,107,86,71,15" hai1="125,39,88,87,95,122,59,18,102,110,47,57,69" hai2="128,109,97,126,45,23,41,42,14,20,32,55,129" hai3="117,76,98,27,12,72,132,115,0,68,43,119,75"/><W64/><G0/><T46/><D33/><U3/><E69/><V29/><F109/><W28/><G43/><N who="2" m="16393" /><F32/><W124/><G115/><N who="0" m="44075" /><D46/><U4/><E110/><V1/><F1/><W50/><G50/><T37/><D37/><U80/><E4/><V60/><F29/><W5/><G124/><T10/><D103/><U91/><E125/><V31/><F31/><W52/><G132/><T54/><D54/><U108/><E102/><V113/><F113/><W83/><G75/><T135/><D135/><U131/><E122/><V65/><F126/><W127/><G52/><T121/><D121/><U58/><E3/><V90/><F55/><W16/><G5/><N who="0" m="3471" /><D86/><U133/><E133/><V2/><F2/><W81/><G127/><T118/><D118/><U26/><E108/><V93/><F45/><W22/><G81/><T38/><D38/><U63/><E47/><V53/><F53/><W77/><G76/><T82/><D82/><U78/><E39/><V49/><F49/><W19/><G64/><T6/><D6/><U130/><E78/><V24/><F14/><W34/><G68/><T106/><N who="0" m="26624" /><DORA hai="7" /><T44/><D44/><U36/><E36/><V85/><F85/><W70/><G70/><T96/><D66/><U21/><E80/><V84/><F84/><W35/><G34/><T9/><D71/><U30/><E87/><V111/><F111/><W94/><G19/><T99/><AGARI ba="0,0" hai="9,10,11,96,99" m="26624,3471,44075" machi="99" ten="70,16000,3" yaku="15,1,11,1,52,6" doraHai="92,7" who="0" fromWho="0" sc="209,160,349,-40,187,-40,255,-80" owari="369,46.9,309,10.9,147,-35.3,175,-22.5" /></mjloggm>