<mjloggm ver="2.3"><GO type="41" lobby="0"/><UN n0="%E3%83%91%E3%83%BC%E3%83%A9%E3%83%A1%E3%83%B3%E3%83%88" n1="%E2%93%9D%4C%75%63%6B%79%4A" n2="%E9%AD%85%E3%81%9B%E3%82%8B%E7%8C%AB%E9%A0%AD%E3%81%AB%E3%82%83%E3%81%82" n3="%64%6F%74%61%7A%6F%72%69" dan="15,18,15,14" rate="2140.89,2170.60,1994.27,1927.85" sx="M,M,M,M"/><TAIKYOKU oya="0"/><INIT seed="0,0,0,0,3,74" ten="250,250,250,250" oya="0" hai0="86,91,123,44,18,122,80,40,110,41,58,67,70" hai1="75,25,96,90,0,106,39,54,125,93,49,22,108" hai2="63,79,119,129,126,116,84,59,3,71,114,65,8" hai3="37,47,135,118,85,36,28,19,48,133,57,16,112"/><T15/><D70/><U72/><E39/><V128/><F114/><W20/><G112/><T117/><D117/><N who="2" m="45130" /><F126/><W73/><G73/><T26/><D26/><U52/><E0/><V92/><F92/><W134/><G118/><T120/><D110/><U104/><E108/><V46/><F46/><W131/><G131/><N who="2" m="50249" /><F3/><W1/><G1/><T62/><REACH who="0" step="1"/><D44/><REACH who="0" ten="240,250,250,250" step="2"/><U121/><E25/><V2/><F71/><W14/><G57/><T50/><D50/><U107/><E49/><V101/><F101/><W53/><G28/><T98/><D98/><U17/><E96/><V42/><F42/><W132/><N who="3" m="33792" /><DORA hai="29" /><W9/><REACH who="3" step="1"/><G85/><REACH who="3" ten="240,250,250,240" step="2"/><T27/><D27/><AGARI ba="0,2" hai="9,14,16,19,20,27,36,37,47,48,53" m="33792" machi="27" ten="70,8000,1" yaku="1,1,2,1,20,1,54,1,53,0" doraHai="74,29" doraHaiUra="109,89" who="3" fromWho="0" sc="240,-80,250,0,250,0,240,100" /><INIT seed="1,0,0,3,2,98" ten="160,250,250,340" oya="1" hai0="48,47,130,106,132,64,3,103,78,46,12,89,7" hai1="4,5,49,133,111,109,15,107,71,58,11,76,127" hai2="123,44,100,77,10,2,67,131,85,29,93,99,108" hai3="80,75,32,97,36,69,135,79,125,81,40,121,116"/><U13/><E71/><V119/><F123/><W53/><G32/><T6/><D130/><U86/><E107/><V112/><F119/><W9/><G69/><T52/><D132/><U24/><E76/><V42/><F131/><W104/><G135/><T23/><D78/><U88/><E133/><V94/><F112/><W27/><G121/><T118/><D118/><U128/><E128/><V21/><F67/><W134/><G134/><T38/><D64/><U50/><E24/><N who="2" m="16527" /><F2/><W65/><G65/><T101/><D106/><U59/><E127/><V72/><F72/><W8/><G125/><T57/><D3/><U70/><E70/><V120/><F120/><W90/><G116/><T61/><D38/><U45/><E45/><N who="0" m="16905" /><D61/><U19/><E50/><N who="2" m="26903" /><F108/><N who="1" m="41545" /><E49/><V87/><F77/><W102/><G36/><T60/><D89/><U39/><E39/><V83/><F83/><W63/><G90/><T31/><D60/><U28/><E28/><V126/><F126/><W37/><G81/><T105/><D105/><U33/><E33/><V16/><F94/><W96/><G37/><T18/><D31/><U91/><E91/><V115/><F115/><W74/><G104/><T41/><D41/><U55/><E55/><V30/><F30/><W54/><G40/><T68/><D68/><U122/><E122/><V35/><F35/><W62/><G53/><T26/><D26/><U124/><E124/><V22/><F93/><W25/><G54/><T51/><D48/><U113/><E113/><V95/><F95/><W117/><G80/><T92/><D92/><N who="1" m="54295" /><E15/><V73/><F73/><W14/><G75/><RYUUKYOKU ba="0,0" sc="160,15,250,15,250,-15,340,-15" hai0="6,7,12,18,23,51,52,57,101,103" hai1="4,5,11,13,19,58,59" /><INIT seed="1,1,0,4,3,95" ten="175,265,235,325" oya="1" hai0="115,130,100,103,123,81,25,91,60,17,134,80,68" hai1="20,45,86,58,118,108,3,132,127,89,90,112,28" hai2="99,1,105,102,114,8,128,47,73,83,5,32,71" hai3="101,33,38,23,35,109,6,92,121,74,27,107,50"/><U51/><E112/><V13/><F114/><W87/><G38/><T77/><D115/><U49/><E118/><V9/><F128/><W94/><G74/><T55/><D130/><U111/><E3/><V4/><F32/><W48/><G121/><T54/><D134/><U124/><E132/><V19/><F71/><W0/><G109/><N who="1" m="42058" /><E58/><V78/><F47/><W46/><G50/><N who="1" m="18954" /><E45/><V131/><REACH who="2" step="1"/><F5/><REACH who="2" ten="175,265,225,325" step="2"/><W116/><G6/><T113/><D68/><U29/><E20/><V53/><F53/><W18/><G116/><T7/><D7/><U82/><E90/><V104/><F104/><W84/><G107/><T79/><D91/><U40/><E40/><V42/><F42/><W126/><G35/><T129/><D113/><U10/><E10/><V97/><F97/><W98/><G33/><T66/><D129/><U64/><E64/><V93/><F93/><W14/><G94/><T30/><D66/><U76/><E89/><V21/><F21/><W117/><G117/><T110/><D110/><U63/><E63/><V37/><F37/><W119/><G119/><T31/><D60/><U24/><E24/><V85/><F85/><W65/><G27/><T120/><D25/><U135/><E135/><V15/><F15/><W70/><G65/><T72/><D72/><U75/><E75/><V88/><F88/><W26/><G26/><T133/><D133/><U57/><E57/><V61/><F61/><W43/><G70/><T2/><D2/><U34/><E34/><V36/><F36/><W96/><G0/><T59/><D59/><U44/><E44/><V62/><F62/><RYUUKYOKU ba="1,1" sc="175,10,265,10,225,10,325,-30" hai0="17,30,31,54,55,77,79,80,81,100,103,120,123" hai1="28,29,76,82,86,124,127" hai2="1,4,8,9,13,19,73,78,83,99,102,105,131" /><INIT seed="1,2,1,4,1,68" ten="185,275,235,295" oya="1" hai0="67,4,16,6,32,15,8,130,82,120,65,33,74" hai1="0,25,30,123,44,124,19,97,61,41,55,113,17" hai2="63,66,7,101,18,20,104,134,76,127,111,93,114" hai3="57,34,132,117,85,109,24,121,39,107,36,122,29"/><U71/><E113/><V42/><F114/><W102/><G109/><T133/><D130/><U22/><E123/><V43/><F111/><W92/><G107/><T14/><D120/><U83/><E0/><V70/><F127/><W50/><G117/><T5/><D74/><U59/><E124/><V106/><F134/><W108/><G108/><T79/><D133/><U28/><E71/><V58/><F76/><W37/><G132/><T11/><D67/><U13/><E83/><V88/><F7/><N who="0" m="2634" /><D65/><U73/><E73/><V105/><F101/><W2/><G2/><N who="0" m="87" /><D82/><U9/><REACH who="1" step="1"/><E97/><REACH who="1" ten="185,265,235,295" step="2"/><V125/><F70/><W95/><G85/><T3/><D79/><U89/><E89/><V90/><F90/><W69/><G69/><T27/><D3/><U45/><E45/><V128/><F128/><W10/><G122/><T35/><D15/><U64/><E64/><V116/><F116/><W1/><G121/><T87/><D87/><U126/><E126/><V110/><F110/><W99/><G1/><T21/><D11/><U131/><E131/><V72/><F72/><W49/><G10/><T84/><D84/><U48/><AGARI ba="2,2" hai="9,13,17,19,22,25,28,30,41,44,48,55,59,61" machi="48" ten="20,7800,0" yaku="1,1,0,1,7,1,8,1,53,0" doraHai="68" doraHaiUra="135" who="1" fromWho="1" sc="185,-28,265,104,235,-28,295,-28" /><INIT seed="1,3,0,4,2,43" ten="157,369,207,267" oya="1" hai0="86,38,124,79,16,4,126,113,42,18,67,118,56" hai1="75,27,98,32,66,1,112,39,19,104,109,81,85" hai2="123,55,6,30,10,103,21,69,133,121,70,36,91" hai3="34,83,89,119,130,100,31,135,77,3,41,127,114"/><U107/><E1/><V132/><F103/><W87/><G114/><T13/><D113/><U120/><E112/><V49/><F36/><W47/><G3/><T90/><D118/><U116/><E66/><V80/><F21/><W51/><G119/><T28/><D79/><U40/><E120/><N who="2" m="46155" /><F91/><W26/><G135/><N who="2" m="51785" /><F30/><W48/><G130/><T68/><D68/><U8/><E98/><V23/><F23/><W25/><G127/><N who="0" m="48683" /><D28/><U52/><E107/><V0/><F80/><W9/><G9/><N who="0" m="4263" /><D56/><AGARI ba="3,0" hai="0,6,10,49,55,56,69,70" m="51785,46155" machi="56" ten="30,1000,0" yaku="20,1" doraHai="43" who="2" fromWho="0" sc="157,-19,369,0,207,19,267,0" /><INIT seed="2,0,0,1,5,85" ten="138,369,226,267" oya="2" hai0="40,37,49,102,132,65,63,120,74,31,45,118,72" hai1="79,48,117,9,104,128,32,73,54,1,44,21,58" hai2="66,26,131,41,98,91,110,36,56,126,130,75,23" hai3="99,87,16,88,33,52,106,17,22,53,15,105,61"/><V70/><F75/><W78/><G33/><T93/><D120/><U82/><E32/><V112/><F112/><W60/><G78/><T86/><D132/><U116/><E104/><V35/><F35/><W55/><G17/><T96/><D118/><U8/><E128/><N who="2" m="49195" /><F70/><W27/><G27/><T121/><D121/><U59/><E1/><V89/><F126/><W97/><G106/><T14/><D31/><U67/><E67/><V71/><F71/><W29/><G29/><T127/><D127/><U108/><E108/><V10/><F10/><W113/><G113/><T122/><D122/><U50/><E117/><V12/><F12/><W28/><G28/><T51/><D51/><U103/><E103/><V115/><F98/><N who="3" m="37387" /><G105/><T90/><D37/><U83/><E116/><V64/><F110/><W133/><G133/><T19/><D63/><U3/><E3/><V62/><F66/><W109/><G109/><T69/><D65/><U84/><E21/><V38/><F115/><W124/><G124/><T111/><D69/><U123/><E123/><V94/><F94/><AGARI ba="0,0" hai="15,16,22,52,53,55,60,61,87,88,94" m="37387" machi="94" ten="30,8000,1" yaku="8,1,52,1,54,3" doraHai="85" who="3" fromWho="2" sc="138,0,369,0,226,-80,267,80" /><INIT seed="3,0,0,0,5,82" ten="138,369,146,347" oya="3" hai0="68,90,89,101,15,92,86,14,123,62,128,28,81" hai1="112,93,58,5,76,52,87,49,77,30,32,31,105" hai2="22,97,115,66,122,109,114,80,39,41,96,100,46" hai3="57,98,51,104,4,85,106,108,118,113,36,134,0"/><W17/><G113/><T12/><D128/><U119/><E105/><V83/><F122/><W125/><G36/><T18/><D123/><U44/><E112/><V63/><F109/><W23/><G4/><T61/><D101/><U84/><E32/><V71/><F97/><W132/><G0/><T131/><D131/><U95/><E119/><V59/><F22/><W19/><G118/><T116/><D116/><U127/><E127/><V91/><F83/><W29/><G125/><T70/><D28/><N who="1" m="10795" /><E5/><V2/><F2/><W47/><G29/><T54/><D18/><U20/><E20/><V13/><F13/><W103/><G106/><T40/><D40/><U94/><E44/><V55/><F100/><W35/><G35/><T88/><D54/><U8/><E8/><V110/><F110/><W7/><G7/><T111/><D111/><U6/><E6/><V126/><F126/><W1/><G1/><T67/><REACH who="0" step="1"/><D92/><REACH who="0" ten="128,369,146,347" step="2"/><U107/><E107/><V72/><F72/><W24/><G108/><T120/><D120/><U25/><E25/><V124/><F124/><W21/><G19/><T56/><D56/><U33/><E33/><V130/><F130/><W102/><G57/><T34/><D34/><U38/><E38/><V26/><F26/><W135/><G103/><T3/><D3/><U45/><E58/><V27/><F27/><W10/><G24/><T50/><D50/><U48/><E49/><N who="2" m="31215" /><F80/><W64/><G51/><T129/><D129/><U99/><E99/><V133/><F133/><W60/><G134/><T65/><AGARI ba="0,1" hai="12,14,15,61,62,65,67,68,70,81,86,88,89,90" machi="65" ten="30,8000,1" yaku="1,1,0,1,9,1,52,1,54,1,53,0" doraHai="82" doraHaiUra="117" who="0" fromWho="0" sc="128,90,369,-20,146,-20,347,-40" /><INIT seed="4,0,0,1,2,51" ten="218,349,126,307" oya="0" hai0="111,89,63,29,24,42,1,53,15,86,101,65,38" hai1="92,6,20,96,32,40,105,109,41,5,87,128,124" hai2="57,125,25,14,67,82,114,9,99,39,113,44,73" hai3="120,31,117,135,81,49,4,7,34,77,46,70,10"/><T126/><D1/><U69/><E32/><V19/><F125/><W27/><G117/><T35/><D126/><U85/><E124/><V11/><F99/><W54/><G135/><T83/><D111/><U43/><E69/><V110/><F25/><W30/><G120/><T80/><D101/><U16/><E105/><V55/><F67/><W22/><G70/><T121/><D121/><U56/><E128/><V131/><F131/><W68/><G68/><T66/><D15/><N who="1" m="9247" /><E56/><V112/><F110/><W75/><G4/><N who="1" m="1642" /><E109/><V88/><F73/><W74/><G74/><T17/><D17/><U106/><E106/><V8/><F39/><W130/><G130/><T116/><D116/><U132/><E132/><V94/><F82/><W95/><G95/><T50/><D63/><U93/><E93/><V134/><F44/><W98/><G98/><T62/><D62/><U118/><E118/><V52/><F57/><W115/><G115/><T45/><REACH who="0" step="1"/><D80/><REACH who="0" ten="208,349,126,307" step="2"/><U104/><E104/><V76/><F134/><W79/><G31/><T12/><D12/><U26/><E26/><V60/><F60/><W47/><G27/><T72/><D72/><U90/><AGARI ba="0,1" hai="40,41,43,85,87,90,92,96" m="1642,9247" machi="90" ten="30,2000,0" yaku="8,1,54,1" doraHai="51" who="1" fromWho="1" sc="208,-10,349,30,126,-5,307,-5" /><INIT seed="5,0,0,4,2,107" ten="198,379,121,302" oya="1" hai0="34,48,1,77,96,115,80,42,106,95,84,62,71" hai1="108,124,25,82,114,128,11,13,36,83,88,17,21" hai2="54,40,7,73,52,67,70,75,55,117,3,8,10" hai3="23,46,32,74,110,5,72,121,116,16,37,68,105"/><U39/><E108/><V18/><F117/><W112/><RYUUKYOKU type="yao9" ba="0,0" sc="198,0,379,0,121,0,302,0" hai3="5,16,23,32,37,46,68,72,74,105,110,112,116,121" /><INIT seed="5,1,0,1,0,81" ten="198,379,121,302" oya="1" hai0="9,135,95,129,1,33,132,6,3,109,124,133,91" hai1="8,52,32,68,22,41,20,12,30,51,101,61,99" hai2="118,113,90,27,100,114,111,23,130,57,19,60,106" hai3="25,42,35,29,39,5,94,83,110,21,45,98,104"/><U120/><E120/><V0/><F118/><W64/><G110/><T112/><D109/><U72/><E72/><V17/><F111/><W123/><G123/><T84/><D112/><N who="2" m="43114" /><F130/><W97/><G5/><T48/><D129/><U71/><E41/><V75/><F75/><W14/><G104/><T93/><D33/><U103/><E32/><V31/><F0/><W131/><G131/><T50/><D124/><U128/><E61/><V59/><F100/><W2/><G2/><T126/><D126/><U125/><E103/><V13/><F106/><W36/><G97/><T88/><D1/><U16/><E125/><V77/><F77/><W86/><G64/><T28/><D28/><U116/><E116/><V46/><F46/><W74/><G74/><T122/><D122/><U80/><E80/><V76/><F76/><W55/><G55/><T73/><D73/><U105/><E128/><V38/><F38/><W58/><G58/><N who="2" m="22025" /><F60/><W96/><G36/><T108/><D108/><U56/><REACH who="1" step="1"/><E30/><REACH who="1" ten="198,369,121,302" step="2"/><V69/><F69/><AGARI ba="1,1" hai="8,12,16,20,22,51,52,56,68,69,71,99,101,105" machi="69" ten="40,12000,1" yaku="1,1,2,1,54,2,53,0" doraHai="81" doraHaiUra="85" who="1" fromWho="2" sc="198,0,369,133,121,-123,302,0" owari="198,-20.2,502,60.2,-2,-50.2,302,10.2" /></mjloggm>