<mjloggm ver="2.3"><GO type="41" lobby="0"/><UN n0="%E6%85%8E%E5%A4%AA%E9%83%8E%E3%82%AC%E3%83%8F%E3%83%8F" n1="%E2%93%9D%4C%75%63%6B%79%4A" n2="%E3%81%97%E3%81%9F%E3%81%86%E3%81%91" n3="%E3%83%92%E3%82%AB%E3%83%AB" dan="15,18,13,15" rate="1963.56,2211.03,1899.20,2063.20" sx="M,M,M,M"/><TAIKYOKU oya="0"/><INIT seed="0,0,0,0,4,134" ten="250,250,250,250" oya="0" hai0="123,53,35,18,66,62,105,48,72,106,8,122,3" hai1="44,116,39,61,22,47,74,17,99,63,51,92,71" hai2="97,88,126,38,80,133,13,100,98,127,12,58,101" hai3="130,49,20,103,40,52,5,6,9,4,95,10,25"/><T77/><D35/><U14/><E116/><V21/><F38/><W65/><G130/><T109/><D72/><U76/><E71/><V23/><F58/><W128/><G128/><T27/><D77/><U30/><E39/><V33/><F33/><W19/><G40/><T135/><D135/><U15/><E47/><V119/><F133/><W85/><G65/><T84/><D84/><U16/><E30/><V78/><F78/><W7/><N who="3" m="1024" /><DORA hai="60" /><W75/><G75/><T108/><D3/><U26/><E26/><V68/><F80/><W125/><G125/><N who="2" m="47625" /><F88/><N who="3" m="53647" /><G103/><N who="2" m="39497" /><F68/><W89/><G89/><T132/><D132/><U93/><E76/><V43/><F43/><W46/><AGARI ba="0,0" hai="9,10,19,20,25,46,49,52" m="53647,1024" machi="46" ten="40,5200,0" yaku="8,1,54,2" doraHai="134,60" who="3" fromWho="3" sc="250,-26,250,-13,250,-13,250,52" /><INIT seed="1,0,0,0,4,8" ten="224,237,237,302" oya="1" hai0="27,16,35,86,84,63,3,50,54,112,117,79,34" hai1="75,115,13,97,12,120,105,28,38,118,30,60,98" hai2="23,67,33,108,2,62,29,106,51,78,130,32,129" hai3="5,93,4,55,14,10,87,107,76,1,39,124,53"/><U73/><E118/><V126/><F2/><W48/><G107/><T69/><D3/><U40/><E105/><V131/><F106/><W119/><G39/><T96/><D117/><U15/><E120/><V21/><F78/><W58/><G119/><T18/><D79/><U59/><E115/><V6/><F51/><W44/><G124/><T101/><D112/><U127/><E127/><V41/><F41/><W83/><G1/><T70/><D70/><U37/><E59/><V56/><F126/><W121/><G121/><T92/><D34/><N who="2" m="13418" /><F6/><W122/><G122/><T89/><D86/><U31/><E60/><V43/><F43/><N who="3" m="24607" /><G93/><T49/><D49/><U125/><E125/><V95/><F108/><W22/><G22/><N who="2" m="8201" /><F95/><W26/><G53/><T123/><D123/><U114/><E114/><V113/><F113/><W47/><G47/><T81/><D63/><U100/><E100/><V132/><F132/><W102/><G102/><T72/><D72/><N who="1" m="27723" /><E40/><V135/><F135/><W68/><G68/><T109/><D109/><U111/><E111/><V128/><F128/><W90/><G90/><T46/><REACH who="0" step="1"/><D69/><REACH who="0" ten="214,237,237,302" step="2"/><U77/><E77/><V64/><F67/><W45/><G87/><T103/><D103/><U88/><E88/><V24/><F29/><AGARI ba="0,1" hai="16,18,27,29,35,46,50,54,81,84,89,92,96,101" machi="29" ten="40,2600,0" yaku="1,1,54,1,53,0" doraHai="8" doraHaiUra="104" who="0" fromWho="2" sc="214,36,237,0,237,-26,302,0" /><INIT seed="2,0,0,0,0,73" ten="250,237,211,302" oya="2" hai0="76,32,5,100,37,48,17,126,120,22,67,75,101" hai1="89,9,127,18,6,134,61,71,20,50,40,31,133" hai2="111,8,86,83,112,131,34,108,7,43,26,113,33" hai3="54,117,88,12,57,60,65,14,59,38,104,25,80"/><V2/><F43/><W95/><G117/><T81/><D32/><U62/><E89/><V64/><F64/><W23/><G104/><T3/><D120/><U28/><E50/><V46/><F46/><W78/><G38/><T77/><D37/><U44/><E62/><V47/><F47/><W79/><G57/><T85/><D67/><U121/><E61/><V72/><F131/><W49/><G14/><T98/><D126/><U15/><E71/><V118/><F118/><W93/><G12/><T58/><D101/><U97/><E97/><V16/><F86/><N who="3" m="52375" /><G95/><T41/><D41/><U63/><E63/><V132/><F83/><W56/><G80/><T114/><D114/><N who="2" m="44138" /><F72/><W52/><G65/><T103/><D98/><U70/><E70/><V130/><F130/><W125/><G125/><T122/><D122/><U91/><E91/><V36/><F36/><W11/><G11/><T96/><D96/><U42/><E42/><V116/><F132/><N who="1" m="50793" /><E121/><V94/><F94/><W105/><G105/><T99/><D99/><U107/><E107/><V51/><F51/><W129/><G129/><T110/><D48/><N who="1" m="26631" /><E127/><V0/><F0/><AGARI ba="0,0" hai="0,6,9,15,18,20,28,31" m="26631,50793" machi="0" ten="30,1000,0" yaku="20,1" doraHai="73" who="1" fromWho="2" sc="250,0,237,10,211,-10,302,0" /><INIT seed="3,0,0,1,1,48" ten="250,247,201,302" oya="3" hai0="1,130,10,83,7,84,17,125,87,18,123,31,85" hai1="59,109,115,11,132,104,55,73,116,15,75,101,12" hai2="13,52,40,102,113,0,28,46,92,32,41,94,90" hai3="49,47,135,91,50,118,111,71,129,51,30,105,124"/><W39/><G105/><T99/><D123/><U57/><E115/><V62/><F0/><W24/><G118/><T107/><D125/><U45/><E116/><V117/><F117/><W79/><G71/><T110/><D110/><U35/><E35/><V65/><F113/><W56/><G124/><T6/><D6/><U25/><E25/><V119/><F32/><W38/><G79/><T64/><D31/><U134/><E45/><V88/><F28/><W93/><G129/><T122/><D122/><U2/><E59/><N who="2" m="37087" /><F102/><W98/><G135/><N who="1" m="51754" /><E109/><V77/><F77/><W95/><G111/><T121/><D64/><U97/><E2/><V43/><F13/><N who="1" m="5193" /><E11/><V42/><F119/><W58/><G47/><T23/><D23/><U63/><AGARI ba="0,0" hai="55,57,63,73,75,97,101,104" m="5193,51754" machi="63" ten="30,2000,0" yaku="20,1,52,1" doraHai="48" who="1" fromWho="1" sc="250,-5,247,20,201,-5,302,-10" /><INIT seed="4,0,0,1,3,131" ten="245,267,196,292" oya="0" hai0="95,40,66,7,72,0,121,25,62,100,42,43,118" hai1="39,27,45,104,97,107,94,33,101,84,93,80,102" hai2="106,112,82,92,64,8,22,51,85,24,77,57,103" hai3="50,76,73,32,99,124,53,21,20,105,115,71,130"/><T19/><D72/><U133/><E33/><V63/><F112/><W135/><G115/><T65/><D121/><U69/><E69/><V48/><F106/><N who="1" m="40489" /><E45/><V96/><REACH who="2" step="1"/><F8/><REACH who="2" ten="245,267,186,292" step="2"/><W35/><G130/><T126/><D118/><U41/><E39/><V54/><F54/><W15/><G53/><T108/><D108/><U79/><E41/><V11/><F11/><W46/><G105/><T26/><D43/><U74/><E27/><V88/><F88/><W134/><G124/><T55/><D25/><U56/><E133/><V3/><F3/><W28/><G134/><T117/><D0/><U30/><E30/><AGARI ba="0,1" hai="22,24,30,48,51,57,63,64,77,82,85,92,96,103" machi="30" ten="30,8000,1" yaku="1,1,7,1,25,2,8,1,53,0" doraHai="131" doraHaiUra="29" who="2" fromWho="1" sc="245,0,267,-80,186,90,292,0" /><INIT seed="5,0,0,4,1,129" ten="245,187,276,292" oya="1" hai0="46,133,53,28,61,121,39,15,92,102,9,95,14" hai1="105,75,65,79,87,124,16,128,130,101,45,51,50" hai2="77,23,104,48,100,27,82,60,85,134,74,5,120" hai3="67,122,73,52,26,37,55,20,117,1,112,66,29"/><U132/><E75/><V113/><F120/><W103/><G112/><T21/><D121/><U44/><E105/><V71/><F71/><W59/><G122/><T17/><D39/><U84/><E101/><V108/><F108/><W8/><G117/><T76/><D76/><U68/><E79/><V62/><F113/><W69/><G73/><T96/><D92/><U56/><E56/><V63/><F5/><W78/><G37/><T57/><D28/><U2/><E2/><V94/><F48/><W31/><G69/><T107/><D107/><U25/><E68/><V135/><F74/><W91/><G78/><T7/><REACH who="0" step="1"/><D46/><REACH who="0" ten="235,187,276,292" step="2"/><U70/><E45/><V32/><F104/><W34/><G31/><T3/><D3/><U80/><E44/><V97/><REACH who="2" step="1"/><F32/><REACH who="2" ten="235,187,266,292" step="2"/><W0/><G34/><T6/><D6/><U123/><E123/><V33/><F33/><W110/><G110/><T10/><D10/><U18/><E130/><V131/><F131/><W93/><G8/><T116/><D116/><U72/><E128/><V22/><F22/><W24/><G20/><T58/><D58/><U47/><E70/><V38/><F38/><W89/><G59/><T35/><D35/><U49/><E47/><V109/><F109/><W99/><G1/><T12/><D12/><U36/><E36/><V86/><F86/><W114/><G0/><T115/><D115/><U30/><E72/><V11/><F11/><W83/><G114/><T81/><D81/><U119/><E80/><V13/><F13/><W126/><G83/><T90/><D90/><U106/><E106/><V88/><F88/><RYUUKYOKU ba="0,2" sc="235,15,187,-15,266,15,292,-15" hai0="7,9,14,15,17,21,53,57,61,95,96,102,133" hai2="23,27,60,62,63,77,82,85,94,97,100,134,135" /><INIT seed="6,1,2,1,4,109" ten="250,172,281,277" oya="2" hai0="72,44,121,3,28,55,74,124,129,90,83,60,119" hai1="10,87,134,46,118,45,128,41,122,54,120,68,0" hai2="49,51,82,108,80,4,86,19,27,123,13,8,103" hai3="130,135,2,117,12,93,78,107,85,81,25,36,89"/><V63/><F123/><N who="1" m="47145" /><E87/><V31/><F108/><W79/><G2/><T50/><D3/><U1/><E118/><V17/><F103/><W131/><G25/><T114/><D121/><U21/><E68/><V48/><F63/><W76/><G12/><T88/><D119/><U110/><E110/><V47/><F80/><W11/><G11/><T125/><D129/><N who="3" m="49161" /><G36/><T18/><D28/><U39/><E134/><V106/><F106/><W96/><G117/><T64/><D114/><U6/><E128/><V24/><F24/><W95/><G135/><T102/><D102/><AGARI ba="1,2" hai="76,78,79,81,85,89,93,95,96,102,107" m="49161" machi="102" ten="30,3900,0" yaku="19,1,34,2" doraHai="109" who="3" fromWho="0" sc="250,-42,172,0,281,0,277,62" /><INIT seed="7,0,0,1,1,132" ten="208,172,281,339" oya="3" hai0="7,20,87,75,47,114,48,71,100,126,57,89,112" hai1="120,65,19,94,59,39,21,90,106,74,68,104,131" hai2="86,121,10,30,8,43,134,102,130,72,101,76,23" hai3="1,95,32,17,5,91,127,63,2,109,22,4,9"/><W98/><G32/><T54/><D71/><U45/><E120/><V56/><F72/><W81/><G109/><T40/><D75/><U38/><E74/><V69/><F69/><W60/><G127/><T42/><D7/><U41/><E131/><V15/><F130/><W135/><G135/><T16/><D100/><U113/><E113/><N who="0" m="43625" /><D126/><U97/><E39/><V124/><F124/><W62/><G81/><N who="0" m="49391" /><D47/><U64/><E68/><V12/><F134/><W118/><G118/><T107/><D107/><U105/><REACH who="1" step="1"/><E59/><REACH who="1" ten="208,162,281,339" step="2"/><V133/><F133/><W119/><G119/><T129/><D129/><U35/><E35/><V122/><F56/><W34/><G34/><T73/><D73/><U14/><AGARI ba="0,1" hai="14,19,21,38,41,45,64,65,90,94,97,104,105,106" machi="14" ten="30,2000,0" yaku="1,1,0,1,53,0" doraHai="132" doraHaiUra="80" who="1" fromWho="1" sc="208,-5,162,30,281,-5,339,-10" owari="203,-19.7,192,-30.8,276,7.6,329,42.9" /></mjloggm>