<mjloggm ver="2.3"><GO type="137" lobby="0"/><UN n0="%E3%82%AF%E3%83%AD%E3%81%95%E3%82%93" n1="%E3%82%82%E3%81%98%E3%82%87%EF%BC%93%EF%BC%90" n2="%E2%93%9D%4C%75%63%6B%79%4A" n3="%E7%A9%BA%E3%81%A8%E9%9B%B2%E3%81%A8%E6%B0%B4%E6%B2%A1%E9%83%BD%E5%B8%82" dan="11,13,11,12" rate="1641.70,1760.12,1795.74,1763.88" sx="M,M,M,M"/><TAIKYOKU oya="0"/><INIT seed="0,0,0,0,3,77" ten="250,250,250,250" oya="0" hai0="118,122,22,56,41,37,79,38,18,64,59,75,9" hai1="116,134,42,12,20,112,115,72,119,95,126,0,113" hai2="40,91,44,29,24,49,45,65,69,60,13,21,107" hai3="5,23,87,3,130,54,110,55,74,85,100,36,27"/><T47/><D122/><U131/><E0/><V86/><F107/><W57/><G74/><T26/><D118/><U104/><E72/><V124/><F124/><W25/><G110/><T61/><D38/><U8/><E104/><V105/><F105/><W128/><G100/><T58/><REACH who="0" step="1"/><D9/><REACH who="0" ten="240,250,250,250" step="2"/><U73/><E126/><V111/><F111/><W83/><G36/><T28/><D28/><U102/><E131/><V123/><F123/><W99/><G128/><T89/><D89/><U50/><E116/><V108/><F108/><W70/><G130/><T46/><D46/><U135/><E119/><V6/><F45/><W53/><G70/><T14/><D14/><U52/><E134/><V16/><F29/><W32/><G57/><T132/><D132/><U67/><E135/><V106/><F13/><W11/><G11/><T133/><D133/><U97/><E115/><V63/><F69/><W92/><G3/><T17/><D17/><U1/><E113/><V2/><F2/><W82/><G5/><T84/><D84/><U78/><E112/><V66/><F6/><W30/><G87/><T80/><AGARI ba="0,1" hai="18,22,26,37,41,47,56,58,59,61,64,75,79,80" machi="80" ten="30,6000,0" yaku="1,1,0,1,52,1,53,0" doraHai="77" doraHaiUra="88" who="0" fromWho="0" sc="240,70,250,-20,250,-20,250,-20" /><INIT seed="0,1,0,2,0,11" ten="310,230,230,230" oya="0" hai0="12,86,73,117,109,100,133,51,98,19,76,128,82" hai1="24,68,6,4,63,55,42,93,77,9,95,13,105" hai2="52,89,83,122,36,58,132,34,129,39,124,135,37" hai3="64,48,99,44,130,101,15,112,35,43,18,31,62"/><T114/><D117/><U33/><E105/><V56/><F34/><W25/><G130/><T107/><D114/><U70/><E42/><V97/><F122/><W110/><G110/><T126/><D126/><U65/><E6/><V66/><F83/><W87/><G87/><T79/><D133/><N who="2" m="51274" /><F97/><W41/><G41/><T103/><D128/><U102/><E70/><V108/><F89/><W91/><G112/><T47/><D109/><U134/><E134/><V123/><F108/><W50/><G91/><T0/><D0/><U120/><E77/><V74/><F74/><W5/><G5/><T54/><D79/><U28/><E120/><V113/><F113/><W1/><G1/><T88/><D103/><U61/><E55/><V115/><F115/><W3/><G3/><T84/><REACH who="0" step="1"/><D88/><REACH who="0" ten="300,230,230,230" step="2"/><U116/><E116/><V20/><F124/><W7/><G101/><T80/><D80/><U60/><E102/><V59/><F123/><W38/><G99/><T92/><D92/><U40/><E93/><V32/><F129/><W10/><REACH who="3" step="1"/><G7/><REACH who="3" ten="300,230,230,220" step="2"/><T96/><D96/><U2/><E2/><V23/><F39/><W14/><G14/><T26/><D26/><U17/><E4/><V8/><F37/><W30/><G30/><T16/><D16/><U21/><E95/><V94/><F94/><W69/><AGARI ba="1,2" hai="10,15,18,25,31,35,38,43,44,48,50,62,64,69" machi="69" ten="20,5200,0" yaku="1,1,0,1,7,1,52,1,53,0" doraHai="11" doraHaiUra="127" who="3" fromWho="3" sc="300,-27,230,-14,230,-14,220,75" /><INIT seed="1,0,0,2,1,127" ten="273,216,216,295" oya="1" hai0="45,119,54,89,106,39,70,110,35,101,23,6,78" hai1="2,15,26,96,25,30,77,109,125,130,0,116,97" hai2="65,49,11,38,60,80,50,33,111,99,42,59,3" hai3="22,113,121,52,120,18,90,24,10,31,108,71,27"/><U61/><E116/><V92/><F33/><W5/><G113/><T56/><D119/><U68/><E125/><V67/><F111/><W37/><G37/><T131/><D131/><U79/><E130/><V46/><F80/><W132/><G108/><T117/><D110/><U43/><E109/><V114/><F114/><W115/><G115/><T4/><D117/><U105/><E43/><V126/><F126/><W91/><G71/><T28/><D35/><U66/><E15/><V129/><F129/><W133/><G52/><T93/><D70/><U69/><E30/><V100/><REACH who="2" step="1"/><F67/><REACH who="2" ten="273,216,206,295" step="2"/><W62/><G91/><T107/><D78/><U57/><E66/><V74/><F74/><W94/><G90/><T32/><D101/><U82/><E82/><V58/><F58/><W34/><G94/><T48/><D32/><U128/><E57/><V13/><F13/><N who="3" m="5327" /><G62/><T44/><D107/><U16/><E61/><V72/><F72/><W36/><G36/><T40/><D106/><U7/><E128/><V8/><F8/><W21/><G34/><T41/><D56/><U87/><E105/><V63/><F63/><W51/><G51/><T17/><D28/><U103/><E103/><V83/><F83/><W122/><AGARI ba="0,1" hai="18,21,22,24,27,31,120,121,122,132,133" m="5327" machi="122" ten="40,2700,0" yaku="34,2" doraHai="127" who="3" fromWho="3" sc="273,-7,216,-13,206,-7,295,37" /><INIT seed="2,0,0,3,3,98" ten="266,203,199,332" oya="2" hai0="104,2,126,17,107,52,128,6,13,7,46,70,69" hai1="100,106,131,62,120,30,47,65,84,3,110,31,68" hai2="89,91,21,103,114,39,105,37,8,55,5,113,130" hai3="64,50,32,83,29,19,95,66,26,129,44,63,75"/><V57/><F130/><W93/><G129/><T24/><D128/><U38/><E131/><V85/><F21/><W77/><G19/><T97/><D126/><U12/><E3/><V59/><F105/><W54/><REACH who="3" step="1"/><G66/><REACH who="3" ten="266,203,199,322" step="2"/><T82/><D17/><U34/><E120/><V127/><F127/><W4/><G4/><T118/><D7/><U27/><E110/><V58/><F114/><W1/><G1/><T78/><D6/><U18/><E18/><V133/><F113/><W71/><AGARI ba="0,1" hai="26,29,32,44,50,54,63,64,71,75,77,83,93,95" machi="71" ten="20,2700,0" yaku="1,1,0,1,7,1,53,0" doraHai="98" doraHaiUra="36" who="3" fromWho="3" sc="266,-7,203,-7,199,-13,322,37" /><INIT seed="3,0,0,1,5,84" ten="259,196,186,359" oya="3" hai0="54,104,134,105,129,1,74,109,82,21,51,88,49" hai1="55,3,16,76,31,127,73,62,107,114,66,57,65" hai2="30,5,78,24,61,116,28,119,124,9,67,15,79" hai3="125,91,132,53,98,32,106,36,45,96,47,121,0"/><W69/><G121/><T2/><D134/><U20/><E3/><V118/><F124/><W102/><G125/><T8/><D129/><U39/><E39/><V52/><F30/><W135/><G0/><T64/><D64/><U22/><E107/><V40/><F40/><W90/><G32/><T77/><D109/><U10/><E114/><V126/><F126/><W68/><G36/><T97/><D49/><U11/><E127/><V70/><REACH who="2" step="1"/><F52/><REACH who="2" ten="259,196,176,359" step="2"/><W13/><G53/><T59/><D105/><U25/><E55/><V112/><F112/><W63/><G63/><T101/><D8/><U86/><E65/><V115/><F115/><W29/><G29/><T42/><D42/><U48/><E48/><V19/><F19/><W108/><G108/><T34/><D34/><AGARI ba="0,1" hai="5,9,15,24,28,34,61,67,70,78,79,116,118,119" machi="34" ten="40,2600,0" yaku="1,1,53,1" doraHai="84" doraHaiUra="27" who="2" fromWho="0" sc="259,-26,196,0,176,36,359,0" /><INIT seed="4,0,0,5,4,116" ten="233,196,212,359" oya="0" hai0="122,15,45,88,14,76,28,128,125,46,43,118,124" hai1="86,56,62,19,34,95,98,112,129,9,67,78,16" hai2="81,89,40,5,80,109,75,17,117,127,21,25,93" hai3="51,53,123,96,87,107,10,12,30,70,126,54,91"/><T50/><D118/><U74/><E74/><V27/><F117/><W24/><G126/><N who="0" m="48747" /><D28/><U58/><E34/><V131/><F109/><W11/><G70/><T99/><D76/><U84/><E129/><V94/><F127/><W101/><G123/><T110/><D110/><U72/><E72/><V63/><F40/><W35/><G51/><T49/><D128/><U39/><E39/><V92/><F5/><W105/><G107/><T32/><D32/><U119/><E119/><V4/><F4/><W104/><G104/><T79/><D79/><U41/><E41/><V61/><F131/><W115/><G115/><T120/><D15/><U2/><E112/><V82/><F75/><W59/><G59/><T73/><D73/><U108/><E108/><V97/><F27/><W132/><G132/><T52/><D14/><U135/><E135/><V44/><F44/><W85/><G10/><T121/><D99/><U3/><E9/><V106/><F106/><W36/><G87/><T31/><D31/><U114/><E114/><V83/><REACH who="2" step="1"/><F97/><REACH who="2" ten="233,196,202,359" step="2"/><W47/><G96/><T100/><D100/><U103/><E98/><V38/><F38/><W42/><G101/><T64/><D64/><U0/><E103/><V7/><F7/><W133/><G133/><T48/><D48/><U37/><E37/><V71/><F71/><W6/><G105/><T113/><D113/><U20/><E3/><V18/><F18/><W8/><G11/><T77/><D77/><U130/><E0/><V1/><F1/><W33/><G36/><T60/><D60/><U134/><E130/><V68/><F68/><RYUUKYOKU ba="0,1" sc="233,15,196,-15,202,15,359,-15" hai0="43,45,46,49,50,52,88,120,121,122" hai2="17,21,25,61,63,80,81,82,83,89,92,93,94" /><INIT seed="4,1,1,0,5,47" ten="248,181,217,344" oya="0" hai0="34,19,67,46,94,118,57,33,26,117,42,73,92" hai1="20,123,4,68,32,74,28,95,60,135,22,61,69" hai2="112,80,14,1,121,125,134,64,36,63,51,12,78" hai3="132,6,39,8,87,97,24,59,104,109,130,58,101"/><T120/><D73/><U53/><E74/><V86/><F36/><W15/><G109/><T93/><D120/><U5/><E123/><V113/><F121/><W116/><G116/><T77/><D77/><U75/><E75/><V9/><F125/><W43/><G130/><T25/><D67/><U114/><E32/><V119/><F134/><W13/><G132/><T62/><D62/><U107/><E107/><V7/><F119/><W49/><G39/><T23/><D57/><U50/><E135/><V103/><F103/><W2/><G24/><T124/><D124/><U70/><E95/><V45/><F14/><W0/><G15/><T79/><D79/><U38/><E38/><V72/><F1/><W96/><G96/><T129/><D129/><U3/><E3/><V21/><F21/><W11/><G0/><T37/><D34/><U88/><E70/><V100/><F100/><W18/><REACH who="3" step="1"/><G87/><REACH who="3" ten="248,181,217,334" step="2"/><T102/><REACH who="0" step="1"/><D102/><REACH who="0" ten="238,181,217,334" step="2"/><U133/><E133/><V115/><F72/><W127/><G127/><T90/><D90/><U52/><E88/><V108/><F115/><W56/><G56/><T98/><D98/><U89/><E89/><V126/><F126/><W41/><G41/><T128/><D128/><U54/><E114/><V84/><F113/><W83/><G83/><T91/><D91/><U55/><E68/><N who="2" m="42015" /><F112/><W106/><G106/><T65/><D65/><U35/><E69/><V131/><F131/><W111/><G111/><T99/><D99/><U122/><E122/><V17/><F108/><W110/><G110/><T27/><D27/><U16/><E35/><V81/><F78/><RYUUKYOKU ba="1,3" sc="238,15,181,-15,217,-15,334,15" hai0="19,23,25,26,33,37,42,46,92,93,94,117,118" hai3="2,6,8,11,13,18,43,49,58,59,97,101,104" /><INIT seed="4,2,3,5,2,7" ten="253,166,202,349" oya="0" hai0="119,55,96,41,93,132,67,106,30,74,84,126,128" hai1="16,14,34,71,91,65,0,63,107,111,32,94,103" hai2="124,120,95,37,22,118,1,125,79,73,134,12,46" hai3="100,97,113,51,5,121,135,13,38,81,101,42,47"/><T62/><D119/><U57/><E111/><V43/><F120/><W50/><G121/><T25/><D132/><U80/><E0/><V78/><F1/><W129/><G135/><T90/><D128/><U35/><E80/><V64/><F134/><W17/><G113/><T4/><D126/><N who="2" m="48746" /><F64/><W19/><G129/><T72/><D41/><U2/><E2/><V83/><F95/><W24/><G81/><T56/><D4/><U99/><E71/><V45/><F46/><W102/><G97/><T117/><D117/><U36/><E36/><V8/><F22/><W70/><G70/><T10/><D10/><U11/><REACH who="1" step="1"/><E34/><REACH who="1" ten="253,156,202,349" step="2"/><V98/><F118/><W54/><G38/><T59/><D106/><U133/><E133/><V20/><F83/><W29/><G5/><T112/><D112/><U77/><E77/><V15/><F79/><W85/><G102/><T131/><D131/><U82/><E82/><V53/><F78/><W122/><G101/><T109/><D109/><U87/><AGARI ba="2,4" hai="11,14,16,32,35,57,63,65,87,91,94,99,103,107" machi="87" ten="20,12000,2" yaku="1,1,0,1,7,1,52,1,54,1,53,1" doraHai="7" doraHaiUra="9" who="1" fromWho="1" sc="253,-62,156,166,202,-32,349,-32" /><INIT seed="5,0,0,2,0,48" ten="191,322,170,317" oya="1" hai0="134,65,18,0,111,127,39,57,131,27,6,20,54" hai1="61,51,119,71,124,77,118,82,85,35,44,101,106" hai2="97,8,92,62,123,7,135,81,34,72,19,66,21" hai3="93,126,95,122,120,89,47,4,130,56,60,29,1"/><U43/><E35/><V113/><F123/><W115/><G115/><T46/><D111/><U109/><E109/><V22/><F34/><W105/><G105/><T26/><D127/><U80/><E124/><V73/><F135/><W2/><G126/><T70/><D134/><U38/><E38/><V23/><F113/><W129/><G29/><T84/><D131/><N who="3" m="50185" /><G47/><T55/><D6/><U107/><E82/><V9/><F19/><W50/><G50/><T10/><D10/><U96/><REACH who="1" step="1"/><E107/><REACH who="1" ten="191,312,170,317" step="2"/><V42/><F81/><W17/><G95/><T16/><D0/><N who="3" m="105" /><G4/><T13/><D39/><U98/><E98/><V14/><F97/><N who="3" m="57519" /><G17/><T64/><D70/><U49/><E49/><V128/><F128/><W31/><G31/><T45/><D84/><U104/><E104/><V94/><F94/><W59/><G59/><T40/><D57/><U67/><AGARI ba="0,1" hai="43,44,51,61,67,71,77,80,85,96,101,106,118,119" machi="67" ten="30,3000,0" yaku="1,1,0,1,53,0" doraHai="48" doraHaiUra="69" who="1" fromWho="1" sc="191,-10,312,40,170,-10,317,-10" /><INIT seed="5,1,0,2,1,18" ten="181,352,160,307" oya="1" hai0="88,84,53,32,24,82,50,131,110,129,43,106,76" hai1="75,104,108,73,124,117,49,83,87,72,27,52,19" hai2="65,85,5,56,89,115,81,30,103,13,26,47,22" hai3="33,78,45,64,79,37,62,25,61,3,29,97,120"/><U92/><E117/><V42/><F115/><W55/><G120/><T69/><D110/><U71/><E104/><V63/><F103/><W74/><G3/><T121/><D121/><U44/><E71/><V59/><F5/><W68/><G74/><T130/><D69/><U132/><E108/><V54/><F13/><W125/><G125/><T21/><D32/><U14/><E124/><V93/><F59/><W12/><G12/><T135/><D43/><U119/><E119/><V98/><F65/><W128/><G128/><T41/><D41/><U80/><E27/><V95/><REACH who="2" step="1"/><F98/><REACH who="2" ten="181,352,150,307" step="2"/><W133/><G97/><T112/><D112/><U23/><REACH who="1" step="1"/><E132/><REACH who="1" ten="181,342,150,307" step="2"/><V105/><F105/><W20/><G133/><T67/><D135/><U113/><E113/><V8/><F8/><W39/><G68/><T111/><D106/><U123/><E123/><V28/><F28/><W58/><G29/><T38/><D111/><U94/><E94/><V77/><F77/><W46/><G78/><T102/><D76/><U100/><E100/><V0/><F0/><W134/><G79/><T36/><D102/><U51/><E51/><AGARI ba="1,2" hai="22,26,30,42,47,51,54,56,63,81,85,89,93,95" machi="51" ten="30,7700,0" yaku="1,1,7,1,8,1,52,1,53,0" doraHai="18" doraHaiUra="118" who="2" fromWho="1" sc="181,0,342,-80,150,100,307,0" /><INIT seed="6,0,0,3,4,28" ten="181,262,250,307" oya="2" hai0="8,32,74,35,130,33,16,69,24,10,30,44,68" hai1="101,52,65,17,7,19,43,20,86,99,110,132,60" hai2="36,87,108,15,47,120,42,95,70,102,13,119,100" hai3="50,23,83,41,18,2,84,66,39,51,64,11,12"/><V89/><F120/><W31/><G39/><T48/><D74/><U125/><E110/><V129/><F119/><W54/><G41/><T81/><D130/><U21/><E125/><V25/><F70/><W134/><G134/><T80/><D69/><U94/><E43/><V49/><F129/><W59/><G50/><T88/><D68/><U5/><E132/><V0/><F0/><W22/><G2/><T97/><D10/><U118/><E118/><V3/><F3/><W53/><G53/><N who="0" m="29831" /><D97/><U117/><E117/><V111/><F36/><W85/><G85/><N who="0" m="50215" /><D81/><U9/><E86/><V105/><F105/><W98/><G98/><T123/><D123/><U55/><E65/><N who="3" m="25194" /><G31/><T90/><D90/><AGARI ba="0,0" hai="11,12,18,22,23,51,54,59,83,84,90" m="25194" machi="90" ten="30,1000,0" yaku="8,1" doraHai="28" who="3" fromWho="0" sc="181,-10,262,0,250,0,307,10" /><INIT seed="7,0,0,4,0,122" ten="171,262,250,317" oya="3" hai0="59,97,73,135,90,21,32,101,127,63,28,123,35" hai1="69,109,72,62,67,29,78,125,45,38,8,71,98" hai2="27,39,75,2,53,20,61,88,12,82,26,96,134" hai3="18,86,55,37,1,47,57,120,42,66,31,11,22"/><W108/><G120/><T104/><D123/><U58/><E109/><V94/><F2/><W117/><G117/><T115/><D115/><U112/><E112/><V56/><F39/><W43/><G108/><T116/><D135/><U113/><E113/><V49/><F134/><W118/><G118/><T17/><D127/><U99/><E125/><V119/><F119/><W40/><G66/><T107/><D116/><U30/><E69/><V54/><F75/><W68/><G68/><T87/><D73/><U41/><E71/><V52/><F82/><W60/><G86/><T126/><D28/><U85/><E38/><V89/><F89/><W74/><G74/><T70/><D126/><U106/><E72/><V24/><F49/><W4/><G31/><T95/><D70/><U34/><E106/><V48/><F48/><W93/><G93/><T14/><D107/><U80/><E34/><V64/><F12/><AGARI ba="0,0" hai="1,4,11,12,18,22,37,40,42,43,47,55,57,60" machi="12" ten="30,1500,0" yaku="7,1" doraHai="122" who="3" fromWho="2" sc="171,0,262,0,250,-15,317,15" owari="171,-32.9,262,6.2,235,-16.5,332,43.2" /></mjloggm>