<mjloggm ver="2.3"><GO type="41" lobby="0"/><UN n0="%6B%5A" n1="%E3%81%AB%E3%81%84%E3%82%84%E3%82%93" n2="%E7%8C%AB%E6%B0%8F" n3="%E2%93%9D%4C%75%63%6B%79%4A" dan="15,14,15,18" rate="2006.01,1867.85,2045.23,2224.41" sx="M,M,M,M"/><TAIKYOKU oya="0"/><INIT seed="0,0,0,3,4,24" ten="250,250,250,250" oya="0" hai0="123,40,94,88,55,135,27,74,52,13,59,82,108" hai1="26,85,5,118,46,84,67,19,119,45,70,110,128" hai2="4,9,3,91,23,111,72,54,105,117,60,2,124" hai3="78,65,76,131,116,98,83,58,38,79,120,81,28"/><T25/><D123/><U21/><E5/><V103/><F72/><W92/><G38/><T43/><D135/><U39/><E110/><V8/><F111/><W125/><G116/><T87/><D55/><U100/><E128/><V132/><F124/><W127/><G65/><T112/><D112/><U63/><E100/><V62/><F103/><W36/><G36/><T61/><D108/><U95/><E95/><V18/><F105/><W6/><G6/><T50/><D74/><U47/><REACH who="1" step="1"/><E39/><REACH who="1" ten="250,240,250,250" step="2"/><V109/><F109/><W106/><G131/><T7/><D94/><U12/><E12/><V97/><F132/><W10/><G92/><T80/><D80/><U93/><E93/><V53/><F4/><W89/><G83/><T34/><D13/><U75/><E75/><V30/><F97/><W32/><G98/><T121/><D7/><U73/><E73/><V71/><F117/><AGARI ba="0,1" hai="19,21,26,45,46,47,63,67,70,84,85,117,118,119" machi="117" ten="40,2600,0" yaku="1,1,53,1" doraHai="24" doraHaiUra="64" who="1" fromWho="2" sc="250,0,240,36,250,-26,250,0" /><INIT seed="1,0,0,1,4,124" ten="250,276,224,250" oya="1" hai0="72,82,111,24,10,73,108,70,68,89,71,5,33" hai1="122,43,38,116,110,44,28,65,55,92,88,15,120" hai2="41,40,107,16,91,105,48,95,60,74,52,67,22" hai3="6,36,53,59,1,56,42,26,96,117,113,133,86"/><U97/><E116/><V45/><F74/><W76/><G113/><T23/><D33/><U2/><E2/><V9/><F9/><W47/><G133/><T81/><D81/><U31/><E110/><N who="0" m="42025" /><D89/><U87/><E65/><V32/><F32/><W127/><G127/><T11/><D82/><U99/><E55/><V62/><F105/><W134/><G134/><T83/><D83/><U80/><E99/><V104/><F107/><W121/><G121/><T35/><D11/><U51/><E38/><V20/><F20/><W129/><G96/><T30/><D23/><U69/><E69/><V50/><F104/><W79/><G86/><T78/><D78/><U21/><E122/><V112/><F40/><W17/><G79/><T14/><AGARI ba="0,0" hai="5,10,14,24,30,35,68,70,71,72,73" m="42025" machi="14" ten="40,1500,0" yaku="14,1" doraHai="124" who="0" fromWho="0" sc="250,15,276,-7,224,-4,250,-4" /><INIT seed="2,0,0,5,2,39" ten="265,269,220,246" oya="2" hai0="115,24,61,122,104,117,62,101,74,134,2,45,17" hai1="108,51,36,40,96,76,8,71,30,31,73,118,132" hai2="110,89,127,97,65,16,124,6,27,43,130,114,123" hai3="78,58,85,29,13,112,116,77,52,69,79,102,38"/><V103/><F114/><W42/><G116/><T37/><D101/><U121/><E118/><V93/><F123/><W34/><G69/><T60/><D104/><U3/><E71/><V21/><F65/><W53/><G112/><T106/><D74/><U0/><E51/><V14/><F130/><W41/><G38/><T64/><D106/><U47/><E0/><V9/><F110/><W55/><G34/><T88/><D2/><U92/><E132/><V33/><F103/><W44/><G29/><T1/><D1/><U99/><E99/><V98/><F33/><W80/><G44/><T100/><D100/><U4/><E108/><V94/><F43/><N who="3" m="16395" /><G102/><T63/><D134/><U119/><E119/><V35/><F35/><W15/><G58/><T120/><D45/><U11/><E11/><V19/><F6/><W82/><G85/><T131/><D37/><U23/><E23/><V66/><F66/><W87/><G87/><T48/><D115/><U135/><E135/><V72/><F72/><W18/><G15/><T126/><D64/><U81/><E121/><V46/><F46/><W26/><G26/><T49/><D24/><U113/><E113/><V86/><REACH who="2" step="1"/><F93/><REACH who="2" ten="265,269,210,246" step="2"/><W129/><G129/><T12/><D131/><U90/><AGARI ba="0,1" hai="3,4,8,30,31,36,40,47,73,76,81,90,92,96" machi="90" ten="20,8000,1" yaku="0,1,7,1,25,2,52,1" doraHai="39" who="1" fromWho="1" sc="265,-20,269,90,210,-40,246,-20" /><INIT seed="3,0,0,5,4,38" ten="245,359,170,226" oya="3" hai0="100,120,91,22,67,7,13,1,2,19,87,89,37" hai1="33,35,130,6,32,109,84,65,85,56,44,45,71" hai2="77,90,49,123,5,52,122,30,34,63,68,50,17" hai3="55,58,75,51,9,92,76,126,111,60,114,10,42"/><W40/><G114/><T86/><D120/><U48/><E109/><V78/><F5/><W62/><G75/><T106/><D67/><U102/><E102/><V0/><F0/><W4/><G126/><T134/><D134/><U80/><E130/><V83/><F49/><W115/><G115/><T112/><D7/><U99/><E99/><V125/><F125/><W61/><G76/><T124/><D124/><U101/><E101/><V8/><F30/><W95/><G111/><T41/><D100/><U36/><E6/><V108/><F34/><W21/><G21/><T31/><D31/><U132/><E132/><V69/><F63/><W105/><G105/><T29/><D29/><U103/><E103/><V129/><F129/><W88/><G95/><T15/><D106/><U18/><E18/><V26/><F78/><W3/><REACH who="3" step="1"/><G10/><REACH who="3" ten="245,359,170,216" step="2"/><T119/><D112/><U70/><E32/><V66/><F108/><W93/><G93/><T128/><D128/><U25/><E33/><V79/><F79/><W16/><G16/><T54/><D19/><U94/><E35/><V131/><F131/><W12/><G12/><T53/><D22/><U117/><E94/><V43/><F77/><W57/><G57/><T96/><D119/><U104/><E56/><V135/><F8/><W118/><G118/><T74/><D74/><U81/><E104/><V59/><F59/><W127/><G127/><T28/><D28/><U107/><E107/><V20/><F20/><W133/><G133/><T23/><D23/><U11/><E117/><V116/><F116/><W73/><G73/><T121/><D15/><RYUUKYOKU ba="0,1" sc="245,-10,359,-10,170,-10,216,30" hai3="3,4,9,40,42,51,55,58,60,61,62,88,92" /><INIT seed="3,1,1,2,4,89" ten="235,349,160,246" oya="3" hai0="90,118,99,59,16,18,34,47,63,48,101,115,3" hai1="37,106,26,69,72,29,77,123,68,1,125,41,120" hai2="49,86,74,110,75,133,113,27,67,84,58,9,28" hai3="88,4,116,134,22,95,117,65,132,6,57,102,56"/><W109/><G102/><T91/><D118/><N who="3" m="45673" /><G22/><T36/><D36/><U79/><E125/><V94/><F9/><W130/><G130/><T38/><D38/><U122/><E106/><V8/><F8/><W46/><G46/><T92/><D34/><N who="1" m="20791" /><E79/><V50/><F27/><W119/><N who="3" m="45681" /><W121/><DORA hai="127" /><G121/><T23/><D3/><U52/><E52/><V14/><F14/><W33/><G33/><T131/><D115/><U107/><E107/><V35/><F35/><W51/><G109/><T17/><D23/><U11/><E77/><V112/><F28/><W7/><G51/><T96/><D131/><U81/><E81/><V83/><F110/><W25/><G25/><T54/><REACH who="0" step="1"/><D99/><REACH who="0" ten="225,349,160,246" step="2"/><U15/><E1/><V78/><F112/><W98/><G65/><AGARI ba="1,2" hai="16,17,18,47,48,54,59,63,65,90,91,92,96,101" machi="65" ten="40,8000,1" yaku="1,1,2,1,8,1,52,1,54,1,53,0" doraHai="89,127" doraHaiUra="71,5" who="0" fromWho="3" sc="225,103,349,0,160,0,246,-83" /><INIT seed="4,0,0,0,5,76" ten="328,349,160,163" oya="0" hai0="54,14,36,32,68,90,19,27,81,44,16,75,70" hai1="106,73,95,64,33,103,110,61,53,55,122,124,67" hai2="52,134,21,38,30,105,96,50,18,63,34,127,6" hai3="10,123,56,113,131,39,9,102,120,0,45,85,7"/><T57/><D36/><U65/><E110/><V28/><F38/><W121/><G102/><T109/><D109/><U51/><E124/><V13/><F127/><W24/><G56/><T115/><D44/><U4/><E122/><V118/><F63/><W42/><G10/><T74/><D74/><U26/><E4/><V62/><F62/><W125/><G125/><T78/><D115/><U15/><E15/><V69/><F69/><W79/><G24/><T60/><D90/><U104/><E73/><V119/><F6/><W17/><G17/><T23/><REACH who="0" step="1"/><D32/><REACH who="0" ten="318,349,160,163" step="2"/><U71/><E33/><V107/><F34/><W100/><G113/><T11/><AGARI ba="0,1" hai="11,14,16,19,23,27,54,57,60,68,70,75,78,81" machi="11" ten="20,18000,2" yaku="1,1,2,1,0,1,7,1,52,1,54,1,53,1" doraHai="76" doraHaiUra="8" who="0" fromWho="0" sc="318,190,349,-60,160,-60,163,-60" /><INIT seed="4,1,0,0,1,27" ten="508,289,100,103" oya="0" hai0="115,65,2,73,98,77,59,126,72,71,53,117,15" hai1="109,19,123,78,135,99,88,40,86,18,121,130,74" hai2="95,128,107,133,31,44,110,52,120,63,60,8,7" hai3="96,37,87,129,47,113,105,108,61,16,39,58,67"/><T132/><D2/><U97/><E109/><V134/><F107/><W36/><G108/><T55/><D117/><U28/><E40/><V5/><F110/><W66/><G87/><T54/><D71/><U17/><E130/><V62/><F120/><W42/><G105/><T14/><D132/><N who="2" m="50794" /><F128/><W6/><G6/><N who="2" m="2057" /><F8/><W89/><G129/><T12/><D126/><U122/><E135/><V92/><F31/><W13/><G113/><T21/><D77/><U68/><E68/><V45/><F52/><W69/><G67/><T33/><D33/><U131/><E131/><V76/><F76/><W125/><G125/><T26/><D98/><U29/><E74/><V11/><F11/><W38/><G69/><T9/><D115/><U3/><E3/><V118/><F118/><W103/><G103/><T20/><D9/><U104/><E78/><V85/><F85/><W50/><G96/><T22/><D26/><U46/><E46/><AGARI ba="1,0" hai="44,45,46,60,62,63,92,95" m="2057,50794" machi="46" ten="40,5200,0" yaku="28,2,20,1" doraHai="27" who="2" fromWho="1" sc="508,0,289,-55,100,55,103,0" /><INIT seed="5,0,0,1,1,119" ten="508,234,155,103" oya="1" hai0="30,80,99,70,11,134,55,42,14,88,36,10,62" hai1="23,124,68,72,129,41,21,18,116,28,54,61,57" hai2="108,4,93,59,111,87,114,37,97,5,40,12,75" hai3="121,130,63,53,128,60,83,94,2,92,43,96,100"/><U48/><E116/><V73/><F87/><W52/><G2/><T131/><D131/><N who="3" m="50217" /><G43/><T125/><D125/><U67/><E72/><V51/><F37/><W126/><G126/><T49/><D30/><U31/><E129/><V78/><F75/><W66/><G83/><T86/><D42/><U84/><E124/><V89/><F114/><W24/><G24/><T95/><D134/><U122/><E122/><V45/><F59/><N who="3" m="37247" /><G60/><T56/><D36/><U110/><E110/><V90/><F90/><W7/><G7/><T44/><D14/><U8/><E8/><V112/><F112/><W26/><G26/><T0/><D0/><U6/><E6/><V85/><F73/><W113/><G113/><T1/><D1/><U81/><E41/><V109/><REACH who="2" step="1"/><F12/><REACH who="2" ten="508,234,145,103" step="2"/><W98/><G121/><T132/><D132/><U39/><E39/><V104/><F104/><W117/><G117/><T46/><D70/><U22/><REACH who="1" step="1"/><E18/><REACH who="1" ten="508,224,145,103" step="2"/><V76/><F76/><AGARI ba="0,2" hai="21,22,23,28,31,48,54,57,61,67,68,76,81,84" machi="76" ten="40,7700,0" yaku="1,1,2,1,53,1" doraHai="119" doraHaiUra="74" who="1" fromWho="2" sc="508,0,224,97,145,-77,103,0" /><INIT seed="5,1,0,5,5,32" ten="508,321,68,103" oya="1" hai0="45,59,5,104,51,64,0,55,36,101,84,10,27" hai1="98,96,108,103,131,67,66,134,49,25,106,24,62" hai2="122,53,38,133,76,117,41,107,115,125,65,110,102" hai3="95,1,135,77,89,8,74,44,20,48,18,78,17"/><U116/><E116/><V21/><F65/><W4/><G135/><T31/><D104/><U54/><E134/><V28/><F76/><W61/><G61/><T3/><D101/><U81/><E131/><V88/><F28/><W132/><G132/><T37/><D3/><U7/><E108/><V70/><F102/><W15/><G18/><T99/><D99/><U34/><E81/><V90/><F90/><W121/><G121/><T129/><D129/><U72/><E72/><V126/><F21/><W58/><G58/><T83/><D64/><U128/><E67/><V73/><F53/><W79/><G74/><T118/><D45/><U22/><E96/><V112/><F88/><W123/><G123/><T114/><D118/><U12/><E34/><V93/><F93/><W14/><G15/><T42/><D42/><U86/><E86/><V119/><F41/><W87/><REACH who="3" step="1"/><G79/><REACH who="3" ten="508,321,68,93" step="2"/><T43/><D114/><U68/><E128/><V127/><F112/><W16/><G16/><T30/><D30/><U26/><E7/><V75/><F75/><W60/><G60/><T130/><D130/><U9/><E12/><V50/><F117/><W46/><G46/><T52/><D27/><U92/><E9/><V39/><F133/><W111/><G111/><T11/><D11/><U124/><E124/><V71/><F122/><W47/><G47/><T80/><D10/><U56/><REACH who="1" step="1"/><E22/><REACH who="1" ten="508,311,68,93" step="2"/><V120/><F127/><W33/><G33/><T85/><D84/><U109/><E109/><V40/><F126/><W82/><G82/><T29/><D85/><U2/><E2/><V91/><F125/><RYUUKYOKU ba="1,2" sc="508,-15,311,15,68,-15,93,15" hai1="24,25,26,49,54,56,62,66,68,92,98,103,106" hai3="1,4,8,14,17,20,44,48,77,78,87,89,95" /><INIT seed="5,2,2,2,4,123" ten="493,326,53,108" oya="1" hai0="71,10,108,78,87,32,1,58,129,110,65,62,121" hai1="82,115,66,43,15,47,117,99,130,101,49,3,72" hai2="14,97,111,48,46,134,41,68,122,33,103,44,11" hai3="63,53,26,70,20,34,135,29,37,93,90,54,13"/><U96/><E117/><V88/><F122/><W113/><G37/><T91/><D121/><U77/><E3/><V51/><F134/><W40/><G135/><T109/><D32/><U0/><E0/><V120/><F120/><W31/><G40/><T64/><D78/><U35/><E35/><V118/><F33/><W84/><G113/><T55/><D129/><U106/><E130/><V30/><F68/><W16/><REACH who="3" step="1"/><G31/><REACH who="3" ten="493,326,53,98" step="2"/><T107/><D107/><U6/><E115/><V52/><F30/><W105/><G105/><T114/><D114/><U86/><E66/><AGARI ba="2,3" hai="13,16,20,26,29,34,53,54,63,66,70,84,90,93" machi="66" ten="40,5200,0" yaku="1,1,54,1,53,1" doraHai="123" doraHaiUra="25" who="3" fromWho="1" sc="493,0,326,-58,53,0,98,88" /><INIT seed="6,0,0,5,5,30" ten="493,268,53,186" oya="2" hai0="10,96,132,51,7,95,75,31,70,68,116,2,110" hai1="58,104,123,102,19,60,72,83,101,50,94,111,90" hai2="107,85,98,80,18,93,126,29,46,122,114,37,13" hai3="77,36,21,52,92,73,108,134,32,62,24,55,130"/><V16/><F122/><W22/><G108/><T11/><D75/><U17/><E111/><V4/><F126/><W79/><G36/><T57/><D110/><U76/><E123/><V39/><F107/><W82/><G134/><T118/><D11/><U115/><E50/><V84/><F114/><W127/><G127/><T38/><D38/><U133/><E133/><V112/><F112/><W106/><G106/><T6/><D6/><U33/><E115/><V14/><F46/><W44/><G79/><T54/><D31/><U45/><E45/><V49/><F49/><W81/><G82/><T66/><D66/><U67/><E33/><V103/><F4/><W9/><G130/><T15/><D2/><U40/><E40/><V125/><F29/><W59/><G9/><T128/><D128/><U43/><E43/><V61/><F125/><W47/><G92/><T119/><D132/><U121/><E121/><V99/><F93/><W105/><G105/><T100/><AGARI ba="0,0" hai="7,10,15,51,54,57,68,70,95,96,100,116,118,119" machi="100" ten="30,2000,0" yaku="0,1,12,1" doraHai="30" who="0" fromWho="0" sc="493,20,268,-5,53,-10,186,-5" /><INIT seed="7,0,0,2,2,57" ten="513,263,43,181" oya="3" hai0="83,45,73,115,33,107,1,14,49,75,4,24,134" hai1="2,35,0,110,72,129,59,74,7,122,135,69,3" hai2="99,17,64,118,25,82,96,6,31,92,34,54,87" hai3="8,16,40,23,15,132,11,29,46,123,50,116,127"/><W51/><G123/><T111/><D1/><U89/><E59/><V114/><F118/><W90/><G116/><T22/><D33/><U10/><E89/><V56/><F114/><W38/><G132/><T68/><D68/><U52/><E52/><V101/><F6/><W5/><G127/><T84/><D107/><U100/><E100/><V106/><F34/><W131/><G131/><T12/><D111/><U36/><E10/><V97/><F106/><W95/><G29/><T88/><D115/><U58/><E58/><V78/><F17/><W76/><G76/><T62/><D62/><U32/><E7/><V130/><F54/><W26/><REACH who="3" step="1"/><G11/><REACH who="3" ten="513,263,43,171" step="2"/><T13/><D134/><U37/><E135/><V20/><REACH who="2" step="1"/><F130/><REACH who="2" ten="513,263,33,171" step="2"/><W67/><G67/><T119/><D119/><U126/><E129/><V121/><F121/><W113/><G113/><T41/><D4/><U43/><E122/><V65/><F65/><W71/><G71/><T19/><AGARI ba="0,2" hai="12,13,14,19,22,24,41,45,49,73,75,83,84,88" machi="19" ten="30,2000,0" yaku="0,1,54,1" doraHai="57" who="0" fromWho="0" sc="513,40,263,-5,33,-5,171,-10" owari="553,65.3,258,5.8,28,-47.2,161,-23.9" /></mjloggm>