<mjloggm ver="2.3"><GO type="41" lobby="0"/><UN n0="%33%6E%73%73%45%72%64%41" n1="%E7%B4%84%E6%9D%9F%E3%81%8C%E3%81%A1%E3%81%8C%E3%81%86%EF%BC%81" n2="%E2%93%9D%4C%75%63%6B%79%4A" n3="%E3%81%8A%E3%81%8A%E3%81%B0%E3%81%B0" dan="15,13,17,15" rate="2021.92,1818.26,2149.38,1955.99" sx="M,M,M,M"/><TAIKYOKU oya="0"/><INIT seed="0,0,0,3,5,74" ten="250,250,250,250" oya="0" hai0="44,90,64,48,104,63,62,108,13,46,125,33,67" hai1="106,41,24,110,132,105,10,2,51,27,1,50,84" hai2="69,99,79,47,43,38,70,116,78,92,130,59,124" hai3="26,58,86,18,7,11,91,73,57,118,71,75,127"/><T85/><D125/><U28/><E110/><V77/><F124/><W35/><G118/><T6/><D33/><U32/><E132/><V83/><F116/><W19/><G71/><T40/><D104/><U14/><E27/><V135/><F135/><W115/><G115/><T9/><D108/><U81/><E2/><V121/><F121/><W80/><G127/><T88/><D46/><U12/><E12/><V52/><F83/><W112/><G75/><T109/><D109/><U87/><E87/><V53/><F130/><W20/><G35/><T66/><REACH who="0" step="1"/><D90/><REACH who="0" ten="240,250,250,250" step="2"/><U129/><E105/><V0/><F0/><W98/><G112/><T95/><AGARI ba="0,1" hai="6,9,13,40,44,48,62,63,64,66,67,85,88,95" machi="95" ten="30,12000,1" yaku="1,1,2,1,0,1,8,1,54,1,53,0" doraHai="74" doraHaiUra="97" who="0" fromWho="0" sc="240,130,250,-40,250,-40,250,-40" /><INIT seed="0,1,0,5,2,65" ten="370,210,210,210" oya="0" hai0="108,24,35,121,92,83,76,21,52,54,112,38,117" hai1="110,129,15,26,105,57,6,16,116,87,80,78,41" hai2="127,122,23,50,133,37,30,63,27,59,103,40,131" hai3="14,93,100,106,67,51,81,43,33,22,61,55,123"/><T130/><D112/><U120/><E110/><V48/><F122/><W114/><G106/><T104/><D117/><U9/><E116/><V70/><F131/><W31/><G114/><T0/><D121/><U29/><E105/><V46/><F127/><W60/><G43/><T109/><D104/><U118/><E129/><V135/><F103/><W2/><G2/><T17/><D0/><U126/><E126/><V72/><F72/><W45/><G61/><T39/><D130/><U74/><E74/><V11/><F11/><W13/><G33/><T36/><D92/><U102/><E102/><V99/><F99/><W7/><G81/><T75/><REACH who="0" step="1"/><D35/><REACH who="0" ten="360,210,210,210" step="2"/><U53/><E120/><V34/><F34/><W12/><G93/><T79/><D79/><U125/><E125/><V97/><F97/><W95/><G95/><T19/><D19/><U68/><E118/><V8/><F135/><W90/><G123/><T85/><D85/><U64/><E16/><V1/><F133/><W47/><G7/><T28/><D28/><U86/><E29/><V3/><F3/><W10/><G31/><T115/><D115/><U128/><E6/><V132/><F132/><W88/><G22/><T96/><D96/><U73/><E87/><V25/><F1/><W20/><G20/><T124/><D124/><U113/><E86/><V44/><F23/><W32/><G32/><T58/><D58/><U71/><E73/><V18/><F30/><W119/><G119/><T91/><D91/><U4/><E4/><V84/><F84/><W5/><G5/><T101/><D101/><U134/><E113/><RYUUKYOKU ba="1,1" sc="360,30,210,-10,210,-10,210,-10" hai0="17,21,24,36,38,39,52,54,75,76,83,108,109" /><INIT seed="0,2,1,0,1,30" ten="390,200,200,200" oya="0" hai0="54,81,53,50,97,68,4,86,44,75,18,121,118" hai1="6,122,112,135,88,109,119,36,1,104,128,14,60" hai2="39,131,82,123,47,129,24,52,40,48,70,23,84" hai3="95,126,5,120,99,133,113,26,15,25,103,49,108"/><T41/><D118/><U76/><RYUUKYOKU type="yao9" ba="2,1" sc="390,0,200,0,200,0,200,0" hai1="1,6,14,36,60,76,88,104,109,112,119,122,128,135" /><INIT seed="0,3,1,1,1,122" ten="390,200,200,200" oya="0" hai0="80,2,104,130,71,70,91,126,75,16,51,65,50" hai1="111,0,3,23,108,123,121,6,53,46,128,25,38" hai2="87,93,127,27,109,21,41,105,31,74,45,12,86" hai3="103,7,33,90,84,79,92,37,47,42,133,112,18"/><T58/><D104/><U17/><E38/><V110/><F105/><W9/><G112/><T39/><D2/><N who="1" m="555" /><E46/><V100/><F74/><W44/><G103/><T57/><D39/><U32/><E53/><V113/><F127/><W64/><G47/><T131/><D75/><U1/><E128/><V19/><F113/><W13/><G33/><T117/><D117/><U34/><E6/><V10/><F100/><W43/><G43/><T11/><D126/><U59/><E59/><V119/><F119/><W20/><G64/><T97/><D97/><U56/><E56/><V120/><F120/><N who="1" m="46153" /><E1/><V118/><F118/><W106/><G106/><T15/><D58/><U78/><E78/><V49/><REACH who="2" step="1"/><F87/><REACH who="2" ten="390,200,190,200" step="2"/><W54/><G84/><N who="0" m="50567" /><D130/><U48/><E48/><V115/><F115/><W76/><G37/><T102/><D131/><U30/><E34/><V73/><F73/><W52/><G79/><T35/><D35/><U5/><E5/><V85/><F85/><W134/><G76/><T114/><D102/><U94/><E94/><V72/><F72/><W68/><G92/><T88/><D114/><U28/><E32/><V82/><F82/><W116/><G116/><T4/><D4/><U83/><E83/><V96/><F96/><W36/><G7/><T99/><D51/><U124/><E124/><V135/><F135/><W8/><G134/><T60/><D50/><U55/><E55/><V26/><F26/><W98/><G133/><T14/><D14/><U22/><E22/><V40/><F40/><W63/><G42/><T61/><D61/><U101/><E101/><V66/><F66/><RYUUKYOKU ba="3,2" sc="390,10,200,10,190,10,200,-30" hai0="11,15,16,57,60,65,70,71,88,99" hai1="17,23,25,28,30,108,111" hai2="10,12,19,21,27,31,41,45,49,86,93,109,110" /><INIT seed="0,4,2,3,2,99" ten="400,210,200,170" oya="0" hai0="98,56,36,47,124,41,79,61,26,95,101,128,57" hai1="16,67,34,123,88,29,52,97,54,133,126,116,108" hai2="28,40,130,135,117,92,14,49,87,76,64,32,5" hai3="22,125,105,80,24,19,131,112,127,81,78,39,96"/><T7/><D128/><U55/><E108/><V68/><F32/><W70/><G112/><T109/><D124/><N who="3" m="47689" /><G131/><T50/><D109/><U74/><E126/><V134/><F28/><W42/><G70/><T122/><D122/><U12/><E133/><V44/><F130/><W75/><G81/><T18/><D7/><U69/><E116/><V77/><F64/><W102/><G42/><T1/><D1/><U46/><E123/><V66/><F66/><W86/><G39/><T53/><D79/><U85/><E74/><AGARI ba="4,2" hai="19,22,24,74,75,78,80,86,96,102,105" m="47689" machi="74" ten="30,2000,0" yaku="18,1,52,1" doraHai="99" who="3" fromWho="1" sc="400,0,210,-32,200,0,170,52" /><INIT seed="1,0,0,1,2,39" ten="400,178,200,222" oya="1" hai0="25,68,72,125,69,33,123,8,70,126,121,135,106" hai1="112,60,57,41,63,27,61,91,99,119,52,51,11" hai2="12,74,0,48,76,28,107,95,20,87,104,102,13" hai3="75,5,108,38,16,117,50,21,77,10,64,78,35"/><U98/><E112/><V24/><F0/><W96/><G38/><T56/><D106/><U1/><E119/><V26/><F74/><W122/><G35/><T22/><D72/><U86/><E1/><V116/><F116/><W15/><G117/><T113/><D113/><U17/><E11/><V92/><F107/><W7/><G108/><T53/><D8/><U127/><E127/><N who="0" m="48649" /><D135/><U18/><E18/><V81/><F104/><W6/><G64/><T85/><D85/><U118/><E118/><V62/><F62/><W46/><G96/><T55/><D33/><U103/><E103/><V34/><F48/><W120/><G21/><T94/><D94/><U59/><E59/><V30/><REACH who="2" step="1"/><F95/><REACH who="2" ten="400,178,190,222" step="2"/><W9/><G75/><T90/><D121/><U83/><E61/><V45/><F45/><W43/><REACH who="3" step="1"/><G10/><REACH who="3" ten="400,178,190,212" step="2"/><T19/><D123/><AGARI ba="0,2" hai="5,6,7,9,15,16,43,46,50,77,78,120,122,123" machi="123" ten="40,8000,1" yaku="1,1,2,1,52,1,54,1,53,0" doraHai="39" doraHaiUra="133" who="3" fromWho="0" sc="400,-80,178,0,190,0,212,100" /><INIT seed="2,0,0,3,3,128" ten="320,178,190,312" oya="2" hai0="113,58,40,104,63,66,83,134,111,80,16,33,90" hai1="8,53,115,47,110,59,81,74,5,135,126,35,105" hai2="106,9,121,20,119,29,117,77,65,25,69,88,127" hai3="52,41,133,91,51,19,114,103,132,71,123,7,36"/><V2/><F106/><W42/><G123/><T72/><D113/><U46/><E115/><V22/><F77/><W122/><G122/><T129/><D129/><U87/><E110/><V124/><F65/><W23/><G114/><T1/><D111/><U26/><E105/><V56/><F56/><W55/><G103/><T84/><D104/><U34/><E74/><V112/><F69/><W39/><G7/><T130/><D33/><U32/><E126/><N who="2" m="48171" /><F112/><W17/><G71/><T68/><D1/><U43/><E135/><N who="3" m="51786" /><G91/><T70/><D90/><U0/><E26/><N who="2" m="16599" /><F88/><W131/><G131/><T86/><D130/><U61/><REACH who="1" step="1"/><E43/><REACH who="1" ten="320,168,190,312" step="2"/><N who="3" m="16394" /><G19/><T101/><D40/><U37/><E37/><N who="3" m="14410" /><G51/><T96/><D16/><U12/><E12/><AGARI ba="0,1" hai="12,17,23,52,55" m="14410,16394,51786" machi="12" ten="30,8000,1" yaku="20,1,52,3,54,1" doraHai="128" who="3" fromWho="1" sc="320,0,168,-80,190,0,312,90" /><INIT seed="3,0,0,5,4,50" ten="320,88,190,402" oya="3" hai0="35,54,7,80,91,55,20,63,65,125,101,121,68" hai1="12,2,73,25,95,28,88,94,107,21,119,116,122" hai2="69,96,71,130,134,14,52,30,120,100,61,67,31" hai3="33,3,34,93,48,124,0,90,44,26,37,40,85"/><W42/><G124/><T97/><D121/><U129/><E2/><V51/><F120/><W56/><G34/><T106/><D35/><U86/><E107/><V53/><F71/><W17/><G42/><T49/><D125/><U24/><E73/><V77/><F77/><W75/><G75/><T92/><D80/><U74/><E74/><V109/><F109/><W99/><G99/><T110/><D110/><U108/><E108/><V112/><F112/><W81/><G81/><T62/><D7/><U15/><E122/><V13/><F130/><W5/><G5/><T38/><D38/><U104/><E104/><V117/><F117/><W79/><G79/><T111/><D111/><U72/><E72/><V39/><F39/><W4/><G4/><T27/><D62/><U133/><E133/><V135/><F14/><W10/><G10/><T70/><D70/><U6/><E129/><V36/><F13/><W76/><G76/><T66/><D66/><U132/><E132/><N who="2" m="50731" /><F36/><W82/><G82/><T59/><D49/><U118/><E6/><V57/><F53/><W83/><G83/><T18/><D68/><U45/><E45/><V22/><F22/><N who="3" m="13647" /><G33/><T105/><REACH who="0" step="1"/><D106/><AGARI ba="0,0" hai="30,31,51,52,57,61,67,69,96,100,106" m="50731" machi="106" ten="30,3900,0" yaku="20,1,52,1,54,1" doraHai="50" who="2" fromWho="0" sc="320,-39,88,0,190,39,402,0" /><INIT seed="4,0,0,0,2,34" ten="281,88,229,402" oya="0" hai0="102,121,1,53,29,125,4,60,36,101,90,115,89" hai1="86,47,80,17,79,91,63,96,48,39,3,81,130" hai2="44,122,62,120,31,117,82,21,104,123,76,133,66" hai3="6,97,74,105,77,103,43,67,87,13,94,132,54"/><T134/><D121/><U2/><E39/><V127/><F104/><W8/><G132/><T129/><D134/><U18/><E130/><V119/><F133/><W70/><G43/><T108/><D129/><U32/><E32/><V19/><F31/><W128/><G128/><T95/><D108/><U0/><E63/><V73/><F44/><W52/><G67/><T84/><D36/><U75/><REACH who="1" step="1"/><E96/><REACH who="1" ten="281,78,229,402" step="2"/><V25/><REACH who="2" step="1"/><F127/><REACH who="2" ten="281,78,219,402" step="2"/><W55/><G105/><T42/><D125/><U107/><E107/><V49/><F49/><W126/><G126/><T92/><D60/><U35/><E35/><V27/><F27/><W30/><G97/><T100/><D102/><U20/><E20/><V113/><F113/><W23/><G23/><T118/><D115/><U37/><E37/><V99/><F99/><W58/><G103/><T116/><D101/><U83/><E83/><V10/><F10/><W16/><G8/><T124/><D100/><U109/><E109/><V15/><F15/><W38/><G13/><T45/><D124/><U61/><E61/><V11/><F11/><W93/><G38/><T22/><D22/><U12/><E12/><V110/><F110/><W98/><G98/><T14/><D14/><U40/><AGARI ba="0,2" hai="0,2,3,17,18,40,47,48,75,79,80,81,86,91" machi="40" ten="30,8000,1" yaku="1,1,0,1,52,3,53,0" doraHai="34" doraHaiUra="59" who="1" fromWho="1" sc="281,-40,78,100,219,-20,402,-20" /><INIT seed="5,0,0,0,4,18" ten="241,178,199,382" oya="1" hai0="28,93,11,12,57,48,30,130,23,92,80,35,96" hai1="119,71,8,45,32,5,43,114,29,47,77,72,16" hai2="64,27,100,85,49,22,46,110,39,24,131,135,74" hai3="44,6,88,121,101,81,103,13,56,102,7,134,34"/><U19/><E119/><V10/><F74/><W55/><G121/><T59/><D130/><U54/><E114/><V68/><F39/><W21/><G34/><T51/><D35/><U3/><E71/><V79/><F110/><W62/><G134/><T87/><D51/><U69/><E69/><V37/><F37/><W31/><G44/><T94/><D96/><U90/><E54/><V38/><F27/><N who="3" m="16879" /><G13/><T67/><D67/><U84/><E47/><V2/><F131/><W109/><G109/><T106/><D106/><U66/><E66/><V61/><F38/><W53/><G55/><T4/><D48/><U65/><E65/><V123/><F123/><W25/><G25/><N who="0" m="16447" /><D30/><U111/><E111/><V132/><F49/><W86/><AGARI ba="0,0" hai="6,7,53,56,62,81,86,88,101,102,103" m="16879" machi="86" ten="30,4000,0" yaku="8,1,52,1,54,1" doraHai="18" who="3" fromWho="3" sc="241,-10,178,-20,199,-10,382,40" /><INIT seed="6,0,0,4,3,19" ten="231,158,189,422" oya="2" hai0="85,132,47,4,29,48,81,39,54,76,44,25,14" hai1="101,26,36,69,84,97,78,15,42,62,82,114,117" hai2="83,59,38,65,63,126,3,23,94,10,16,79,40" hai3="130,57,22,129,35,73,105,13,24,74,133,92,58"/><V111/><F111/><W80/><G105/><T106/><D106/><U66/><E117/><V113/><F126/><W64/><G133/><T102/><D132/><U27/><E114/><V112/><F94/><W115/><G115/><N who="2" m="44105" /><F40/><W61/><G35/><T91/><D102/><U53/><E53/><V119/><F38/><W89/><G13/><T90/><D14/><U98/><E98/><V86/><F119/><W70/><G58/><T96/><D4/><U127/><E127/><V107/><F107/><W120/><G70/><T68/><D68/><U104/><REACH who="1" step="1"/><E15/><REACH who="1" ten="231,148,189,422" step="2"/><N who="2" m="9631" /><F10/><W5/><G130/><T34/><D96/><U56/><E56/><V100/><F100/><W9/><G57/><T108/><D108/><U43/><E43/><V7/><F7/><W75/><G5/><T33/><D47/><AGARI ba="0,1" hai="26,27,36,42,47,62,66,69,78,82,84,97,101,104" machi="47" ten="40,1300,0" yaku="1,1,53,0" doraHai="19" doraHaiUra="55" who="1" fromWho="0" sc="231,-13,148,23,189,0,422,0" /><INIT seed="7,0,0,5,0,57" ten="218,171,189,422" oya="3" hai0="120,104,94,7,78,48,118,110,65,82,105,88,125" hai1="106,119,6,46,5,49,107,101,44,80,130,60,77" hai2="24,132,79,126,51,43,133,16,52,34,128,70,75" hai3="45,66,127,124,62,36,100,84,14,42,63,4,41"/><W27/><G42/><T20/><D7/><U21/><E130/><V15/><F128/><W3/><G3/><T116/><D65/><U30/><E119/><V96/><F43/><W134/><G134/><N who="2" m="51817" /><F126/><W121/><G121/><T53/><D20/><U22/><E101/><V10/><F70/><W12/><G27/><T29/><D29/><U67/><E107/><V58/><F96/><W117/><G117/><T81/><D53/><U112/><E106/><V73/><F79/><W9/><G100/><T56/><D56/><N who="1" m="37255" /><E112/><V129/><F129/><W91/><G14/><T72/><D48/><U19/><E30/><AGARI ba="0,0" hai="10,15,16,24,30,34,51,52,58,73,75" m="51817" machi="30" ten="30,3900,0" yaku="20,1,54,2" doraHai="57" who="2" fromWho="1" sc="218,0,171,-39,189,39,422,0" owari="218,-18.2,132,-36.8,228,2.8,422,52.2" /></mjloggm>