<mjloggm ver="2.3"><GO type="41" lobby="0"/><UN n0="%E3%81%AB%E3%81%A8%E3%81%86%E3%81%97%E3%82%93" n1="%E8%9B%8D%E7%83%8F%E8%B3%8A" n2="%79%61%6E%72%6F%75" n3="%E2%93%9D%4C%75%63%6B%79%4A" dan="13,13,15,16" rate="1887.93,1892.53,2045.37,2147.45" sx="M,M,M,M"/><TAIKYOKU oya="0"/><INIT seed="0,0,0,5,2,115" ten="250,250,250,250" oya="0" hai0="67,81,131,36,14,68,64,74,0,69,49,98,59" hai1="99,20,35,107,12,119,53,2,106,72,66,23,122" hai2="78,26,58,21,50,51,54,3,17,37,29,124,112" hai3="10,85,4,65,13,11,117,126,9,61,92,129,28"/><T86/><D0/><U90/><E122/><V80/><F37/><W38/><G38/><T135/><D74/><U118/><E35/><V123/><F112/><W132/><G132/><T42/><D135/><U75/><E66/><V130/><F124/><W77/><G126/><T102/><D131/><U18/><E2/><V97/><F3/><W128/><G28/><T87/><D36/><U32/><E32/><V84/><F130/><N who="3" m="50283" /><G117/><N who="1" m="44554" /><E53/><V114/><F114/><W60/><G61/><T94/><D68/><U111/><E12/><V110/><F110/><W41/><G41/><T47/><D69/><U105/><E18/><V95/><F123/><W73/><G73/><N who="1" m="28234" /><E111/><V56/><F29/><W8/><G60/><T91/><D14/><U113/><E113/><V19/><F17/><W16/><G65/><T103/><D59/><U116/><N who="1" m="44562" /><U96/><DORA hai="89" /><E90/><V100/><REACH who="2" step="1"/><F51/><REACH who="2" ten="250,250,240,250" step="2"/><W125/><G125/><T22/><D22/><AGARI ba="0,1" hai="20,22,23,96,99,105,106,107" m="28234,44562" machi="22" ten="50,12000,2" yaku="28,2,52,4" doraHai="115,89" who="1" fromWho="0" sc="250,-120,250,130,240,0,250,0" /><INIT seed="1,0,0,5,2,31" ten="130,380,240,250" oya="1" hai0="97,49,66,40,94,92,95,106,30,77,109,88,80" hai1="120,65,8,58,113,86,93,47,114,57,63,123,84" hai2="89,78,1,73,53,62,111,118,55,50,85,72,13" hai3="129,81,69,110,34,74,70,126,11,38,61,14,101"/><U26/><E47/><V7/><F1/><W16/><G126/><T133/><D66/><U121/><E26/><V82/><F118/><W90/><G101/><T75/><D30/><U54/><E8/><V24/><F111/><W19/><G129/><T18/><D18/><U29/><E29/><V37/><F37/><W76/><G110/><T98/><D109/><U0/><E0/><V48/><F62/><W127/><G127/><T28/><D28/><U56/><E93/><N who="0" m="35945" /><D49/><N who="1" m="30799" /><E86/><V67/><F67/><W132/><G38/><T104/><D40/><U51/><E84/><V116/><F24/><W99/><G19/><T5/><D5/><U23/><E23/><V9/><F116/><W64/><G70/><T105/><D133/><U42/><E42/><V130/><F130/><W68/><G132/><T59/><D59/><N who="1" m="22539" /><E51/><V102/><F50/><W4/><G4/><T17/><D17/><U96/><E96/><AGARI ba="0,0" hai="75,77,80,88,95,96,97,98,104,105,106" m="35945" machi="96" ten="40,12000,2" yaku="35,5,54,1" doraHai="31" who="0" fromWho="1" sc="130,120,380,-120,240,0,250,0" /><INIT seed="2,0,0,2,2,29" ten="250,260,240,250" oya="2" hai0="39,51,89,92,19,124,41,55,65,70,75,96,52" hai1="28,113,54,120,9,94,100,134,59,40,106,119,53" hai2="128,79,80,97,32,34,68,107,1,118,133,0,126" hai3="62,72,71,121,7,81,115,122,30,18,109,88,135"/><V110/><F118/><W13/><G7/><T49/><D75/><U116/><E106/><V46/><F128/><W90/><G30/><T101/><D39/><U127/><E28/><V95/><F133/><W83/><G135/><T47/><D124/><U48/><E134/><V42/><F126/><W112/><G62/><T4/><D4/><U111/><E127/><V102/><F95/><W104/><G71/><T125/><D125/><U36/><E9/><V123/><F123/><N who="3" m="47115" /><G18/><T103/><D41/><U87/><E87/><V50/><F68/><W10/><G13/><T63/><REACH who="0" step="1"/><D19/><REACH who="0" ten="240,260,240,250" step="2"/><U66/><E120/><V20/><F110/><W12/><G109/><T130/><D130/><U22/><E111/><V58/><F0/><W27/><G72/><T76/><D76/><U56/><E113/><V131/><F1/><W23/><G115/><T16/><D16/><U69/><E22/><V37/><F131/><W74/><G23/><T77/><D77/><U25/><E25/><V6/><F6/><W85/><G27/><T60/><D60/><N who="1" m="40135" /><E94/><V84/><F20/><W26/><G112/><T91/><D91/><U86/><E100/><V78/><REACH who="2" step="1"/><F79/><REACH who="2" ten="240,260,230,250" step="2"/><W64/><G90/><T2/><D2/><U108/><E108/><V24/><F24/><W61/><G26/><T82/><D82/><U33/><E33/><V67/><F67/><W99/><G64/><T98/><D98/><U93/><E93/><V15/><F15/><W117/><G12/><T38/><D38/><U45/><E86/><V132/><F132/><W129/><G129/><T114/><D114/><U31/><E31/><RYUUKYOKU ba="0,2" sc="240,10,260,10,230,10,250,-30" hai0="47,49,51,52,55,63,65,70,89,92,96,101,103" hai1="36,40,45,48,53,54,56,59,116,119" hai2="32,34,37,42,46,50,58,78,80,84,97,102,107" /><INIT seed="2,1,2,5,5,131" ten="250,270,240,220" oya="2" hai0="115,1,16,7,44,106,48,132,59,94,77,26,121" hai1="34,33,105,19,35,100,114,122,37,10,133,135,5" hai2="50,52,21,47,75,111,56,20,11,85,36,51,109" hai3="129,104,87,83,101,73,98,28,40,110,71,57,60"/><V55/><F75/><W58/><G129/><T49/><D106/><U84/><E37/><V86/><F36/><W102/><G110/><N who="2" m="41993" /><F11/><W65/><G102/><T61/><D77/><U67/><E67/><V2/><F2/><W116/><G116/><T27/><D115/><U12/><E100/><V23/><AGARI ba="1,2" hai="20,21,23,47,50,51,52,55,56,85,86" m="41993" machi="23" ten="30,6000,0" yaku="14,1,10,1,54,1" doraHai="131" who="2" fromWho="2" sc="250,-21,270,-21,240,83,220,-21" /><INIT seed="2,2,0,2,3,37" ten="229,249,323,199" oya="2" hai0="1,88,14,23,91,13,6,57,105,11,66,55,100" hai1="102,98,85,17,119,97,80,22,18,114,69,16,47" hai2="109,48,62,40,21,133,117,54,121,38,29,31,4" hai3="9,59,120,10,94,61,73,122,41,25,56,64,96"/><V20/><F117/><W132/><G73/><T72/><D72/><U129/><E119/><V110/><F121/><W84/><G132/><T95/><D66/><U26/><E69/><V5/><F62/><W35/><G35/><T82/><D82/><U101/><E114/><V79/><F79/><W71/><G25/><T99/><D23/><U60/><E60/><V42/><F48/><W112/><G112/><T104/><D91/><N who="1" m="51623" /><E47/><V43/><F54/><W68/><G84/><T124/><D124/><U53/><E53/><V33/><F38/><W28/><G28/><N who="2" m="10825" /><F33/><W36/><G122/><T108/><D108/><N who="2" m="41578" /><F133/><W90/><G120/><T127/><D127/><U39/><E129/><V63/><F63/><W78/><G71/><T15/><REACH who="0" step="1"/><D100/><REACH who="0" ten="219,249,323,199" step="2"/><N who="1" m="38507" /><E39/><V125/><F125/><W74/><G36/><T30/><D30/><AGARI ba="2,1" hai="16,17,18,22,26,30,97,98" m="38507,51623" machi="30" ten="30,2000,0" yaku="8,1,54,1" doraHai="37" who="1" fromWho="0" sc="219,-26,249,36,323,0,199,0" /><INIT seed="3,0,0,5,1,1" ten="193,285,323,199" oya="3" hai0="39,35,2,105,65,124,91,83,131,42,44,9,94" hai1="75,102,89,31,47,15,23,17,97,28,133,82,116" hai2="134,92,71,93,22,99,112,13,49,29,60,101,6" hai3="30,107,121,73,76,106,56,122,70,24,129,5,12"/><W46/><G70/><T86/><D105/><U33/><E133/><V115/><F134/><W78/><G56/><T74/><D35/><U66/><E33/><V100/><F29/><N who="1" m="11337" /><E75/><V125/><F125/><W11/><G129/><T50/><D131/><U0/><E0/><V36/><F36/><W110/><G110/><T7/><D124/><U95/><E116/><V123/><F123/><W34/><G78/><T37/><D65/><U117/><E117/><V72/><F72/><W80/><REACH who="3" step="1"/><G46/><REACH who="3" ten="193,285,323,189" step="2"/><T111/><D111/><U109/><E109/><V113/><F115/><W41/><G41/><T62/><D62/><U10/><E47/><V21/><F113/><W51/><G51/><T118/><D118/><U55/><E66/><V58/><F49/><W19/><G19/><T128/><D128/><U87/><E55/><V98/><F71/><W88/><G88/><T43/><D43/><U59/><E59/><V48/><F48/><W81/><G81/><T67/><D67/><U8/><AGARI ba="0,1" hai="8,10,15,17,23,82,87,89,95,97,102" m="11337" machi="8" ten="30,1100,0" yaku="8,1" doraHai="1" who="1" fromWho="1" sc="193,-3,285,21,323,-3,189,-5" /><INIT seed="4,0,0,5,1,38" ten="190,306,320,184" oya="0" hai0="124,106,128,121,125,55,108,68,75,99,92,47,20" hai1="94,50,18,101,74,113,82,73,32,103,104,1,10" hai2="134,70,123,23,91,66,29,2,110,79,127,5,58" hai3="118,25,112,133,12,39,8,3,65,105,71,98,31"/><T7/><D68/><U131/><E131/><V109/><F123/><W96/><G118/><T41/><D121/><U22/><E32/><V35/><F127/><N who="0" m="48714" /><D75/><U30/><E30/><V60/><F134/><W48/><G39/><N who="0" m="21951" /><D106/><U52/><E104/><V4/><F79/><W111/><G111/><T100/><D128/><U95/><E113/><V63/><F35/><W77/><G112/><T0/><D20/><U19/><E22/><V49/><F49/><W17/><G48/><T27/><D27/><U78/><E74/><V88/><F110/><W97/><G133/><T81/><D81/><U93/><E10/><V84/><F91/><W45/><G105/><N who="0" m="63647" /><D108/><U16/><REACH who="1" step="1"/><E1/><REACH who="1" ten="190,296,320,184" step="2"/><V37/><F2/><W116/><G3/><T33/><D33/><U122/><E122/><V107/><F107/><W76/><G8/><N who="0" m="2151" /><D92/><U36/><E36/><V9/><F9/><W14/><G31/><T117/><D55/><U89/><E89/><V86/><F37/><W126/><G126/><T64/><D64/><U119/><E119/><AGARI ba="0,1" hai="117,119" m="2151,63647,21951,48714" machi="119" ten="30,5800,0" yaku="18,1,23,1,52,1" doraHai="38" who="0" fromWho="1" sc="190,68,296,-58,320,0,184,0" /><INIT seed="4,1,0,2,5,8" ten="258,238,320,184" oya="0" hai0="5,73,70,90,127,112,12,21,113,25,11,24,51" hai1="92,34,125,79,10,101,98,31,128,109,123,40,35" hai2="41,66,52,89,56,27,55,62,106,72,129,77,86" hai3="96,120,4,110,91,78,19,131,58,103,17,47,85"/><T126/><BYE who="2" /><D70/><U88/><E123/><V68/><F68/><W117/><G110/><T121/><D73/><U46/><E109/><V93/><F93/><W81/><G117/><T135/><D90/><U7/><E128/><V99/><F99/><W67/><G4/><T23/><D51/><U54/><E79/><V115/><F115/><N who="0" m="44106" /><D121/><U80/><E125/><N who="0" m="47625" /><D135/><U94/><E80/><V130/><F130/><W108/><G108/><T9/><D9/><U38/><E31/><V95/><F95/><W83/><G131/><T42/><D42/><U102/><E54/><V107/><F107/><W84/><G120/><UN n2="%79%61%6E%72%6F%75" /><T50/><D50/><U22/><E22/><AGARI ba="1,0" hai="5,11,12,21,22,23,24,25" m="47625,44106" machi="22" ten="30,12000,1" yaku="15,1,18,1,34,2,52,1" doraHai="8" who="0" fromWho="1" sc="258,123,238,-123,320,0,184,0" /><INIT seed="4,2,0,0,5,44" ten="381,115,320,184" oya="0" hai0="39,18,50,2,79,108,4,95,38,13,67,34,59" hai1="97,120,84,82,102,68,17,58,65,69,99,33,111" hai2="128,130,66,32,134,24,96,8,19,106,117,78,47" hai3="61,125,112,20,53,80,26,22,90,133,104,116,129"/><T75/><D34/><U55/><E120/><V64/><F134/><W126/><G104/><T93/><D108/><U10/><E33/><V76/><F32/><W127/><G116/><T88/><D2/><U109/><E111/><V101/><F117/><W14/><G133/><T12/><D93/><U83/><E109/><V81/><F76/><W60/><G112/><T7/><D39/><U15/><E65/><V118/><F118/><W63/><G129/><N who="2" m="49769" /><F47/><W115/><G115/><T48/><D38/><U73/><E73/><N who="2" m="43215" /><F8/><W100/><G100/><T103/><D103/><U123/><E123/><V56/><F56/><W71/><G71/><T110/><D79/><U94/><E99/><V119/><F119/><W91/><G80/><T3/><D3/><U42/><E42/><V113/><F113/><W0/><G0/><T35/><D35/><U49/><REACH who="1" step="1"/><E82/><REACH who="1" ten="381,105,320,184" step="2"/><V16/><F66/><W11/><G127/><T122/><D122/><U45/><E45/><V89/><F64/><W23/><G126/><T25/><D110/><U1/><E1/><V105/><F106/><W28/><G125/><T72/><D75/><U31/><E31/><V36/><F105/><W46/><G28/><T132/><D72/><U86/><E86/><V37/><F96/><W57/><G46/><T41/><D41/><U30/><E30/><V77/><F77/><AGARI ba="2,1" hai="10,15,17,49,55,58,68,69,77,83,84,94,97,102" machi="77" ten="30,3900,0" yaku="1,1,7,1,52,1,53,0" doraHai="44" doraHaiUra="114" who="1" fromWho="2" sc="381,0,105,55,320,-45,184,0" /><INIT seed="5,0,0,4,4,130" ten="381,160,275,184" oya="1" hai0="24,86,89,54,13,131,36,39,100,69,91,118,55" hai1="132,126,9,105,83,104,35,98,11,17,112,115,7" hai2="10,61,97,23,68,66,133,72,56,103,46,95,99" hai3="74,127,50,110,41,57,37,44,48,28,29,47,22"/><U109/><E35/><V15/><F72/><W135/><G74/><T123/><D69/><U67/><E67/><V71/><F133/><W27/><G110/><T6/><D118/><U65/><E65/><V117/><F117/><W63/><G127/><T38/><D100/><U59/><E59/><V128/><F128/><W93/><G135/><T58/><D131/><U82/><E132/><V106/><F23/><W113/><G113/><N who="1" m="43594" /><E126/><V45/><F71/><W53/><G93/><T43/><D43/><U108/><E98/><V81/><F81/><N who="1" m="30729" /><E17/><V5/><REACH who="2" step="1"/><F68/><REACH who="2" ten="381,160,265,184" step="2"/><W119/><G119/><T84/><D123/><U1/><E11/><V34/><F34/><W31/><REACH who="3" step="1"/><G37/><REACH who="3" ten="381,160,265,174" step="2"/><T114/><D36/><U52/><E52/><AGARI ba="0,2" hai="22,27,28,29,31,41,44,47,48,50,52,53,57,63" machi="52" ten="30,8000,1" yaku="1,1,2,1,7,1,8,1,54,1,53,0" doraHai="130" doraHaiUra="70" who="3" fromWho="1" sc="381,0,160,-80,265,0,174,100" /><INIT seed="6,0,0,2,1,10" ten="381,80,265,274" oya="2" hai0="64,133,36,131,60,0,20,43,98,81,12,103,135" hai1="48,9,71,91,125,1,34,42,73,61,126,16,29" hai2="100,39,88,67,53,85,80,82,119,72,109,123,27" hai3="51,90,95,46,99,104,37,127,111,54,19,3,52"/><V77/><F119/><W14/><G111/><T49/><D0/><U93/><E73/><V8/><F123/><W120/><G120/><T33/><D36/><U105/><E105/><V130/><F130/><W92/><G3/><T41/><D33/><U132/><E132/><N who="0" m="50761" /><D81/><U31/><E34/><V69/><F39/><W68/><G68/><N who="0" m="41991" /><D49/><U112/><E112/><V79/><F109/><W65/><G127/><N who="1" m="48650" /><E71/><V7/><F100/><W106/><G65/><T78/><D78/><U44/><E61/><V13/><F67/><W70/><G70/><T114/><D114/><U2/><E2/><V96/><F69/><W101/><G37/><T15/><D131/><U108/><E1/><V87/><F96/><W110/><G110/><T107/><D20/><U129/><E108/><V25/><REACH who="2" step="1"/><F53/><REACH who="2" ten="381,80,255,274" step="2"/><W50/><G54/><T58/><D58/><U94/><E129/><V97/><F97/><W59/><G99/><T76/><D76/><U47/><E47/><V122/><F122/><W124/><G124/><T84/><D84/><N who="1" m="52455" /><E94/><AGARI ba="0,1" hai="7,8,13,25,27,72,77,79,80,82,85,87,88,94" machi="94" ten="30,11600,0" yaku="1,1,7,1,52,1,54,1,53,0" doraHai="10" doraHaiUra="26" who="2" fromWho="1" sc="381,0,80,-116,255,126,274,0" owari="381,48.1,-36,-53.6,381,18.1,274,-12.6" /></mjloggm>