<mjloggm ver="2.3"><GO type="41" lobby="0"/><UN n0="%E2%93%9D%4C%75%63%6B%79%4A" n1="%63%68%61%72%32%33%34" n2="%E4%BD%90%E8%97%A4%E4%B8%89%E6%9C%97" n3="%73%6F%6C%6F%73%6F%6E%67" dan="16,14,14,14" rate="2151.41,1868.64,1935.53,1917.92" sx="M,M,M,M"/><TAIKYOKU oya="0"/><INIT seed="0,0,0,2,4,27" ten="250,250,250,250" oya="0" hai0="23,90,62,101,74,85,125,39,34,6,87,71,69" hai1="3,14,115,37,5,104,31,4,77,110,122,89,20" hai2="17,84,2,63,79,41,52,35,132,50,72,82,33" hai3="94,86,53,81,58,99,114,117,92,112,128,80,0"/><T24/><D74/><U119/><E37/><V98/><F2/><W103/><G0/><T111/><D34/><U55/><E104/><V16/><F72/><W131/><G58/><T48/><D39/><U60/><E119/><V30/><F41/><W113/><G53/><T105/><D125/><U130/><E77/><V40/><F40/><W102/><G117/><T118/><D111/><U15/><E122/><V106/><F35/><W47/><G47/><T95/><D6/><U68/><E110/><V45/><F63/><W32/><G32/><T59/><D118/><U12/><E130/><N who="3" m="49706" /><G86/><T57/><D59/><U108/><E89/><V26/><REACH who="2" step="1"/><F132/><REACH who="2" ten="250,250,240,250" step="2"/><W75/><G75/><T29/><D48/><U100/><E60/><V22/><F22/><W124/><G124/><T1/><D1/><U134/><E3/><V76/><F76/><W21/><G21/><T121/><D121/><U28/><E20/><V8/><F8/><W9/><G9/><T36/><D36/><U120/><E134/><V61/><F61/><W78/><G78/><T107/><D87/><U109/><E120/><V11/><F11/><W10/><G10/><T66/><REACH who="0" step="1"/><D101/><AGARI ba="0,1" hai="16,17,26,30,33,45,50,52,79,82,84,98,101,106" machi="101" ten="40,8000,1" yaku="1,1,52,1,54,2,53,0" doraHai="27" doraHaiUra="116" who="2" fromWho="0" sc="250,-80,250,0,240,90,250,0" /><INIT seed="1,0,0,0,0,123" ten="170,250,330,250" oya="1" hai0="4,6,76,18,114,89,79,9,132,96,94,52,30" hai1="48,73,82,86,13,103,57,32,41,90,72,84,124" hai2="16,27,47,104,58,69,91,87,93,66,125,109,5" hai3="54,50,49,70,29,134,55,112,42,40,95,61,56"/><U51/><E32/><V12/><F69/><W21/><G112/><T39/><D39/><U122/><E122/><V26/><F104/><W108/><G95/><T68/><D68/><U67/><E124/><V46/><F125/><W133/><G21/><T17/><D132/><N who="3" m="50793" /><G29/><T65/><D65/><U128/><E128/><V15/><F109/><W34/><G34/><T53/><D30/><U10/><E103/><V28/><F12/><W81/><G81/><T110/><D110/><U25/><E25/><N who="2" m="9227" /><F5/><W115/><G115/><T63/><D114/><U107/><E107/><V80/><F80/><W74/><G74/><T8/><D63/><U45/><E51/><V36/><F36/><W60/><G108/><T116/><D94/><U113/><E113/><V64/><F28/><W7/><G7/><T37/><D37/><U33/><E33/><V130/><F130/><W75/><G75/><T77/><D79/><U22/><E22/><V129/><F129/><W120/><G120/><T62/><D62/><N who="3" m="24169" /><G70/><T44/><D89/><U78/><E57/><AGARI ba="0,0" hai="40,42,49,50,54,55,56,57" m="24169,50793" machi="57" ten="30,3900,0" yaku="20,1,34,2" doraHai="123" who="3" fromWho="1" sc="170,0,250,-39,330,0,250,39" /><INIT seed="2,0,0,3,4,12" ten="170,211,330,289" oya="2" hai0="70,125,114,123,9,133,99,130,113,131,18,85,112" hai1="38,94,19,14,16,101,91,80,24,103,78,127,98" hai2="135,86,65,81,71,106,7,27,58,79,20,84,30" hai3="41,45,69,88,4,37,48,52,1,61,97,43,62"/><V108/><F71/><W90/><G1/><T32/><D70/><U21/><E38/><V55/><F65/><W109/><G109/><T126/><D85/><N who="1" m="48279" /><E127/><N who="0" m="48649" /><D99/><U25/><E25/><V96/><F135/><W5/><G69/><T117/><D123/><U110/><E110/><V120/><F120/><W59/><G43/><T56/><D56/><U121/><E121/><V104/><F104/><W44/><G62/><T102/><D102/><U89/><E89/><V83/><F7/><W66/><REACH who="3" step="1"/><G90/><REACH who="3" ten="170,211,330,279" step="2"/><T34/><D133/><U95/><E95/><AGARI ba="0,1" hai="4,5,37,41,44,45,48,52,59,61,66,88,95,97" machi="95" ten="40,8000,1" yaku="1,1,2,1,54,2,53,1" doraHai="12" doraHaiUra="50" who="3" fromWho="1" sc="170,0,211,-80,330,0,279,90" /><INIT seed="3,0,0,5,2,7" ten="170,131,330,369" oya="3" hai0="81,92,22,77,100,73,6,110,8,11,35,79,17" hai1="124,87,97,69,109,68,127,51,19,41,106,76,84" hai2="71,120,85,117,14,67,31,2,23,37,32,34,53" hai3="103,94,12,57,128,20,119,107,59,83,116,130,105"/><W15/><G83/><T72/><D35/><U4/><E4/><V102/><F117/><N who="3" m="45131" /><G94/><T1/><D110/><U118/><E97/><V65/><F102/><W55/><G20/><T98/><D79/><U66/><E76/><V44/><F2/><W93/><G93/><T82/><D82/><U16/><E118/><V96/><F96/><W113/><G55/><T114/><D114/><U26/><E26/><V36/><F53/><W135/><G103/><T64/><D64/><U112/><E41/><V111/><F23/><W75/><G75/><T46/><D46/><U129/><E51/><V25/><F44/><W80/><G80/><T38/><D38/><U101/><E66/><V132/><F85/><W49/><G49/><T123/><D123/><U108/><E101/><V9/><F120/><W104/><G113/><T122/><D122/><U78/><E78/><V13/><F71/><W131/><G135/><T58/><D58/><AGARI ba="0,0" hai="12,15,57,58,59,104,105,107,128,130,131" m="45131" machi="58" ten="50,9600,0" yaku="28,2,19,1" doraHai="7" who="3" fromWho="0" sc="170,-96,131,0,330,0,369,96" /><INIT seed="3,1,0,4,4,31" ten="74,131,330,465" oya="3" hai0="108,21,57,111,122,133,45,29,4,69,89,51,107" hai1="101,46,6,91,88,10,92,35,9,106,113,58,27" hai2="22,118,95,130,32,42,24,94,103,8,1,12,134" hai3="70,80,96,83,39,78,77,11,79,125,124,68,18"/><W97/><G39/><T73/><D107/><U67/><E106/><V123/><F118/><W117/><G18/><T60/><D73/><U43/><E10/><V110/><F134/><W23/><G11/><T25/><D122/><U61/><E113/><V5/><F130/><W127/><G23/><T102/><D69/><N who="3" m="26729" /><G117/><T38/><D102/><U30/><E101/><V109/><F123/><W75/><G75/><T99/><D38/><U132/><E132/><V0/><F103/><W105/><G105/><T26/><D4/><U81/><E81/><AGARI ba="1,0" hai="77,78,79,80,81,83,96,97,124,125,127" m="26729" machi="81" ten="40,7700,0" yaku="28,2,18,1" doraHai="31" who="3" fromWho="1" sc="74,0,131,-80,330,0,465,80" /><INIT seed="3,2,0,5,1,19" ten="74,51,330,545" oya="3" hai0="8,129,55,62,101,110,85,96,77,103,64,57,25" hai1="98,52,14,39,112,109,23,113,49,46,11,134,17" hai2="89,56,117,28,40,1,45,95,93,99,86,31,71" hai3="0,30,42,34,22,16,91,123,72,60,35,47,121"/><W81/><G0/><T58/><D110/><U130/><E109/><V36/><F71/><W7/><G7/><T5/><D129/><U127/><E130/><V61/><F1/><W3/><G3/><T94/><D77/><U80/><E127/><V82/><F117/><W76/><G60/><T119/><D85/><U63/><E134/><V104/><F104/><W128/><G128/><T15/><D119/><U65/><E39/><V4/><F95/><W108/><G108/><T118/><D118/><U115/><E98/><V20/><F4/><W24/><G91/><T29/><D58/><U102/><E102/><V66/><REACH who="2" step="1"/><F20/><REACH who="2" ten="74,51,320,545" step="2"/><W125/><G35/><T120/><D120/><U44/><E23/><V6/><F6/><W135/><G135/><T97/><D103/><AGARI ba="2,1" hai="28,31,36,40,45,56,61,66,82,86,89,93,99,103" machi="103" ten="30,2000,0" yaku="1,1,7,1,53,0" doraHai="19" doraHaiUra="51" who="2" fromWho="0" sc="74,-26,51,0,320,36,545,0" /><INIT seed="4,0,0,3,2,15" ten="48,51,356,545" oya="0" hai0="103,90,105,52,29,51,42,80,117,82,78,130,127" hai1="87,113,65,110,88,99,26,4,11,66,126,106,47" hai2="124,123,59,14,31,109,102,48,33,24,85,128,40" hai3="67,58,115,104,77,95,134,92,108,62,36,1,56"/><T34/><D117/><U83/><E110/><V60/><F123/><W21/><G36/><T54/><D127/><U46/><E126/><V84/><F109/><W5/><G104/><T119/><D119/><U112/><E26/><V76/><F128/><W72/><G108/><T20/><D34/><U69/><E69/><V73/><F73/><W57/><G134/><T25/><D130/><U6/><E6/><V116/><F116/><W120/><G115/><N who="1" m="44106" /><E66/><V12/><F102/><W16/><G120/><T23/><D103/><N who="1" m="62847" /><E65/><V18/><F12/><AGARI ba="0,0" hai="4,11,12,46,47,83,87,88" m="62847,44106" machi="12" ten="30,3900,0" yaku="15,1,11,1,54,1" doraHai="15" who="1" fromWho="2" sc="48,0,51,39,356,-39,545,0" /><INIT seed="5,0,0,0,4,52" ten="48,90,317,545" oya="1" hai0="0,6,34,13,31,25,48,1,23,76,24,74,116" hai1="130,71,22,85,125,100,110,84,5,47,83,19,54" hai2="105,129,127,26,111,97,66,104,119,37,115,90,121" hai3="53,99,10,123,2,133,103,73,15,36,46,38,61"/><U8/><E110/><V32/><RYUUKYOKU type="yao9" ba="0,0" sc="48,0,90,0,317,0,545,0" hai2="26,32,37,66,90,97,104,105,111,115,119,121,127,129" /><INIT seed="5,1,0,1,4,48" ten="48,90,317,545" oya="1" hai0="28,42,110,111,63,80,37,104,74,76,113,29,1" hai1="39,15,0,55,44,53,11,20,45,61,78,24,117" hai2="96,50,133,124,52,87,2,100,66,107,135,127,69" hai3="5,49,4,47,77,25,32,130,38,126,92,35,68"/><U75/><E117/><V119/><F2/><W72/><G68/><T85/><D104/><U115/><E0/><V128/><F119/><W86/><G38/><T71/><D85/><U65/><E115/><V89/><F66/><W91/><G130/><T41/><D113/><U18/><E78/><V30/><F30/><W67/><G126/><N who="2" m="48169" /><F69/><W3/><G67/><T102/><D102/><U51/><E75/><V84/><F89/><W64/><G64/><T59/><D71/><U95/><E39/><V123/><F123/><W60/><G60/><T98/><D98/><U106/><E106/><V17/><F17/><W14/><G3/><T79/><D1/><U132/><E95/><V40/><F40/><W46/><G35/><T73/><D37/><U131/><E132/><N who="2" m="50763" /><F128/><W81/><G46/><AGARI ba="1,0" hai="46,50,52,84,87,96,100,107" m="50763,48169" machi="46" ten="30,7700,0" yaku="18,1,20,1,52,1,54,1" doraHai="48" who="2" fromWho="3" sc="48,0,90,0,317,80,545,-80" /><INIT seed="6,0,0,4,1,127" ten="48,90,397,465" oya="2" hai0="11,33,103,123,2,53,10,121,30,114,97,95,117" hai1="88,120,72,67,25,56,43,6,82,78,118,59,128" hai2="96,41,102,109,76,37,32,19,39,36,42,13,12" hai3="126,50,71,133,9,132,1,55,70,48,14,3,108"/><V110/><F32/><W34/><G34/><T65/><D65/><U86/><E118/><V84/><F76/><W106/><G106/><T125/><D125/><U24/><E43/><V0/><F0/><N who="3" m="75" /><G126/><T80/><D114/><U92/><E6/><V58/><F58/><W49/><G108/><N who="2" m="41577" /><F84/><W129/><G129/><T122/><D2/><U81/><E120/><V94/><F12/><W98/><G98/><T18/><D117/><U68/><E128/><V124/><F124/><W119/><G119/><T44/><D80/><U4/><E4/><V101/><F101/><W31/><G31/><T62/><D30/><U115/><E115/><V54/><F54/><W29/><G29/><T15/><D33/><U93/><E82/><V66/><F66/><W99/><G99/><T85/><D85/><U131/><E93/><V28/><F28/><W74/><G74/><T23/><REACH who="0" step="1"/><D44/><REACH who="0" ten="38,90,397,465" step="2"/><U60/><E131/><V7/><F7/><W87/><G87/><T113/><D113/><U112/><E112/><V83/><F83/><W111/><G111/><T77/><D77/><U21/><E25/><V57/><F57/><AGARI ba="0,1" hai="10,11,15,18,23,53,57,62,95,97,103,121,122,123" machi="57" ten="40,1300,0" yaku="1,1,53,0" doraHai="127" doraHaiUra="20" who="0" fromWho="2" sc="38,23,90,0,397,-13,465,0" /><INIT seed="7,0,0,1,4,67" ten="61,90,384,465" oya="3" hai0="53,121,104,31,111,36,57,87,3,29,66,10,88" hai1="69,5,41,96,82,52,9,128,75,118,109,1,49" hai2="78,80,108,106,20,71,113,4,89,79,47,58,26" hai3="112,77,34,42,14,114,38,132,35,97,134,23,120"/><W2/><G2/><T123/><D36/><U68/><E109/><V8/><F108/><W84/><G97/><T103/><D111/><U16/><E41/><V27/><F113/><N who="3" m="43627" /><G120/><T13/><D3/><U92/><E16/><V32/><F106/><W56/><G56/><T86/><D87/><U40/><E40/><V18/><F58/><W72/><G72/><T44/><D103/><U30/><E30/><V133/><F133/><N who="3" m="51307" /><G42/><T59/><D104/><U19/><E19/><V7/><F47/><W117/><G38/><T93/><D44/><U45/><E128/><V65/><F89/><W98/><G117/><T39/><D39/><U54/><E54/><V28/><F79/><W63/><G63/><N who="0" m="38271" /><D123/><U105/><E105/><V62/><REACH who="2" step="1"/><F8/><REACH who="2" ten="61,90,374,465" step="2"/><W74/><G74/><AGARI ba="0,1" hai="4,7,18,20,26,27,28,32,62,65,71,74,78,80" machi="74" ten="30,7700,0" yaku="1,1,2,1,7,1,52,1,53,0" doraHai="67" doraHaiUra="6" who="2" fromWho="3" sc="61,0,90,0,374,87,465,-77" owari="61,-43.9,90,-31.0,461,56.1,388,18.8" /></mjloggm>