<mjloggm ver="2.3"><GO type="41" lobby="0"/><UN n0="%E3%81%98%E3%82%83%E3%82%93%E3%81%98%E3%82%85%E3%81%98%E3%82%87%E3%82%93" n1="%6D%65%73%73%69%35%31%37" n2="%E2%93%9D%4C%75%63%6B%79%4A" n3="%6E%61%75%74%69%6C%75%73" dan="14,14,18,15" rate="1877.22,1836.70,2220.08,2029.24" sx="M,M,M,F"/><TAIKYOKU oya="0"/><INIT seed="0,0,0,0,5,25" ten="250,250,250,250" oya="0" hai0="65,102,107,38,92,99,84,80,10,114,21,49,106" hai1="98,72,31,47,67,51,115,121,104,85,130,101,103" hai2="105,40,19,24,48,23,55,57,12,36,112,109,94" hai3="86,79,14,35,58,53,93,134,45,22,131,89,87"/><T74/><D38/><U0/><E130/><V41/><F105/><W16/><G131/><T60/><D114/><U116/><E72/><V76/><F112/><W124/><G124/><T64/><D10/><U3/><E67/><V39/><F109/><W100/><G134/><T5/><D5/><U129/><E116/><V1/><F1/><W97/><G35/><T4/><D4/><U11/><E121/><V81/><F39/><W44/><G79/><T122/><D122/><U9/><E103/><V108/><F108/><W77/><G77/><T20/><D74/><U30/><E85/><V90/><F36/><W2/><G2/><T110/><D65/><U62/><E62/><V46/><F46/><W133/><G87/><T63/><D63/><U34/><E129/><V119/><F119/><W26/><G26/><T18/><D21/><U37/><E37/><V117/><F117/><W43/><G43/><T50/><D106/><U28/><E3/><V7/><F7/><W52/><G53/><T82/><D107/><U83/><E0/><V96/><REACH who="2" step="1"/><F24/><REACH who="2" ten="250,250,240,250" step="2"/><W88/><G133/><T42/><D110/><U95/><E115/><V13/><F13/><W120/><G120/><T78/><D82/><U69/><E83/><V27/><F27/><W111/><G111/><T15/><REACH who="0" step="1"/><D42/><REACH who="0" ten="240,250,240,250" step="2"/><U8/><E104/><V29/><F29/><W33/><G33/><T68/><AGARI ba="0,2" hai="15,18,20,49,50,60,64,68,78,80,84,92,99,102" machi="68" ten="20,7800,0" yaku="1,1,2,1,0,1,7,1,53,0" doraHai="25" doraHaiUra="125" who="0" fromWho="0" sc="240,98,250,-26,240,-26,250,-26" /><INIT seed="0,1,0,0,4,15" ten="338,224,214,224" oya="0" hai0="113,71,119,121,124,36,87,96,48,22,20,3,44" hai1="110,85,66,7,114,104,93,107,116,127,130,49,105" hai2="4,54,129,103,83,27,95,72,97,39,128,133,53" hai3="92,88,37,89,17,30,115,24,126,25,122,68,79"/><T117/><D121/><U120/><E110/><V125/><F39/><W12/><G115/><T40/><D113/><U111/><E127/><V50/><F4/><W77/><G126/><T59/><D124/><U84/><E130/><N who="2" m="50283" /><F125/><W82/><G122/><T43/><D3/><U55/><E7/><V16/><F133/><W76/><G68/><T32/><D32/><U100/><E111/><V91/><F50/><W11/><G37/><T109/><D43/><U35/><E35/><V94/><F83/><W18/><G30/><T81/><D109/><U99/><E120/><V23/><F72/><W98/><G82/><T46/><D46/><U60/><E114/><V13/><F27/><N who="3" m="10315" /><G89/><T90/><D71/><U19/><E116/><V75/><F75/><W132/><G132/><T41/><D41/><U65/><E85/><AGARI ba="1,0" hai="13,16,23,53,54,85,91,94,95,97,103" m="50283" machi="85" ten="30,3900,0" yaku="19,1,52,1,54,1" doraHai="15" who="2" fromWho="1" sc="338,0,224,-42,214,42,224,0" /><INIT seed="1,0,0,1,4,82" ten="338,182,256,224" oya="1" hai0="54,38,26,8,68,87,17,124,95,107,13,63,52" hai1="92,45,39,37,130,3,67,49,1,14,77,12,36" hai2="122,115,91,89,111,41,121,22,55,128,25,0,32" hai3="83,135,106,48,112,110,27,4,66,72,57,23,103"/><U21/><E130/><V70/><F70/><W113/><G110/><T11/><D107/><U43/><E67/><V100/><F32/><W104/><G135/><T62/><D38/><U51/><E77/><V127/><F0/><W94/><G4/><T123/><D124/><U59/><E3/><V35/><F41/><W88/><G48/><T33/><D123/><U132/><E132/><V20/><F100/><W10/><G10/><N who="0" m="3627" /><D33/><U79/><E79/><V60/><F35/><W99/><G106/><T7/><D26/><U18/><E1/><V129/><F25/><W74/><G57/><T50/><D7/><U19/><E92/><V30/><F115/><W53/><G53/><N who="0" m="20587" /><D50/><U102/><E51/><V73/><F55/><W118/><G66/><T97/><D87/><U116/><E116/><V85/><F85/><N who="3" m="52495" /><G74/><T47/><D47/><U81/><E39/><V80/><F73/><W31/><G118/><T2/><D2/><U93/><E37/><V76/><F122/><W15/><G15/><T84/><D84/><U78/><E36/><V90/><F121/><W42/><G42/><T34/><D34/><U120/><E120/><V56/><F129/><W114/><G114/><T46/><D46/><U69/><E14/><V9/><F128/><W24/><G24/><T134/><D134/><U61/><E12/><V133/><F133/><W65/><G65/><T29/><D68/><U126/><E69/><V109/><F111/><W131/><G131/><T117/><D117/><U96/><E126/><V125/><F127/><W108/><G108/><T101/><D29/><U71/><E71/><RYUUKYOKU ba="0,0" sc="338,15,182,-15,256,-15,224,15" hai0="13,17,62,63,95,97,101" hai3="23,27,31,72,83,99,103,104,112,113" /><INIT seed="2,1,0,5,5,64" ten="353,167,241,239" oya="2" hai0="42,101,134,127,100,85,108,124,35,95,129,94,78" hai1="99,71,90,39,38,48,8,51,96,24,31,77,49" hai2="98,133,102,9,17,97,113,69,128,44,10,47,72" hai3="21,32,16,1,80,131,68,118,46,130,19,66,65"/><V59/><F113/><W28/><G1/><T93/><D35/><U26/><E77/><V11/><F72/><W33/><G118/><T52/><D42/><U3/><E26/><V37/><F128/><N who="3" m="49195" /><G46/><T43/><D43/><U55/><E71/><V20/><F133/><W92/><G92/><T125/><D129/><U67/><E67/><N who="3" m="25610" /><G68/><T116/><D116/><U107/><E55/><V103/><F69/><W60/><G60/><T110/><D52/><U12/><E3/><V41/><F47/><W114/><G80/><N who="0" m="47255" /><D134/><U14/><E39/><V91/><F59/><W23/><G114/><T122/><D122/><U57/><E38/><V36/><F37/><W15/><G28/><T29/><D29/><U106/><E57/><V126/><F126/><W25/><AGARI ba="1,0" hai="15,16,19,21,23,25,32,33" m="25610,49195" machi="25" ten="30,2000,0" yaku="19,1,54,1" doraHai="64" who="3" fromWho="3" sc="353,-6,167,-6,241,-11,239,23" /><INIT seed="3,0,0,0,5,40" ten="347,161,230,262" oya="3" hai0="24,101,126,89,92,72,121,4,74,23,125,127,52" hai1="43,133,70,114,99,123,16,97,10,67,107,65,56" hai2="19,9,79,118,42,110,32,95,84,27,7,0,68" hai3="36,21,50,115,51,111,100,1,30,61,35,112,80"/><W63/><G36/><T5/><D121/><U106/><E114/><V131/><F68/><W90/><G35/><T71/><D71/><U34/><E133/><V28/><F118/><W13/><G1/><T85/><D101/><U78/><E34/><V103/><F110/><W26/><G111/><T75/><REACH who="0" step="1"/><D52/><REACH who="0" ten="337,161,230,262" step="2"/><U87/><E123/><V124/><F103/><W93/><G100/><T81/><D81/><U73/><E70/><V120/><F120/><W82/><G112/><T44/><D44/><U128/><E106/><V69/><F69/><W94/><G115/><T3/><D3/><U117/><E107/><V83/><F83/><W38/><G82/><T33/><D33/><U113/><E113/><V6/><F0/><W86/><G80/><T14/><D14/><U18/><E117/><V116/><F32/><W77/><G13/><T12/><D12/><U31/><E67/><V29/><F116/><W134/><G63/><T119/><D119/><U22/><E65/><V20/><F79/><W132/><G61/><T135/><D135/><U57/><E56/><V54/><F54/><W102/><G77/><T11/><D11/><U41/><E57/><V47/><F9/><W98/><G132/><T59/><D59/><U76/><E78/><V122/><F122/><W46/><G134/><T58/><D58/><U55/><E76/><V66/><F66/><W37/><G46/><T62/><D62/><U64/><E64/><V91/><F47/><W105/><G105/><T53/><D53/><U39/><E55/><V2/><F2/><W48/><AGARI ba="0,1" hai="21,26,30,37,38,48,50,51,86,90,93,94,98,102" machi="48" ten="30,1500,0" yaku="0,1" doraHai="40" who="3" fromWho="3" sc="337,-5,161,-5,230,-5,262,25" /><INIT seed="3,1,0,2,2,105" ten="332,156,225,287" oya="3" hai0="106,119,38,63,56,118,55,134,111,44,116,79,135" hai1="73,53,100,110,20,96,91,48,65,5,31,57,42" hai2="133,62,92,130,103,64,22,89,45,74,43,86,82" hai3="101,39,94,13,107,122,47,10,70,58,4,40,125"/><W54/><G122/><T32/><D106/><U11/><E110/><V21/><F133/><N who="0" m="50698" /><D32/><U2/><E42/><V126/><F126/><W6/><G125/><T81/><D111/><U33/><E33/><V88/><F103/><W37/><G107/><T85/><D44/><U123/><E65/><V68/><F130/><W23/><G70/><T93/><D93/><U3/><E91/><V78/><REACH who="2" step="1"/><F89/><REACH who="2" ten="332,156,215,287" step="2"/><W24/><G101/><T51/><D38/><AGARI ba="1,1" hai="21,22,38,43,45,62,64,68,74,78,82,86,88,92" machi="38" ten="30,8000,1" yaku="1,1,2,1,7,1,52,1,54,1,53,0" doraHai="105" doraHaiUra="8" who="2" fromWho="0" sc="332,-83,156,0,215,93,287,0" /><INIT seed="4,0,0,2,5,133" ten="249,156,308,287" oya="0" hai0="78,70,67,107,39,110,106,55,10,26,8,59,66" hai1="37,132,131,45,109,64,93,40,117,82,50,103,48" hai2="81,58,101,7,13,135,44,31,30,65,0,34,120" hai3="19,77,21,89,72,24,97,12,3,134,54,60,23"/><T62/><D39/><U5/><E109/><V41/><F120/><W85/><G3/><T87/><D67/><U46/><E132/><V63/><F0/><W68/><G134/><T115/><D110/><U126/><E5/><V91/><F101/><W102/><G77/><T73/><D73/><U61/><E82/><V53/><F34/><W29/><G72/><T121/><D121/><U112/><E93/><V116/><F116/><W20/><G54/><T98/><D115/><U17/><E17/><V124/><F124/><W22/><G60/><T6/><D26/><U128/><E103/><V52/><F135/><W79/><G68/><T35/><D98/><U69/><E117/><V119/><F41/><W80/><REACH who="3" step="1"/><G79/><REACH who="3" ten="249,156,308,277" step="2"/><T127/><D70/><U94/><E112/><V92/><F53/><W111/><G111/><T125/><D55/><N who="1" m="30095" /><E126/><N who="0" m="48137" /><D107/><AGARI ba="0,1" hai="12,19,20,21,22,23,24,29,80,85,89,97,102,107" machi="107" ten="30,3900,0" yaku="1,1,7,1,53,1" doraHai="133" doraHaiUra="11" who="3" fromWho="0" sc="249,-39,156,0,308,0,277,49" /><INIT seed="5,0,0,3,5,83" ten="210,156,308,326" oya="1" hai0="40,70,9,104,88,7,17,45,71,113,12,89,11" hai1="21,111,49,74,101,37,107,114,2,93,66,13,31" hai2="52,134,122,65,36,39,109,68,78,19,6,60,67" hai3="123,32,127,18,108,110,14,23,91,135,94,56,0"/><U103/><E114/><V59/><F6/><W50/><G123/><T62/><D104/><U28/><E74/><V25/><F78/><W80/><G0/><T115/><D71/><U112/><E37/><N who="2" m="14411" /><F19/><W92/><G32/><T54/><D70/><U43/><E112/><V106/><F25/><W124/><G135/><T85/><D89/><U38/><E2/><V119/><F106/><W95/><G50/><T48/><D62/><U29/><E38/><V34/><F34/><W69/><G56/><T10/><D40/><U128/><E107/><V125/><F119/><W133/><G69/><T63/><D63/><U99/><E111/><V46/><F125/><N who="3" m="48203" /><G133/><T55/><D55/><U84/><E66/><N who="2" m="41031" /><F122/><W5/><G5/><T81/><D9/><U131/><E101/><V120/><F109/><W130/><G130/><N who="1" m="49706" /><E13/><AGARI ba="0,0" hai="7,10,11,12,13,17,45,48,54,81,85,88,113,115" machi="13" ten="40,8000,1" yaku="25,2,52,1,54,1" doraHai="83" who="0" fromWho="1" sc="210,80,156,-80,308,0,326,0" /><INIT seed="6,0,0,0,0,112" ten="290,76,308,326" oya="2" hai0="130,17,86,41,97,117,48,71,6,5,127,59,73" hai1="47,27,69,96,104,37,44,0,135,52,70,13,81" hai2="82,1,28,4,101,50,87,119,111,22,74,76,2" hai3="72,113,116,64,85,20,120,18,65,115,95,12,3"/><V68/><F68/><W107/><G120/><T25/><D73/><U83/><E135/><V35/><F22/><W36/><G107/><T31/><D71/><U51/><E0/><V129/><F50/><W128/><G72/><T55/><D127/><U124/><E124/><V29/><F29/><W118/><G3/><N who="2" m="1033" /><F87/><W8/><G128/><T99/><D17/><U105/><E69/><V78/><F78/><W42/><G20/><T58/><D86/><U75/><E70/><V94/><F94/><W54/><G54/><T11/><D41/><U26/><E104/><V46/><F101/><W121/><G121/><T90/><D59/><U103/><E13/><V79/><F79/><W40/><G36/><T30/><D30/><U57/><E75/><V45/><F4/><W88/><G42/><T66/><D6/><U14/><E14/><V34/><F129/><W21/><G21/><T43/><D43/><U80/><REACH who="1" step="1"/><E37/><REACH who="1" ten="290,66,308,326" step="2"/><V49/><F74/><W109/><G115/><T53/><D130/><U102/><E102/><V93/><F35/><W100/><G113/><T62/><D25/><AGARI ba="0,1" hai="25,26,27,44,47,51,52,57,80,81,83,96,103,105" machi="25" ten="40,2600,0" yaku="1,1,54,1,53,0" doraHai="112" doraHaiUra="106" who="1" fromWho="0" sc="290,-26,66,36,308,0,326,0" /><INIT seed="7,0,0,0,4,86" ten="264,102,308,326" oya="3" hai0="15,12,80,46,53,116,64,97,8,99,121,27,55" hai1="61,81,87,114,67,66,123,44,92,77,104,117,68" hai2="32,105,88,33,11,124,34,43,118,131,134,7,115" hai3="95,59,42,120,14,37,110,24,13,112,107,60,90"/><W98/><G120/><T58/><D121/><U5/><E104/><V52/><F105/><W102/><G112/><T62/><D116/><U0/><E114/><V113/><F118/><W72/><G72/><T25/><D15/><U128/><E123/><V132/><F43/><W19/><G110/><T17/><D55/><U16/><E117/><V133/><F131/><W10/><G42/><T75/><D75/><U29/><E29/><V26/><F124/><W48/><G37/><T22/><D27/><U96/><E128/><V38/><F38/><W119/><G119/><T35/><D35/><U79/><E44/><V41/><F41/><W82/><G48/><T18/><D46/><U69/><E5/><V129/><F129/><W125/><G125/><T78/><REACH who="0" step="1"/><D64/><REACH who="0" ten="254,102,308,326" step="2"/><U51/><E0/><N who="2" m="487" /><F52/><N who="3" m="33895" /><G107/><T30/><D30/><U4/><E4/><V71/><F26/><W84/><G14/><T63/><D63/><U70/><E51/><V65/><F115/><W57/><G24/><T94/><D94/><U21/><E67/><V108/><F113/><W126/><G126/><T76/><D76/><U20/><E79/><V130/><F130/><W54/><G54/><T39/><D39/><U109/><E109/><V36/><F36/><W74/><G74/><T31/><D31/><U9/><E9/><V56/><F108/><W100/><G57/><T91/><D91/><AGARI ba="0,1" hai="10,13,19,82,84,90,91,95,98,100,102" m="33895" machi="91" ten="30,11600,0" yaku="8,1,52,2,54,1" doraHai="86" who="3" fromWho="0" sc="254,-116,102,0,308,0,326,126" owari="138,-26.2,102,-39.8,308,10.8,452,55.2" /></mjloggm>