<mjloggm ver="2.3"><GO type="41" lobby="0"/><UN n0="%E4%BD%BF%E3%81%88%E3%81%AA%E3%81%84%E7%94%B7%E3%80%82" n1="%E3%82%84%E3%82%8B%E3%81%8A%44%65%61%74%68" n2="%E2%93%9D%4C%75%63%6B%79%4A" n3="%68%61%74%6F%70%6F" dan="13,13,18,14" rate="1859.80,1902.81,2161.14,2017.64" sx="M,M,M,M"/><TAIKYOKU oya="0"/><INIT seed="0,0,0,0,2,82" ten="250,250,250,250" oya="0" hai0="27,119,14,135,44,45,84,19,95,77,35,108,88" hai1="66,23,134,116,130,90,97,96,127,50,36,93,21" hai2="92,98,12,28,125,70,121,113,112,129,60,51,72" hai3="81,86,75,128,126,5,41,118,89,78,0,105,15"/><T13/><D119/><U107/><E36/><V132/><F72/><W2/><G118/><T8/><D108/><U26/><E116/><V16/><F121/><W103/><G126/><T43/><D135/><U69/><E127/><V114/><F125/><W52/><G41/><T49/><D77/><U111/><E134/><V115/><F28/><W122/><G122/><T94/><D35/><U76/><E130/><V56/><F132/><W67/><G67/><T30/><D30/><U106/><E111/><V120/><F70/><W42/><G42/><T61/><D61/><U124/><E124/><V85/><F51/><W91/><G128/><T64/><D64/><U79/><E23/><V40/><F40/><W22/><G91/><T59/><D59/><U80/><E50/><V71/><F71/><W31/><G31/><T10/><D27/><U131/><E131/><V57/><F120/><W18/><G5/><N who="0" m="3215" /><D45/><U102/><E107/><V46/><F46/><W65/><G65/><T29/><D29/><U48/><E48/><V39/><F129/><W87/><G52/><T47/><D47/><U20/><E20/><N who="2" m="11271" /><F115/><W4/><G4/><T32/><D32/><U33/><E33/><V123/><F123/><W62/><G62/><T74/><D74/><U110/><E110/><V104/><F60/><W38/><G75/><T68/><D68/><U6/><E66/><V7/><F7/><W25/><G25/><T133/><D133/><U11/><E69/><V117/><F117/><W83/><G38/><T34/><D34/><U101/><E106/><V17/><F39/><W24/><G24/><RYUUKYOKU ba="0,0" sc="250,15,250,-15,250,-15,250,15" hai0="10,14,19,43,44,49,84,88,94,95" hai3="0,2,15,18,22,78,81,83,86,87,89,103,105" /><INIT seed="0,1,0,2,4,87" ten="265,235,235,265" oya="0" hai0="127,50,40,33,60,122,121,20,35,28,90,41,107" hai1="65,25,81,108,83,135,21,67,132,94,71,120,78" hai2="19,133,22,61,13,74,75,11,9,26,116,3,62" hai3="8,47,29,36,51,0,43,96,113,10,80,126,37"/><T1/><D107/><U125/><E120/><V130/><F130/><W6/><G113/><T57/><D1/><U39/><E39/><V105/><F105/><W16/><G126/><T99/><D127/><U106/><E106/><V38/><F38/><W63/><G29/><T64/><D35/><U86/><E125/><V56/><F62/><W118/><G118/><T52/><D33/><U128/><E128/><V129/><F129/><W124/><G124/><T123/><D20/><U114/><E114/><V97/><F133/><N who="1" m="51273" /><E108/><V109/><F97/><W119/><G119/><T110/><D28/><N who="1" m="17455" /><E94/><V112/><F109/><W12/><G96/><T76/><D76/><N who="1" m="46375" /><E71/><V45/><F112/><W89/><G63/><T115/><D110/><U68/><E68/><V44/><F116/><W131/><G131/><T53/><D115/><U32/><E32/><V111/><F111/><W4/><G4/><T27/><D27/><U117/><E117/><V72/><F3/><W100/><G100/><T93/><REACH who="0" step="1"/><D64/><REACH who="0" ten="255,235,235,265" step="2"/><U102/><E102/><V5/><REACH who="2" step="1"/><F11/><REACH who="2" ten="255,235,225,265" step="2"/><W95/><REACH who="3" step="1"/><G95/><REACH who="3" ten="255,235,225,255" step="2"/><T66/><D66/><AGARI ba="1,3" hai="5,9,13,19,22,26,44,45,56,61,66,72,74,75" machi="66" ten="40,5200,0" yaku="1,1,2,1,53,1" doraHai="87" doraHaiUra="58" who="2" fromWho="0" sc="255,-55,235,0,225,85,255,0" /><INIT seed="1,0,0,0,5,111" ten="200,235,310,255" oya="1" hai0="13,79,87,67,108,34,106,113,101,86,54,133,94" hai1="82,46,38,110,77,92,83,22,16,71,2,61,117" hai2="51,105,48,69,7,41,78,90,126,44,21,115,5" hai3="18,122,116,8,43,10,102,1,57,114,93,132,4"/><U42/><E117/><V100/><F69/><W63/><G122/><T75/><D34/><U11/><E110/><V109/><F109/><W12/><G116/><T19/><D67/><U104/><E104/><V27/><F78/><W76/><G132/><T124/><D108/><U119/><E119/><V66/><F126/><W135/><G135/><T73/><D124/><U28/><E28/><V95/><F66/><W60/><G43/><T68/><D68/><U107/><E107/><V53/><F100/><W3/><G76/><T20/><D133/><U29/><E29/><V55/><F115/><W91/><G102/><T52/><D106/><U130/><E130/><V134/><F105/><W36/><G36/><T80/><D113/><U125/><E125/><V30/><F134/><W118/><G63/><T6/><D6/><N who="1" m="1495" /><E82/><V59/><REACH who="2" step="1"/><F41/><REACH who="2" ten="200,235,300,255" step="2"/><W64/><G118/><T50/><D54/><U127/><E127/><V65/><F65/><W129/><G129/><T26/><D26/><N who="1" m="14663" /><E71/><V15/><F15/><W40/><G40/><T33/><D33/><U9/><E9/><V97/><AGARI ba="0,1" hai="5,7,21,27,30,44,48,51,53,55,59,90,95,97" machi="97" ten="20,5200,0" yaku="1,1,0,1,7,1,8,1,53,0" doraHai="111" doraHaiUra="98" who="2" fromWho="2" sc="200,-13,235,-26,300,62,255,-13" /><INIT seed="2,0,0,1,0,4" ten="187,209,362,242" oya="2" hai0="1,81,18,10,82,58,32,90,119,56,84,78,96" hai1="116,108,68,23,89,59,79,71,39,131,114,113,11" hai2="87,7,73,26,57,50,51,83,49,61,54,129,3" hai3="77,60,115,125,107,123,19,74,25,63,29,34,46"/><V133/><F73/><W93/><G123/><T69/><D69/><U126/><E116/><V95/><F129/><W30/><G107/><T106/><D119/><U75/><E39/><V76/><F133/><W12/><G115/><T97/><D32/><U127/><E11/><V55/><F3/><W36/><G125/><N who="1" m="47626" /><E131/><V47/><F7/><W62/><G29/><T44/><D1/><U41/><E41/><V103/><REACH who="2" step="1"/><F26/><REACH who="2" ten="187,209,352,242" step="2"/><W122/><G122/><T35/><D35/><U33/><E75/><V86/><F86/><W8/><G74/><T0/><D0/><U45/><E33/><V14/><F14/><W124/><G124/><T117/><D117/><U15/><E114/><V99/><AGARI ba="0,1" hai="47,49,50,51,54,55,57,61,76,83,87,95,99,103" machi="99" ten="30,6000,0" yaku="1,1,0,1,8,1,53,0" doraHai="4" doraHaiUra="64" who="2" fromWho="2" sc="187,-20,209,-20,352,70,242,-20" /><INIT seed="2,1,0,3,2,133" ten="167,189,422,222" oya="2" hai0="64,76,92,124,122,60,51,81,66,74,97,101,110" hai1="98,87,19,127,67,90,120,45,50,53,80,46,52" hai2="102,75,62,134,35,82,83,44,8,15,123,18,121" hai3="54,47,132,126,24,99,68,71,135,1,89,33,28"/><V61/><F35/><W30/><G1/><T2/><D122/><U108/><E120/><V11/><F134/><N who="3" m="51243" /><G126/><T109/><D2/><U84/><E108/><N who="0" m="41577" /><D51/><U112/><E112/><V131/><F102/><W16/><G28/><T21/><D21/><U79/><E67/><N who="0" m="25641" /><D60/><U114/><E114/><V37/><F75/><W100/><G89/><T41/><D41/><U96/><E127/><AGARI ba="1,0" hai="74,76,81,92,97,101,124,127" m="25641,41577" machi="127" ten="30,3900,0" yaku="14,1,52,2" doraHai="133" who="0" fromWho="1" sc="167,42,189,-42,422,0,222,0" /><INIT seed="3,0,0,1,0,75" ten="209,147,422,222" oya="3" hai0="70,135,108,118,40,6,72,132,131,128,79,88,87" hai1="93,3,47,104,2,39,10,21,90,82,29,45,13" hai2="123,12,42,77,53,44,5,113,129,64,78,22,96" hai3="1,92,84,48,38,116,115,18,83,110,51,109,65"/><W16/><G38/><T102/><D70/><U11/><E104/><V57/><F113/><W134/><G1/><T95/><D6/><U80/><E39/><V25/><F129/><N who="0" m="49738" /><D40/><U99/><E2/><V105/><F123/><W97/><G115/><T26/><D26/><N who="1" m="16591" /><E3/><V59/><F105/><W120/><G65/><T34/><D34/><U27/><E27/><V23/><F96/><W122/><G116/><T41/><D41/><U73/><E73/><V103/><F103/><W35/><G35/><T100/><D118/><U49/><E45/><V7/><F42/><W24/><G134/><N who="0" m="51243" /><D108/><N who="3" m="41577" /><G24/><T101/><D72/><U107/><E107/><V43/><F43/><W119/><G119/><T31/><D31/><U33/><E33/><V28/><F44/><W50/><G122/><T20/><D20/><U30/><E30/><V69/><F69/><W58/><G120/><T17/><D17/><N who="1" m="8375" /><E11/><N who="2" m="4223" /><F23/><W89/><G58/><T19/><D19/><U94/><E93/><V8/><F8/><W112/><G112/><T46/><D46/><U63/><E63/><N who="2" m="38015" /><F5/><W32/><G32/><T61/><D61/><AGARI ba="0,0" hai="22,25,28,53,57,61,77,78" m="38015,4223" machi="61" ten="30,3900,0" yaku="8,1,52,2" doraHai="75" who="2" fromWho="0" sc="209,-39,147,0,422,39,222,0" /><INIT seed="4,0,0,3,1,41" ten="170,147,461,222" oya="0" hai0="33,98,87,88,52,104,9,69,5,18,40,28,129" hai1="11,12,23,16,7,8,49,42,13,82,72,3,64" hai2="86,21,131,134,130,91,126,124,114,6,68,108,34" hai3="101,35,120,74,107,57,50,76,135,116,133,15,53"/><T93/><D69/><U119/><E119/><V46/><F34/><W78/><G35/><T83/><D129/><N who="2" m="49162" /><F6/><W59/><G116/><T24/><D18/><U31/><E64/><V44/><F108/><W45/><G120/><T92/><D40/><U121/><E121/><V71/><F114/><W89/><G89/><T79/><D93/><U62/><E62/><V122/><F134/><N who="3" m="51211" /><G15/><T77/><D104/><U32/><E72/><V94/><F21/><W43/><G59/><T38/><D38/><U111/><E82/><V99/><F122/><W26/><G26/><T65/><D65/><U97/><E97/><V25/><F25/><W115/><G74/><T51/><D5/><N who="1" m="1087" /><E49/><V70/><F99/><N who="3" m="61887" /><G115/><T10/><D79/><U67/><E67/><V19/><F19/><W110/><G110/><T95/><D95/><U58/><E58/><AGARI ba="0,0" hai="9,10,24,28,33,51,52,58,77,83,87,88,92,98" machi="58" ten="30,5800,0" yaku="7,1,54,2" doraHai="41" who="0" fromWho="1" sc="170,58,147,-58,461,0,222,0" /><INIT seed="4,1,0,5,0,122" ten="228,89,461,222" oya="0" hai0="100,95,77,124,98,12,20,102,63,18,81,1,112" hai1="60,82,89,105,54,3,79,113,37,66,16,13,127" hai2="108,106,86,70,114,75,87,8,22,61,117,28,115" hai3="97,69,39,21,91,84,78,67,134,116,17,5,133"/><T7/><D112/><N who="2" m="43050" /><F75/><W62/><G116/><T41/><D124/><U14/><E37/><V118/><F106/><W57/><G39/><T2/><D41/><U32/><E3/><V74/><F74/><W45/><G5/><T47/><D47/><U72/><E32/><V23/><F8/><W38/><G78/><T27/><D102/><U131/><E105/><V126/><F28/><W132/><G97/><T11/><REACH who="0" step="1"/><D63/><REACH who="0" ten="218,89,461,222" step="2"/><U15/><E127/><V128/><F61/><W80/><G45/><T65/><D65/><U64/><E113/><V111/><F126/><W31/><G38/><T42/><D42/><U44/><E131/><V50/><F128/><W52/><G31/><T109/><D109/><N who="2" m="42058" /><F118/><W93/><G69/><T53/><D53/><U48/><E89/><V119/><F119/><W110/><G110/><T129/><D129/><U0/><E0/><V59/><F117/><W83/><REACH who="3" step="1"/><G67/><REACH who="3" ten="218,89,461,212" step="2"/><T73/><AGARI ba="1,2" hai="1,2,7,11,12,18,20,27,73,77,81,95,98,100" machi="73" ten="20,3900,0" yaku="1,1,0,1,7,1,53,0" doraHai="122" doraHaiUra="51" who="0" fromWho="0" sc="218,62,89,-14,461,-14,212,-14" /><INIT seed="4,2,0,1,1,28" ten="280,75,447,198" oya="0" hai0="30,75,69,3,125,47,20,49,115,105,119,134,79" hai1="70,26,27,122,10,129,39,56,7,52,81,91,104" hai2="24,118,60,113,88,80,97,2,51,86,1,64,126" hai3="22,116,87,13,111,63,57,108,53,84,100,8,61"/><T99/><D119/><U120/><E104/><V37/><F37/><W42/><G116/><T106/><D3/><U121/><E70/><V35/><F118/><W135/><G135/><T14/><D69/><U33/><E39/><V132/><F132/><W34/><G34/><T77/><D134/><U128/><E81/><V4/><F113/><W67/><G42/><T6/><D115/><U58/><E91/><V62/><F62/><W74/><G74/><T50/><D50/><U130/><E56/><V89/><F126/><W44/><G100/><T82/><D79/><U98/><E98/><V72/><F4/><W0/><G0/><T124/><D99/><U45/><E45/><V43/><F72/><W21/><G111/><T29/><D29/><U68/><E68/><V117/><F2/><W95/><G108/><T110/><D110/><U11/><E11/><V101/><F1/><W93/><G44/><T112/><D112/><U40/><E40/><V59/><F43/><W109/><G109/><T96/><D96/><U41/><E41/><V85/><F51/><W18/><G95/><T66/><D66/><U127/><E127/><N who="0" m="48713" /><D30/><N who="1" m="19671" /><E27/><V15/><F24/><W107/><G107/><T17/><D6/><U32/><E32/><V12/><F35/><W46/><G46/><T65/><D65/><U92/><E92/><N who="2" m="58535" /><F117/><W25/><G93/><AGARI ba="2,0" hai="12,15,59,60,64,80,85,86,88,89,93" m="58535" machi="93" ten="30,2000,0" yaku="8,1,54,1" doraHai="28" who="2" fromWho="3" sc="280,0,75,0,447,26,198,-26" /><INIT seed="5,0,0,4,3,30" ten="280,75,473,172" oya="1" hai0="14,23,66,75,42,108,130,127,13,67,105,29,41" hai1="19,110,52,12,80,123,22,57,5,35,47,129,26" hai2="72,78,55,107,87,7,97,100,27,70,77,18,44" hai3="9,114,15,102,82,31,119,33,117,11,86,0,68"/><U116/><E123/><V46/><F70/><W49/><G68/><T34/><D34/><U2/><E116/><N who="3" m="44618" /><G102/><T37/><D108/><U74/><E110/><V39/><F7/><N who="3" m="1255" /><G49/><T43/><D37/><U109/><E109/><V10/><F72/><W104/><G104/><T45/><D105/><U93/><E93/><V83/><F78/><W64/><G64/><N who="0" m="24619" /><D75/><U16/><E129/><V121/><F121/><W131/><G86/><T65/><D130/><U91/><E74/><V132/><F132/><W25/><G82/><T6/><D127/><U21/><E47/><V3/><F46/><W79/><G79/><T28/><D45/><U113/><E113/><V99/><F44/><W111/><G131/><T103/><D103/><U56/><E56/><V76/><F77/><W84/><G84/><T50/><D50/><U88/><E80/><V126/><F100/><W112/><G111/><T63/><D63/><N who="1" m="36263" /><E35/><V135/><F107/><W85/><G85/><T89/><D65/><U73/><E73/><V98/><F76/><W118/><N who="3" m="44626" /><W58/><DORA hai="1" /><G58/><T96/><D96/><U8/><E2/><V32/><F99/><W59/><G59/><T115/><D89/><N who="1" m="34379" /><E22/><V36/><F98/><W122/><G122/><T38/><D38/><N who="2" m="14378" /><F97/><W94/><G94/><T90/><D90/><U128/><E128/><V101/><F101/><W133/><G133/><T40/><D40/><U48/><E48/><V51/><F51/><W71/><G71/><T134/><D134/><U20/><E20/><N who="2" m="13719" /><F135/><W106/><G106/><T54/><D43/><U61/><E61/><V62/><F62/><RYUUKYOKU ba="0,0" sc="280,-15,75,15,473,-15,172,15" hai1="5,8,12,16,19,21,26" hai3="11,15,25,31,33,112,114" /><INIT seed="5,1,0,4,0,76" ten="265,90,458,187" oya="1" hai0="35,58,60,27,69,66,51,11,128,54,46,53,52" hai1="59,36,89,33,74,3,55,39,67,57,99,114,0" hai2="1,108,131,115,24,119,97,121,29,116,41,71,28" hai3="2,135,50,130,16,32,61,68,98,63,91,48,4"/><U62/><E33/><V126/><F41/><W73/><G32/><T77/><D11/><U105/><E74/><V86/><F71/><W133/><G73/><T34/><D128/><U82/><E114/><V81/><F121/><W21/><G130/><T15/><D15/><U6/><E6/><V17/><F108/><W84/><G98/><T49/><D77/><U14/><E14/><V38/><F38/><W109/><G109/><T23/><REACH who="0" step="1"/><D54/><REACH who="0" ten="255,90,458,187" step="2"/><U25/><E25/><V107/><F24/><N who="3" m="14375" /><G2/><T94/><D94/><U22/><E22/><V45/><F131/><W101/><G4/><T8/><D8/><U72/><E39/><V134/><F1/><W85/><G68/><T43/><D43/><U44/><E36/><V47/><F119/><W40/><G40/><T88/><D88/><U129/><E129/><V70/><F116/><W123/><G123/><T7/><D7/><U64/><E0/><V125/><F115/><W112/><G101/><T13/><D13/><U111/><E3/><V5/><F5/><W120/><G120/><T56/><D56/><U90/><E111/><V9/><F9/><W103/><G103/><T12/><D12/><U20/><E90/><V83/><F70/><W92/><G112/><T106/><D106/><U19/><E89/><V124/><F107/><W75/><G75/><T42/><D42/><U127/><E105/><V65/><F126/><W93/><G93/><T132/><D132/><N who="3" m="50761" /><G84/><T30/><AGARI ba="1,1" hai="23,27,30,34,35,46,49,51,52,53,58,60,66,69" machi="30" ten="20,5200,0" yaku="1,1,0,1,7,1,54,1,53,0" doraHai="76" doraHaiUra="78" who="0" fromWho="0" sc="255,65,90,-27,458,-14,187,-14" /><INIT seed="6,0,0,0,1,39" ten="320,63,444,173" oya="2" hai0="76,115,12,93,125,45,57,17,105,60,42,2,90" hai1="6,80,22,116,52,122,21,0,53,51,120,62,81" hai2="9,79,8,102,61,85,32,96,128,118,55,65,126" hai3="82,29,4,38,127,134,119,91,68,133,27,100,112"/><V11/><F118/><W131/><G68/><T43/><D105/><U64/><E6/><V103/><F32/><W36/><G119/><T75/><D2/><U98/><E0/><V77/><F128/><W23/><G131/><T87/><D125/><U110/><E110/><V132/><F126/><W41/><G127/><T58/><D115/><U69/><E98/><V37/><F37/><W113/><G100/><T135/><D135/><N who="3" m="51721" /><G4/><T89/><D58/><U1/><E1/><V114/><F114/><N who="3" m="44139" /><G41/><T14/><D45/><U107/><E107/><V34/><F103/><W33/><G33/><T109/><D109/><U121/><E116/><V117/><F34/><W72/><G91/><T101/><D101/><U50/><E81/><V56/><F117/><W73/><G82/><T18/><D90/><U3/><E80/><V35/><F35/><W13/><G13/><T15/><D75/><AGARI ba="0,0" hai="23,27,29,36,38,72,73,75" m="44139,51721" machi="75" ten="40,5200,0" yaku="20,1,15,1,11,1" doraHai="39" who="3" fromWho="0" sc="320,-52,63,0,444,0,173,52" /><INIT seed="7,0,0,3,4,120" ten="268,63,444,225" oya="3" hai0="28,70,2,31,79,118,123,85,67,117,4,49,35" hai1="32,34,40,46,15,134,101,13,38,44,100,24,80" hai2="21,78,96,43,88,131,73,121,66,107,6,58,56" hai3="127,36,1,0,8,133,122,9,83,128,71,72,63"/><W29/><G122/><T103/><D123/><U104/><E24/><V124/><F6/><W110/><G29/><T115/><D103/><U98/><E80/><V25/><F124/><W53/><G36/><T18/><D115/><U92/><E92/><V23/><F131/><W125/><G128/><T75/><D75/><U87/><E87/><V33/><F43/><W77/><G133/><T62/><D18/><U105/><E98/><V14/><F66/><N who="3" m="41439" /><G53/><T51/><D4/><U102/><E40/><V20/><F33/><W69/><G69/><T76/><D2/><N who="3" m="1129" /><G110/><T86/><D70/><U82/><E82/><V39/><F39/><W59/><G59/><T95/><D95/><U27/><E27/><V17/><F58/><W114/><G114/><T116/><D116/><U94/><E94/><N who="2" m="56391" /><F56/><W10/><G10/><T109/><D35/><U132/><E38/><V5/><F121/><W12/><G12/><T47/><D47/><U129/><REACH who="1" step="1"/><E102/><REACH who="1" ten="268,53,444,225" step="2"/><V108/><F25/><W93/><G93/><T89/><D89/><U68/><E68/><V64/><F14/><W45/><G45/><T65/><D62/><U54/><E54/><V3/><F3/><W42/><G42/><T113/><D67/><U48/><E48/><V81/><F64/><W97/><G97/><T26/><D65/><U37/><E37/><V52/><F52/><W30/><G30/><T7/><D31/><U112/><E112/><V106/><F5/><W60/><G60/><T57/><D113/><U91/><E91/><V74/><F17/><W119/><G119/><T126/><D118/><U99/><E99/><RYUUKYOKU ba="0,1" sc="268,-15,53,15,444,-15,225,15" hai1="13,15,32,34,44,46,100,101,104,105,129,132,134" hai3="8,9,72,77,83,125,127" /><INIT seed="7,1,1,5,2,64" ten="253,68,429,240" oya="3" hai0="32,19,59,25,80,135,116,117,134,11,8,46,100" hai1="63,77,42,39,22,121,14,112,69,27,118,84,108" hai2="122,4,58,126,119,105,68,85,131,49,132,81,103" hai3="97,2,127,89,99,62,125,120,79,16,55,13,57"/><W65/><G2/><T34/><D100/><U35/><E108/><V45/><F68/><W61/><G79/><T60/><D46/><U102/><E121/><V128/><F4/><W73/><G73/><T26/><D80/><U96/><E84/><V67/><F126/><N who="3" m="48139" /><G120/><T36/><D36/><U110/><E77/><V43/><F119/><N who="0" m="45642" /><D59/><U38/><E110/><V113/><F113/><W74/><G74/><T48/><D48/><U101/><E118/><V3/><F3/><W111/><G89/><T92/><D92/><U29/><E14/><V33/><F122/><W83/><G83/><T115/><D60/><U107/><E22/><V1/><F1/><W124/><N who="3" m="48147" /><W76/><DORA hai="53" /><G76/><T6/><D115/><U90/><E90/><V133/><F81/><W75/><G75/><T37/><D37/><U40/><E112/><V54/><F131/><W41/><G41/><T109/><D109/><U72/><E42/><V91/><F91/><W28/><G28/><T20/><D11/><U94/><E72/><V31/><F43/><W17/><G111/><T130/><D130/><U78/><E78/><V93/><F128/><W88/><G88/><T0/><D34/><U51/><E51/><V21/><F33/><W82/><G82/><T95/><D95/><U52/><E40/><V9/><F93/><W71/><G17/><T18/><D18/><U106/><E52/><V129/><F129/><W56/><G71/><T66/><D66/><N who="1" m="41183" /><E94/><V86/><F86/><W50/><G62/><T12/><D32/><U5/><E5/><V98/><F85/><W15/><G16/><RYUUKYOKU ba="1,1" sc="253,10,68,10,429,-30,240,10" hai0="0,6,8,12,19,20,25,26,134,135" hai1="27,29,35,38,39,96,101,102,106,107" hai3="13,15,50,55,56,57,61,65,97,99" /><INIT seed="7,2,1,3,2,124" ten="263,78,399,250" oya="3" hai0="113,85,14,135,131,44,60,13,78,111,75,98,34" hai1="81,10,73,49,36,67,70,51,20,109,115,129,108" hai2="121,84,92,125,25,68,101,3,103,48,97,18,22" hai3="71,130,28,7,116,45,23,41,82,64,104,32,76"/><W50/><G32/><T123/><D34/><U24/><E20/><V8/><F68/><W99/><G116/><T105/><D111/><U110/><E24/><V120/><F125/><W59/><G71/><T21/><D123/><N who="2" m="47178" /><F84/><N who="3" m="48199" /><G130/><T122/><D122/><U91/><E81/><V39/><F39/><W100/><G104/><T12/><D75/><U4/><E73/><V11/><F3/><W0/><G0/><T27/><D131/><U16/><E4/><V57/><F103/><W87/><G7/><T58/><D113/><U15/><E36/><V43/><F57/><W66/><G87/><T5/><D44/><AGARI ba="2,1" hai="8,11,18,22,25,43,44,48,92,97,101" m="47178" machi="44" ten="30,1000,0" yaku="13,1" doraHai="124" who="2" fromWho="0" sc="263,-16,78,0,399,26,250,0" owari="247,-15.3,78,-42.2,425,52.5,250,5.0" /></mjloggm>