<mjloggm ver="2.3"><GO type="41" lobby="0"/><UN n0="%E3%81%AA%E3%82%93%E3%81%A7%E4%BF%BA%E3%81%A0%E3%81%91" n1="%E2%93%9D%4C%75%63%6B%79%4A" n2="%EF%BC%88%63%68%61%6F%EF%BC%89" n3="%53%68%69%6E%43%68%69" dan="13,16,13,14" rate="1815.78,2155.51,1857.55,1841.00" sx="M,M,M,M"/><TAIKYOKU oya="0"/><INIT seed="0,0,0,3,2,60" ten="250,250,250,250" oya="0" hai0="52,15,26,59,42,130,72,111,12,68,24,57,3" hai1="114,129,36,106,7,39,81,2,63,45,38,48,37" hai2="43,61,0,132,62,19,83,124,14,18,85,46,113" hai3="44,25,23,107,120,121,90,32,92,131,41,115,6"/><T91/><D3/><U54/><E106/><V73/><F124/><W20/><G107/><T58/><D68/><U125/><N who="1" m="9216" /><DORA hai="86" /><U35/><E35/><V80/><F132/><W103/><G103/><T70/><D70/><U112/><E81/><V16/><F0/><W34/><G6/><T40/><D72/><U117/><E7/><V76/><F113/><N who="1" m="43625" /><E2/><V71/><F71/><W102/><G102/><T21/><D26/><U126/><E117/><V77/><REACH who="2" step="1"/><F14/><REACH who="2" ten="250,250,240,250" step="2"/><W98/><G115/><T97/><D12/><U13/><E13/><V5/><F5/><W9/><G120/><T27/><D15/><U123/><E123/><V95/><F95/><W108/><G121/><T96/><D130/><U69/><E129/><V118/><F118/><W10/><G131/><T116/><D116/><U28/><E28/><V135/><F135/><W64/><G9/><T1/><D1/><U134/><E134/><V110/><F110/><W30/><G108/><T67/><D111/><U99/><E99/><V55/><F55/><W82/><G10/><T33/><D97/><U51/><E126/><V87/><F87/><W53/><G53/><T100/><D52/><U75/><E125/><V122/><F122/><W127/><G127/><T133/><D133/><U49/><E75/><V22/><F22/><W104/><G20/><T101/><D21/><U74/><E74/><V31/><F31/><W88/><G104/><T78/><D40/><U84/><E84/><V66/><F66/><AGARI ba="0,1" hai="45,48,49,51,54,63,66,69" m="43625,9216" machi="66" ten="60,8000,1" yaku="11,1,34,2,52,1" doraHai="60,86" who="1" fromWho="2" sc="250,0,250,90,240,-80,250,0" /><INIT seed="1,0,0,2,0,67" ten="250,340,160,250" oya="1" hai0="91,81,53,70,14,131,98,108,77,85,62,17,96" hai1="19,40,105,42,20,34,130,114,65,97,16,122,37" hai2="74,94,68,57,12,39,126,22,43,88,129,135,52" hai3="51,64,82,18,2,44,99,125,29,132,41,60,84"/><U32/><E114/><V89/><F74/><W6/><G125/><T72/><D108/><U83/><E122/><V45/><F126/><W55/><G132/><T61/><D131/><U35/><E130/><V110/><F110/><W9/><G18/><T119/><D119/><U31/><E65/><V69/><F135/><W5/><G99/><T11/><D61/><U118/><E118/><V93/><F129/><W13/><G6/><T117/><D117/><U28/><E83/><V79/><F79/><W63/><G29/><T95/><REACH who="0" step="1"/><D70/><REACH who="0" ten="240,340,160,250" step="2"/><U23/><E35/><V78/><F78/><W90/><G63/><T21/><D21/><U76/><E76/><V73/><F73/><W120/><G120/><T4/><D4/><U10/><E37/><V86/><F22/><W102/><G2/><T0/><D0/><U33/><E34/><V124/><F124/><W101/><G41/><T80/><D80/><U15/><E33/><V116/><F116/><W134/><G134/><T25/><D25/><U3/><E32/><V71/><F12/><W75/><G75/><T133/><D133/><U48/><E3/><V27/><F27/><W47/><REACH who="3" step="1"/><G44/><REACH who="3" ten="240,340,160,240" step="2"/><T100/><D100/><U49/><E15/><V92/><REACH who="2" step="1"/><F89/><REACH who="2" ten="240,340,150,240" step="2"/><W56/><AGARI ba="0,3" hai="5,9,13,47,51,55,56,60,64,82,84,90,101,102" machi="56" ten="20,12000,2" yaku="1,1,2,1,0,1,7,1,8,1,53,1" doraHai="67" doraHaiUra="87" who="3" fromWho="3" sc="240,-30,340,-60,150,-30,240,150" /><INIT seed="2,0,0,1,2,132" ten="210,280,120,390" oya="2" hai0="110,70,38,84,49,46,14,134,18,109,113,75,64" hai1="19,114,95,101,88,68,7,27,85,108,66,10,60" hai2="1,80,33,42,104,3,26,128,116,41,127,53,32" hai3="98,51,124,29,65,28,37,73,83,25,13,121,90"/><V43/><F104/><W81/><G37/><T117/><D75/><U122/><E114/><V30/><F116/><W17/><G65/><T74/><D74/><U6/><E108/><V4/><F128/><W105/><G73/><T39/><D84/><U5/><E122/><V123/><F123/><W59/><G29/><T82/><D82/><U48/><E101/><V57/><F80/><W133/><G133/><T79/><D79/><U31/><E48/><V125/><F33/><W34/><G105/><T89/><D134/><U91/><E91/><V8/><REACH who="2" step="1"/><F3/><REACH who="2" ten="210,280,110,390" step="2"/><W120/><G83/><T16/><D117/><U20/><REACH who="1" step="1"/><E31/><REACH who="1" ten="210,270,110,390" step="2"/><V111/><F111/><W45/><G120/><T115/><D110/><U67/><E67/><V96/><F96/><W24/><G121/><T112/><D109/><U86/><E86/><V44/><F44/><W87/><G28/><T15/><D64/><U118/><E118/><V62/><AGARI ba="0,2" hai="1,4,8,26,30,32,41,42,43,53,57,62,125,127" machi="62" ten="30,11700,0" yaku="1,1,0,1,52,2,53,0" doraHai="132" doraHaiUra="119" who="2" fromWho="2" sc="210,-39,270,-39,110,137,390,-39" /><INIT seed="2,1,0,3,5,115" ten="171,231,247,351" oya="2" hai0="32,120,85,46,127,88,103,122,123,19,56,129,96" hai1="53,90,48,99,105,6,67,62,7,72,51,118,43" hai2="100,74,73,79,128,10,133,55,23,37,114,110,80" hai3="77,69,57,17,104,95,60,50,108,29,109,34,3"/><V30/><F114/><W131/><G104/><T11/><D32/><U24/><E72/><V97/><F37/><W102/><G3/><T64/><D129/><U44/><E118/><V41/><F128/><W14/><G69/><T84/><D127/><U89/><E24/><V119/><F41/><W134/><G77/><T52/><D85/><U75/><E75/><V101/><F133/><W126/><G50/><T1/><D64/><U13/><E105/><V107/><F101/><W20/><G131/><T87/><D87/><U98/><E13/><V132/><F132/><W70/><G70/><T92/><D1/><U5/><E67/><V106/><F119/><W61/><G60/><T58/><D46/><U9/><E9/><V35/><F35/><W63/><G57/><T47/><D47/><N who="1" m="26111" /><E62/><V130/><F130/><W33/><G33/><T121/><D121/><U27/><E27/><V31/><F110/><N who="3" m="42603" /><G126/><T2/><D2/><U28/><E28/><V125/><F125/><W12/><G29/><T45/><D45/><U66/><E66/><V26/><F10/><W113/><G34/><T76/><D76/><U15/><E15/><N who="3" m="5674" /><G113/><T40/><D40/><U22/><E22/><V93/><F74/><W124/><G124/><T21/><D11/><U68/><E68/><V4/><F4/><N who="1" m="1025" /><U25/><DORA hai="111" /><E25/><N who="2" m="16703" /><F55/><W18/><G134/><T112/><D112/><U116/><E116/><V135/><F135/><W82/><G20/><T39/><D52/><U16/><E16/><N who="3" m="6250" /><G82/><N who="0" m="49175" /><D39/><U117/><E117/><V54/><F54/><W0/><G0/><T83/><D83/><U71/><E71/><RYUUKYOKU ba="1,0" sc="171,0,231,0,247,0,351,0" hai0="19,21,56,58,92,96,103,120,122,123" hai1="44,48,53,89,90,98,99" hai2="26,31,73,79,80,93,97,100,106,107" hai3="61,63,95,102" /><INIT seed="2,2,0,0,3,92" ten="171,231,247,351" oya="2" hai0="24,16,121,17,82,22,43,4,88,19,130,122,35" hai1="54,42,29,15,102,79,50,78,75,84,41,115,58" hai2="6,89,127,126,118,113,101,112,119,85,96,91,80" hai3="18,31,70,99,110,63,66,9,27,132,52,98,71"/><V2/><F6/><W61/><G110/><T105/><D105/><U40/><E115/><N who="2" m="44107" /><F2/><W14/><G132/><T134/><D43/><U95/><E75/><V59/><F59/><W55/><G55/><T74/><D74/><U97/><E29/><V23/><F23/><W107/><G52/><T72/><D72/><U37/><E37/><V32/><F91/><W3/><G107/><T100/><D4/><U34/><E34/><V28/><F28/><W90/><G90/><T33/><D134/><U44/><E15/><V48/><F48/><W38/><G38/><T60/><D60/><U7/><E7/><V125/><F32/><W51/><G51/><T36/><D36/><U5/><E5/><V117/><F117/><W62/><G3/><T57/><D57/><U77/><REACH who="1" step="1"/><E84/><REACH who="1" ten="171,221,247,351" step="2"/><V67/><F67/><W68/><REACH who="3" step="1"/><G66/><REACH who="3" ten="171,221,247,341" step="2"/><T129/><D121/><U11/><E11/><V111/><F111/><W108/><G108/><T65/><D122/><U8/><E8/><V124/><F124/><W116/><G116/><T109/><D65/><U94/><E94/><AGARI ba="2,2" hai="80,85,89,94,96,101,118,119,125,126,127" m="44107" machi="94" ten="40,12000,1" yaku="18,1,34,2,52,1" doraHai="92" who="2" fromWho="1" sc="171,0,221,-126,247,146,341,0" /><INIT seed="2,3,0,1,0,3" ten="171,95,393,341" oya="2" hai0="67,70,97,75,5,6,81,35,43,0,27,38,20" hai1="57,133,64,22,116,92,121,111,109,119,134,28,76" hai2="65,126,132,106,2,16,33,99,21,100,127,23,79" hai3="95,123,32,93,41,77,103,102,80,24,29,85,130"/><V107/><F33/><W72/><G123/><T39/><D35/><U60/><E76/><V61/><F79/><W135/><G41/><T69/><D0/><U52/><E92/><V45/><F132/><N who="1" m="50793" /><E22/><V13/><F2/><W9/><G130/><T73/><D81/><U66/><E28/><V131/><F131/><W110/><G110/><N who="1" m="41994" /><E121/><V7/><F45/><W89/><G135/><T90/><D97/><U31/><E31/><V55/><F55/><W101/><REACH who="3" step="1"/><G9/><REACH who="3" ten="171,95,393,331" step="2"/><T42/><D42/><U78/><E78/><V11/><F126/><W18/><G18/><T53/><D43/><U87/><E87/><V129/><F127/><W63/><G63/><T15/><D75/><U46/><E46/><V83/><F129/><W74/><G74/><T125/><D73/><U105/><E105/><V47/><F47/><W96/><AGARI ba="3,1" hai="24,29,32,72,77,80,85,89,93,95,96,101,102,103" machi="96" ten="30,2000,0" yaku="1,1,0,1,53,0" doraHai="3" doraHaiUra="37" who="3" fromWho="3" sc="171,-8,95,-8,393,-13,331,39" /><INIT seed="3,0,0,5,2,103" ten="163,87,380,370" oya="3" hai0="116,63,48,22,132,99,21,80,12,56,65,47,3" hai1="55,85,81,53,109,25,127,60,79,96,119,37,59" hai2="78,129,124,121,133,58,111,94,42,97,134,77,6" hai3="128,64,38,114,30,4,105,100,101,67,88,71,106"/><W125/><G114/><T5/><D3/><U54/><E37/><V131/><F111/><W23/><G38/><T102/><D132/><N who="2" m="50794" /><F121/><W26/><G4/><T95/><D116/><U74/><E109/><V8/><F42/><W70/><G88/><T110/><D110/><U84/><E127/><V98/><F58/><W46/><G46/><T112/><D112/><U87/><E119/><V75/><F124/><W40/><G40/><T126/><D126/><U50/><E25/><V10/><F75/><W118/><G125/><T52/><REACH who="0" step="1"/><D80/><REACH who="0" ten="153,87,380,370" step="2"/><U91/><E74/><V29/><F129/><W18/><G128/><T117/><D117/><U34/><E34/><V35/><F131/><W115/><G115/><T135/><D135/><U113/><E113/><V130/><F130/><W69/><G118/><T17/><D17/><U120/><E120/><V27/><F6/><W20/><G18/><T107/><D107/><N who="3" m="40969" /><G30/><T44/><D44/><U89/><E79/><N who="2" m="30219" /><F98/><W72/><G72/><T57/><D57/><U104/><E59/><V41/><F41/><W83/><G83/><T19/><D19/><U13/><E81/><V90/><AGARI ba="0,1" hai="8,10,27,29,35,90,94,97" m="30219,50794" machi="90" ten="30,1100,0" yaku="20,1" doraHai="103" who="2" fromWho="2" sc="153,-3,87,-3,380,21,370,-5" /><INIT seed="4,0,0,1,3,38" ten="150,84,401,365" oya="0" hai0="75,99,42,128,49,3,76,116,129,134,28,30,62" hai1="22,105,98,43,41,130,52,60,126,25,6,1,50" hai2="5,57,68,46,53,82,23,32,54,66,81,86,4" hai3="96,14,132,11,45,74,77,88,59,73,51,78,17"/><T13/><D3/><U0/><E126/><V133/><F23/><W104/><G132/><T29/><D116/><U83/><E130/><N who="0" m="50281" /><D134/><U26/><E1/><V67/><F32/><W123/><G104/><T84/><D75/><U15/><E0/><V97/><F133/><W72/><G59/><T39/><D39/><U91/><E60/><V112/><F112/><W20/><G123/><T24/><D13/><U69/><E69/><V18/><F18/><W95/><REACH who="3" step="1"/><G11/><REACH who="3" ten="150,84,401,355" step="2"/><T102/><D30/><U63/><E105/><V85/><F68/><W87/><G87/><T127/><D29/><U58/><E63/><V79/><F57/><W47/><G47/><T100/><D28/><U48/><E58/><V7/><F46/><W36/><G36/><T80/><D62/><U35/><E50/><V94/><F67/><W9/><G9/><T10/><D49/><U106/><E48/><V120/><F66/><W109/><G109/><T33/><D10/><U70/><E70/><V8/><F8/><W115/><G115/><T111/><D111/><U44/><E44/><V92/><F120/><W71/><G71/><T16/><D127/><U34/><E106/><V93/><F97/><W119/><G119/><T113/><D113/><U27/><E98/><V2/><F2/><W21/><G21/><N who="0" m="13351" /><D33/><U31/><E35/><V107/><F107/><W56/><G56/><T108/><D108/><U55/><E34/><V40/><F85/><W131/><G131/><T37/><D99/><U103/><E31/><V122/><F122/><W117/><G117/><T125/><D125/><U64/><E22/><RYUUKYOKU ba="0,1" sc="150,15,84,-15,401,-15,355,15" hai0="37,42,76,80,84,100,102" hai3="14,17,20,45,51,72,73,74,77,78,88,95,96" /><INIT seed="4,1,1,0,5,121" ten="165,69,386,370" oya="0" hai0="20,55,17,127,29,100,111,117,44,78,71,28,86" hai1="4,109,128,69,27,53,129,25,74,116,51,34,89" hai2="77,9,18,32,95,61,59,54,52,108,67,72,48" hai3="83,133,90,63,57,14,45,64,8,123,106,37,11"/><T1/><D1/><U33/><E74/><V134/><F32/><N who="1" m="12393" /><E69/><V132/><F77/><W92/><G106/><T102/><D117/><U120/><E116/><V24/><F72/><W70/><G83/><T131/><D71/><U124/><E120/><V58/><F108/><W98/><G8/><T3/><D3/><U56/><E4/><V107/><F107/><W130/><G123/><T36/><D131/><N who="1" m="50251" /><E124/><V5/><F95/><W82/><G82/><T16/><D17/><U23/><E89/><V118/><F118/><W46/><G37/><T62/><D36/><U68/><E68/><V31/><F18/><W126/><G126/><T15/><D127/><U13/><E109/><V65/><F31/><N who="0" m="11850" /><D111/><U97/><E97/><V135/><F24/><N who="1" m="9289" /><E13/><AGARI ba="1,1" hai="5,9,13,48,52,54,58,59,61,65,67,132,134,135" machi="13" ten="40,2600,0" yaku="20,1,54,1" doraHai="121" who="2" fromWho="1" sc="165,0,69,-29,386,39,370,0" /><INIT seed="5,0,0,4,0,55" ten="165,40,425,370" oya="1" hai0="75,61,72,29,57,14,44,18,86,125,41,39,106" hai1="10,105,99,68,85,19,43,35,110,90,94,111,79" hai2="129,117,62,93,22,12,5,2,59,89,118,7,91" hai3="42,100,36,102,25,31,24,6,116,134,23,97,0"/><U81/><E35/><V82/><F129/><W69/><G69/><T3/><D3/><U108/><E68/><V119/><F2/><W77/><G134/><T33/><D106/><U13/><E43/><V45/><F45/><W71/><G71/><T130/><D130/><U114/><REACH who="1" step="1"/><E105/><REACH who="1" ten="165,30,425,370" step="2"/><V123/><F123/><W109/><G42/><T104/><D104/><U60/><E60/><V37/><F117/><W67/><G116/><T27/><D125/><U58/><E58/><V113/><F118/><W46/><G46/><T127/><D127/><U132/><E132/><V92/><F119/><W128/><G128/><T63/><D63/><U34/><E34/><V4/><F62/><W49/><G67/><T74/><D61/><U73/><E73/><V122/><F59/><W131/><G131/><T30/><D57/><U54/><E54/><V15/><F122/><W124/><G124/><T126/><D126/><U96/><E96/><V38/><F113/><AGARI ba="0,1" hai="10,13,19,79,81,85,90,94,99,108,110,111,113,114" machi="113" ten="50,4800,0" yaku="1,1,10,1,53,0" doraHai="55" doraHaiUra="65" who="1" fromWho="2" sc="165,0,30,58,425,-48,370,0" /><INIT seed="5,1,0,0,2,121" ten="165,88,377,370" oya="1" hai0="117,20,135,106,85,116,21,105,83,19,119,30,79" hai1="133,60,97,86,73,107,101,7,124,127,125,0,2" hai2="17,95,8,67,6,71,61,5,69,26,41,29,27" hai3="53,25,42,68,10,49,40,123,110,23,66,115,46"/><U93/><E7/><V81/><F41/><W3/><G123/><T54/><D135/><U122/><E122/><V58/><F81/><W55/><G3/><T92/><D30/><U82/><E60/><V64/><F95/><W39/><G10/><T38/><D38/><U74/><E2/><V129/><F129/><W84/><G84/><T50/><D92/><U57/><E57/><V1/><F6/><W87/><G87/><T89/><D89/><N who="1" m="51415" /><E0/><V108/><F108/><W33/><G33/><T43/><D43/><U72/><E133/><V47/><F47/><N who="3" m="23967" /><G23/><T62/><D62/><U96/><E74/><V99/><F99/><W24/><G25/><T35/><D35/><U130/><E130/><V103/><F103/><AGARI ba="1,0" hai="72,73,93,96,97,101,103,107,124,125,127" m="51415" machi="103" ten="30,5800,0" yaku="18,1,34,2" doraHai="121" who="1" fromWho="2" sc="165,0,88,61,377,-61,370,0" /><INIT seed="5,2,0,0,5,8" ten="165,149,316,370" oya="1" hai0="53,12,62,111,107,33,57,49,47,78,116,36,101" hai1="72,121,41,129,20,43,7,126,56,42,65,92,95" hai2="51,23,71,89,0,99,104,123,87,2,82,106,122" hai3="103,11,125,130,18,28,75,73,17,46,120,97,69"/><U131/><E72/><V6/><F71/><W31/><G69/><T70/><D33/><U59/><E121/><V86/><F99/><W9/><G46/><T108/><D78/><U19/><E7/><V35/><F35/><W64/><G97/><T40/><D116/><U34/><E34/><V68/><F68/><W44/><G44/><T1/><D1/><U66/><E19/><N who="3" m="7178" /><G103/><T132/><D101/><U74/><E74/><N who="3" m="28170" /><G64/><N who="1" m="24682" /><E20/><V84/><F23/><W113/><G120/><T32/><D107/><U50/><E126/><V39/><F39/><W105/><G105/><T127/><D32/><U85/><E85/><V16/><F16/><W119/><G119/><T10/><D70/><U91/><E91/><V22/><F22/><W58/><G58/><N who="1" m="22058" /><E50/><V88/><F6/><W38/><G38/><T83/><D36/><U79/><E79/><V96/><F96/><W115/><G125/><T76/><D127/><U26/><E26/><V27/><F27/><W117/><G117/><T100/><D100/><U4/><E4/><V90/><F51/><W94/><G94/><AGARI ba="2,0" hai="41,42,43,92,94,95,129,131" m="22058,24682" machi="94" ten="40,3900,0" yaku="28,2" doraHai="8" who="1" fromWho="3" sc="165,0,149,45,316,0,370,-45" /><INIT seed="5,3,0,1,0,125" ten="165,194,316,325" oya="1" hai0="1,77,109,0,5,24,130,29,9,53,35,99,25" hai1="12,72,51,67,60,111,20,71,110,128,119,54,39" hai2="103,121,61,88,122,2,79,97,10,49,15,85,102" hai3="50,126,17,105,113,3,21,124,108,96,118,86,104"/><U133/><E72/><V30/><F2/><N who="0" m="1130" /><D77/><U44/><E119/><V33/><F79/><W87/><G3/><N who="0" m="191" /><D53/><U40/><E133/><V132/><F132/><W115/><G118/><T27/><D99/><U47/><E20/><V75/><F75/><W135/><G50/><T131/><D109/><N who="1" m="41483" /><E12/><V116/><F116/><W114/><G108/><T45/><D45/><U43/><E128/><AGARI ba="3,0" hai="24,25,27,29,35,128,130,131" m="191,1130" machi="128" ten="30,12000,2" yaku="19,1,34,2,52,3" doraHai="125" who="0" fromWho="1" sc="165,129,194,-129,316,0,325,0" /><INIT seed="6,0,0,1,0,130" ten="294,65,316,325" oya="2" hai0="56,69,87,120,76,72,112,68,106,88,105,91,95" hai1="1,102,101,125,10,113,60,3,80,96,28,29,20" hai2="18,99,65,25,23,86,35,54,77,34,51,9,5" hai3="111,42,8,32,24,13,123,73,85,0,83,90,36"/><V131/><F65/><W19/><G111/><T126/><D56/><U37/><E37/><V17/><F131/><W94/><G0/><T114/><D68/><U124/><E80/><V55/><F99/><W45/><G123/><T15/><D69/><U14/><E96/><V116/><F116/><W64/><G64/><T22/><D120/><U117/><E60/><V58/><F54/><W78/><G24/><T118/><D118/><U39/><E39/><V21/><F77/><W132/><REACH who="3" step="1"/><G32/><REACH who="3" ten="294,65,316,315" step="2"/><T128/><D128/><U62/><E117/><V48/><F35/><W27/><G27/><T82/><D15/><U115/><E62/><V135/><F34/><W122/><G122/><T107/><D22/><U59/><E20/><V43/><F23/><W6/><G6/><T41/><D41/><U46/><E14/><V11/><F21/><W49/><G49/><T129/><D129/><U127/><E10/><V104/><F25/><W108/><G108/><T133/><D126/><U79/><E127/><V97/><F51/><W84/><G84/><N who="0" m="52711" /><D133/><AGARI ba="0,1" hai="8,13,19,36,42,45,73,78,83,85,90,94,132,133" machi="133" ten="40,5200,0" yaku="1,1,52,2,53,0" doraHai="130" doraHaiUra="121" who="3" fromWho="0" sc="294,-52,65,0,316,0,315,62" /><INIT seed="7,0,0,5,5,8" ten="242,65,316,377" oya="3" hai0="133,131,0,21,57,129,12,115,78,118,25,106,66" hai1="41,109,135,56,37,63,122,51,110,22,44,72,28" hai2="1,60,75,2,24,5,132,82,29,126,84,86,80" hai3="13,85,98,89,65,70,47,36,10,26,117,76,95"/><W90/><G117/><T99/><D0/><U33/><E33/><V17/><F126/><W128/><G128/><T15/><D118/><U4/><E72/><V124/><F124/><W55/><G70/><T74/><D133/><U52/><E28/><V100/><F132/><W87/><G65/><T71/><D71/><U119/><E4/><V88/><F75/><W107/><G26/><T7/><D7/><U79/><E79/><V94/><F100/><W11/><G10/><T9/><D9/><U16/><E135/><V3/><F17/><N who="3" m="8383" /><G36/><T43/><D43/><U73/><E73/><V61/><F5/><W127/><G107/><T34/><D34/><U23/><E122/><V93/><F93/><W42/><G42/><T91/><D115/><U116/><E23/><V103/><F94/><W54/><G47/><T120/><D120/><U62/><E119/><V123/><F103/><N who="3" m="60895" /><G76/><T101/><D91/><N who="3" m="34825" /><G127/><T46/><D46/><U81/><E81/><V92/><F123/><W64/><G64/><T77/><D57/><U19/><E19/><V134/><F134/><W121/><G121/><T18/><D66/><U97/><E116/><V30/><F92/><W68/><G68/><T105/><D105/><U112/><E112/><V50/><F50/><W45/><G45/><T108/><D108/><N who="1" m="41579" /><E97/><V14/><F14/><N who="0" m="5162" /><D74/><U27/><E37/><V69/><F69/><W38/><G38/><T53/><D53/><AGARI ba="0,0" hai="53,54,55,85,87" m="34825,60895,8383" machi="53" ten="30,2900,0" yaku="8,1,52,1" doraHai="8" who="3" fromWho="0" sc="242,-29,65,0,316,0,377,29" owari="213,-18.7,65,-43.5,316,11.6,406,50.6" /></mjloggm>