<mjloggm ver="2.3"><GO type="41" lobby="0"/><UN n0="%4B%59%52%59%4E" n1="%E3%81%8F%E3%82%93%E3%81%8F%E3%82%80" n2="%E2%93%9D%4C%75%63%6B%79%4A" n3="%E3%82%AB%E3%83%A0%E3%83%AD%E3%83%BB%E3%83%AC%E3%82%A4" dan="14,14,15,15" rate="1904.91,1996.08,2148.40,1971.62" sx="M,M,M,M"/><TAIKYOKU oya="0"/><INIT seed="0,0,0,3,0,33" ten="250,250,250,250" oya="0" hai0="53,20,8,99,35,40,116,51,55,39,90,98,120" hai1="34,80,69,9,70,109,89,13,43,24,130,64,112" hai2="104,105,102,96,48,132,113,5,119,74,42,62,67" hai3="82,17,126,110,107,129,15,79,101,12,28,21,41"/><T108/><D35/><U94/><E109/><V10/><F113/><W57/><G110/><T128/><D108/><U23/><E130/><V66/><F74/><W63/><G126/><T29/><D116/><U72/><E34/><V32/><F67/><W6/><G129/><T106/><D120/><U91/><E43/><V111/><F111/><W83/><G28/><T87/><D128/><U92/><E64/><V133/><F119/><W73/><G41/><T27/><D106/><U68/><E80/><V93/><F48/><W0/><G82/><T71/><D71/><U44/><E44/><V59/><F42/><W77/><G77/><T7/><D39/><U52/><E72/><V4/><F5/><W14/><G101/><T18/><D29/><U56/><E92/><V76/><F76/><W122/><G107/><T78/><D78/><U58/><E58/><V47/><F47/><W118/><G122/><T125/><D125/><U49/><E94/><V103/><F32/><W36/><G36/><T100/><D100/><U95/><E95/><V25/><F25/><W26/><G118/><T75/><D75/><U1/><E13/><V131/><F131/><W3/><REACH who="3" step="1"/><G6/><REACH who="3" ten="250,250,250,240" step="2"/><T123/><D123/><U88/><E112/><V114/><F114/><W85/><G85/><T60/><D40/><U86/><E86/><V50/><F103/><W115/><G115/><T84/><D84/><U127/><E127/><V54/><F105/><W30/><G30/><T11/><D87/><U19/><E91/><V61/><F104/><W2/><G2/><T31/><D90/><U124/><E124/><RYUUKYOKU ba="0,1" sc="250,-15,250,15,250,-15,240,15" hai1="1,9,19,23,24,49,52,56,68,69,70,88,89" hai3="0,3,12,14,15,17,21,26,57,63,73,79,83" /><INIT seed="1,1,1,5,1,78" ten="235,265,235,255" oya="1" hai0="65,64,118,131,61,116,125,60,124,54,110,7,89" hai1="44,66,39,93,91,98,111,74,123,43,121,96,86" hai2="3,45,8,11,17,82,134,85,122,115,31,55,104" hai3="113,46,57,52,120,106,117,109,18,5,56,94,72"/><U105/><E74/><V132/><F122/><W76/><G120/><T73/><D7/><U37/><E111/><V20/><F104/><W32/><G106/><T88/><D73/><U10/><E37/><V127/><F31/><W58/><G113/><T22/><D22/><U70/><E70/><V40/><F55/><W92/><G32/><T67/><D54/><U9/><E66/><V103/><F103/><W100/><G100/><T84/><D110/><U13/><E9/><V23/><F127/><N who="0" m="48714" /><D131/><U133/><E133/><N who="2" m="51307" /><F115/><W16/><G5/><T95/><D89/><U14/><E14/><N who="2" m="7391" /><F8/><W99/><G109/><T112/><D112/><U47/><E47/><V75/><F3/><W77/><G117/><AGARI ba="1,1" hai="60,61,64,65,67,84,88,95,116,117,118" m="48714" machi="117" ten="40,2600,0" yaku="18,1,54,1" doraHai="78" who="0" fromWho="3" sc="235,39,265,0,235,0,255,-29" /><INIT seed="2,0,0,3,1,109" ten="274,265,235,226" oya="2" hai0="71,19,4,101,55,49,23,16,3,99,59,113,107" hai1="30,86,95,8,75,46,127,37,112,97,28,116,110" hai2="39,106,79,135,22,123,122,41,73,93,24,128,85" hai3="65,15,100,90,38,129,54,52,13,64,53,1,80"/><V45/><F106/><W9/><G38/><T36/><D36/><U96/><E75/><V92/><F128/><W18/><G129/><T12/><D71/><U35/><E116/><V68/><F68/><W114/><G100/><T118/><D118/><U98/><E110/><V83/><F135/><W82/><G1/><T60/><D60/><U56/><E127/><V6/><F6/><W43/><G43/><T26/><D3/><U5/><E46/><V47/><F47/><W58/><G114/><T104/><D4/><U119/><E37/><V31/><REACH who="2" step="1"/><F73/><REACH who="2" ten="274,265,225,226" step="2"/><W66/><G58/><T32/><D107/><U25/><E56/><V33/><F33/><W111/><G111/><T74/><D74/><U94/><E119/><V40/><F40/><W91/><REACH who="3" step="1"/><G15/><REACH who="3" ten="274,265,225,216" step="2"/><T121/><D12/><U42/><E42/><V50/><F50/><W133/><G133/><T70/><D49/><U14/><E30/><V105/><F105/><W2/><G2/><T27/><D104/><U20/><E35/><V0/><F0/><W125/><G125/><T117/><D32/><U103/><E103/><V72/><F72/><W17/><G17/><T34/><D101/><U76/><E28/><V115/><F115/><W61/><G61/><T77/><D113/><U88/><E112/><V108/><F108/><W48/><G48/><T7/><D117/><U10/><E5/><V102/><F102/><W84/><G84/><T63/><D7/><U51/><E51/><V69/><F69/><W29/><G29/><T21/><D70/><U87/><E87/><V67/><F67/><W44/><G44/><RYUUKYOKU ba="0,2" sc="274,-15,265,-15,225,15,216,15" hai2="22,24,31,39,41,45,79,83,85,92,93,122,123" hai3="9,13,18,52,53,54,64,65,66,80,82,90,91" /><INIT seed="2,1,2,2,5,129" ten="259,250,240,231" oya="2" hai0="83,103,116,66,67,78,99,17,51,48,73,88,75" hai1="106,122,101,6,21,37,29,63,16,53,104,92,24" hai2="112,70,130,82,117,113,41,56,111,126,118,65,85" hai3="68,34,11,79,33,46,9,1,54,71,97,4,2"/><V131/><F41/><W115/><G97/><T18/><D116/><N who="2" m="44650" /><F70/><W110/><G110/><T80/><D103/><U47/><E122/><V77/><F65/><W86/><G115/><N who="2" m="44105" /><F56/><W114/><G114/><T133/><D99/><U0/><E37/><V119/><N who="2" m="44658" /><V64/><DORA hai="42" /><F64/><W39/><G86/><T105/><D105/><U49/><E63/><V109/><F126/><W134/><G79/><T32/><D78/><U12/><E92/><V57/><F57/><W98/><G98/><T58/><D58/><U14/><E101/><V28/><F28/><W74/><G74/><T61/><D61/><U31/><E31/><V3/><F3/><W69/><G54/><T22/><D73/><U7/><E0/><V26/><F26/><W20/><G20/><T15/><D75/><U59/><E59/><V40/><F40/><N who="3" m="22815" /><G11/><T94/><D22/><U123/><E106/><V127/><F127/><W76/><G76/><T102/><D66/><U52/><E104/><V120/><F120/><W38/><G38/><T100/><D67/><U121/><E123/><V35/><F35/><N who="3" m="13323" /><G1/><T30/><D32/><U96/><E121/><V125/><F125/><W25/><G25/><T90/><D30/><U5/><E53/><V84/><F85/><W135/><AGARI ba="1,2" hai="2,4,9,68,69,71,134,135" m="13323,22815" machi="135" ten="40,8000,1" yaku="23,1,52,3" doraHai="129,42" who="3" fromWho="3" sc="259,-21,250,-21,240,-41,231,103" /><INIT seed="3,0,0,0,4,8" ten="238,229,199,334" oya="3" hai0="18,65,48,50,106,0,131,59,91,24,61,108,66" hai1="122,51,33,70,10,89,79,54,56,82,42,117,41" hai2="80,87,127,109,73,37,112,72,74,62,25,49,34" hai3="7,95,29,64,76,4,58,20,92,90,83,71,134"/><W31/><G71/><T135/><D0/><U13/><E33/><V124/><F37/><W75/><G134/><T100/><D135/><U23/><E122/><V118/><F49/><W32/><G32/><T15/><D108/><U102/><E102/><V119/><F62/><W63/><G95/><T35/><D131/><U110/><E110/><V5/><F5/><W2/><G2/><T123/><D123/><U57/><E70/><V60/><F60/><W101/><G31/><T47/><D48/><U99/><E57/><V16/><F112/><W125/><G125/><N who="2" m="48201" /><F34/><W9/><G9/><T1/><D1/><U121/><E23/><N who="2" m="13543" /><F109/><W113/><G113/><T68/><D35/><U129/><E121/><V103/><F103/><W86/><REACH who="3" step="1"/><G101/><REACH who="3" ten="238,229,199,324" step="2"/><T133/><D100/><U12/><E10/><V132/><F132/><W120/><G120/><T36/><D133/><U98/><E129/><V30/><F30/><W38/><G38/><T111/><D36/><U40/><E117/><V85/><F80/><W11/><G11/><T46/><D111/><U28/><E28/><V14/><F119/><W69/><G69/><T17/><D68/><U105/><E105/><V88/><F118/><W128/><G128/><T26/><D106/><U27/><E27/><AGARI ba="0,1" hai="4,7,20,27,29,58,63,64,75,76,83,86,90,92" machi="27" ten="40,2000,0" yaku="1,1,53,0" doraHai="8" doraHaiUra="6" who="3" fromWho="1" sc="238,0,229,-20,199,0,324,30" /><INIT seed="3,1,0,3,1,100" ten="238,209,199,354" oya="3" hai0="61,95,129,38,97,92,40,106,114,125,51,132,87" hai1="59,81,43,82,102,89,52,73,107,57,127,121,76" hai2="32,4,126,35,13,135,10,105,117,66,109,74,15" hai3="108,27,64,75,42,26,8,86,36,130,120,56,65"/><W45/><G120/><T31/><D38/><U9/><E121/><V110/><F74/><W99/><G75/><T58/><D31/><U16/><E43/><V49/><F66/><W44/><G130/><T90/><D129/><U122/><E59/><V19/><F105/><W123/><G123/><T80/><D114/><U96/><E127/><V48/><F49/><W46/><G108/><N who="2" m="41577" /><F48/><W47/><G8/><T28/><D28/><U29/><E29/><V133/><F117/><W60/><G65/><T30/><D30/><U134/><E134/><N who="2" m="51211" /><F126/><W131/><G131/><T12/><D125/><U1/><E1/><V25/><F25/><W112/><G112/><T98/><D132/><U83/><E89/><V101/><F101/><W118/><G118/><T113/><D40/><U124/><E122/><V5/><F5/><W111/><G111/><T11/><D51/><U37/><E37/><V39/><F39/><W54/><G64/><T88/><D113/><U72/><E124/><V70/><F70/><W71/><G71/><T7/><D106/><U79/><E81/><V6/><F6/><W63/><G60/><T34/><D92/><U2/><E2/><V55/><F55/><W50/><G36/><T22/><D95/><U103/><E103/><V62/><F62/><W24/><G99/><T53/><D98/><U77/><E77/><V84/><F84/><AGARI ba="1,0" hai="24,26,27,42,44,45,46,47,50,54,56,63,84,86" machi="84" ten="40,2000,0" yaku="8,1" doraHai="100" who="3" fromWho="2" sc="238,0,209,0,199,-23,354,23" /><INIT seed="3,2,0,0,3,72" ten="238,209,176,377" oya="3" hai0="63,18,8,25,112,21,97,121,134,23,70,26,40" hai1="96,125,1,67,127,20,135,128,115,41,58,6,116" hai2="91,31,100,77,123,76,10,38,56,94,109,27,86" hai3="132,101,103,65,78,47,45,124,117,85,122,119,51"/><W12/><G122/><T71/><D121/><U34/><E34/><V113/><F123/><W111/><G124/><T22/><D112/><U13/><E115/><V79/><F113/><W37/><G132/><T60/><D134/><U44/><E135/><V4/><F38/><W59/><G111/><T9/><D40/><U95/><E1/><V108/><F56/><W90/><G37/><T83/><D97/><U5/><E128/><V29/><F100/><W62/><G117/><T129/><D129/><U102/><E116/><V133/><F133/><W68/><G119/><T105/><D105/><U118/><E118/><V131/><F131/><W93/><G68/><T84/><D18/><U104/><E104/><V88/><F91/><W81/><G12/><T126/><D126/><N who="1" m="48139" /><E58/><V0/><REACH who="2" step="1"/><F31/><REACH who="2" ten="238,209,166,377" step="2"/><W43/><REACH who="3" step="1"/><G45/><REACH who="3" ten="238,209,166,367" step="2"/><T17/><D70/><U24/><E44/><V28/><F28/><W52/><G52/><T19/><D71/><U49/><E41/><V92/><F92/><W11/><G11/><T30/><D30/><U64/><E67/><V106/><F106/><W54/><G54/><T114/><D114/><U57/><E64/><V36/><F36/><W7/><G7/><T48/><D8/><U80/><E5/><V53/><F53/><W2/><G2/><T3/><D9/><U66/><E6/><V46/><F46/><W74/><AGARI ba="2,2" hai="43,47,51,59,62,65,74,78,81,85,90,93,101,103" machi="74" ten="20,7800,0" yaku="1,1,0,1,7,1,52,1,53,0" doraHai="72" doraHaiUra="14" who="3" fromWho="3" sc="238,-28,209,-28,166,-28,367,104" /><INIT seed="3,3,0,4,2,13" ten="210,181,138,471" oya="3" hai0="134,38,11,76,125,110,39,70,119,2,21,101,57" hai1="108,33,29,5,23,127,113,85,61,81,8,63,79" hai2="66,71,46,92,41,20,10,12,104,32,3,100,83" hai3="45,30,69,48,28,129,17,19,65,77,1,121,123"/><W75/><G1/><T34/><D76/><U124/><E108/><V80/><F32/><W42/><G129/><T94/><D101/><U35/><E113/><V53/><F3/><W111/><G111/><T106/><D94/><U87/><E23/><V59/><F71/><W102/><G102/><T44/><D57/><U128/><E128/><V91/><F66/><W58/><G69/><T88/><D88/><U40/><E40/><V37/><F20/><W109/><G109/><T74/><D21/><U49/><E49/><V22/><F22/><W89/><G89/><T73/><D73/><U36/><E36/><V64/><F64/><W51/><G77/><T116/><D11/><U117/><E117/><V131/><F104/><W133/><G75/><T26/><D26/><U4/><E4/><V112/><F112/><W86/><G86/><T130/><D44/><U118/><E118/><V52/><F100/><W55/><G133/><T126/><D38/><U114/><E87/><V107/><F107/><W31/><REACH who="3" step="1"/><G65/><REACH who="3" ten="210,181,138,461" step="2"/><T72/><D72/><U24/><E79/><V27/><F131/><W96/><G96/><T18/><D116/><U120/><E85/><V47/><F91/><W132/><G132/><T82/><D134/><U9/><E114/><V78/><F78/><W115/><G115/><T68/><D119/><U90/><E90/><V122/><F83/><W50/><G50/><T60/><D130/><U56/><E81/><V95/><F80/><W43/><G43/><T93/><D82/><U7/><E120/><AGARI ba="3,1" hai="17,19,28,30,31,42,45,48,51,55,58,120,121,123" machi="120" ten="40,7700,0" yaku="1,1,52,2,53,0" doraHai="13" doraHaiUra="67" who="3" fromWho="1" sc="210,0,181,-86,138,0,461,96" /><INIT seed="3,4,0,4,5,86" ten="210,95,138,557" oya="3" hai0="44,116,14,111,92,104,66,98,17,100,59,117,90" hai1="15,73,95,106,76,103,49,85,133,68,32,54,20" hai2="107,13,51,25,110,35,80,99,19,91,52,53,61" hai3="115,74,75,89,72,57,36,47,121,8,114,4,120"/><W87/><G57/><T18/><D111/><U108/><E108/><V41/><F110/><W112/><G47/><T130/><D130/><U6/><E32/><V94/><F107/><W2/><REACH who="3" step="1"/><G36/><REACH who="3" ten="210,95,138,547" step="2"/><T42/><D59/><U81/><E68/><V84/><F61/><W50/><G50/><T83/><D44/><U77/><E49/><V135/><F135/><W40/><G40/><T21/><D42/><U101/><E133/><V11/><F41/><W60/><G60/><T24/><D66/><U22/><E54/><V63/><F63/><W127/><G127/><T31/><D117/><U26/><E6/><V3/><F51/><W37/><G37/><T34/><D116/><U62/><E62/><V65/><F65/><W93/><AGARI ba="4,1" hai="2,4,8,72,74,75,87,89,93,112,114,115,120,121" machi="93" ten="40,7800,0" yaku="1,1,0,1,52,1,53,0" doraHai="86" doraHaiUra="58" who="3" fromWho="3" sc="210,-30,95,-30,138,-30,547,100" /><INIT seed="3,5,0,5,2,71" ten="180,65,108,647" oya="3" hai0="123,130,58,40,42,39,32,12,114,16,107,47,76" hai1="102,133,10,90,15,111,65,9,44,75,54,60,96" hai2="125,7,18,89,22,78,33,63,14,119,109,55,2" hai3="95,1,52,64,72,106,120,77,70,83,79,112,67"/><W113/><G120/><T97/><D32/><U4/><E111/><V87/><F109/><W101/><G1/><T62/><D123/><U93/><E75/><V131/><F33/><W41/><G79/><T30/><D30/><U105/><E133/><V34/><F34/><W27/><G27/><T82/><D130/><U59/><E10/><V31/><F125/><W104/><G104/><T26/><D26/><U132/><E132/><V37/><F37/><W134/><G134/><T124/><D124/><U74/><E74/><V128/><F78/><W50/><G41/><T108/><D108/><U38/><E65/><V73/><F73/><W20/><G20/><T0/><D0/><U80/><E80/><V126/><F119/><W46/><G106/><T35/><D35/><U13/><E13/><V85/><F31/><W92/><G92/><T135/><D114/><U103/><REACH who="1" step="1"/><E105/><REACH who="1" ten="180,55,108,647" step="2"/><V3/><F3/><W8/><G8/><T84/><D135/><U5/><E5/><V24/><F7/><W115/><REACH who="3" step="1"/><G70/><REACH who="3" ten="180,55,108,637" step="2"/><T91/><D107/><U118/><E118/><V99/><F126/><W86/><G86/><T45/><D84/><U48/><E48/><V57/><F87/><W23/><G23/><T43/><D76/><U21/><E21/><V81/><F24/><W53/><G53/><T69/><D82/><U110/><E110/><V25/><F25/><W28/><G28/><T88/><D40/><AGARI ba="5,2" hai="4,9,15,38,40,44,54,59,60,90,93,96,102,103" machi="40" ten="40,2600,0" yaku="1,1,52,1,53,0" doraHai="71" doraHaiUra="127" who="1" fromWho="0" sc="180,-41,55,61,108,0,637,0" /><INIT seed="4,0,0,4,4,70" ten="139,116,108,637" oya="0" hai0="8,47,68,113,116,75,16,10,46,45,4,37,43" hai1="83,120,93,62,84,99,32,102,31,117,34,18,128" hai2="61,106,78,105,22,1,13,51,41,14,111,74,44" hai3="28,7,66,64,54,94,81,109,42,92,49,107,69"/><T33/><D68/><U118/><E128/><V121/><F111/><W57/><G107/><T2/><D33/><U95/><E120/><V67/><F1/><W55/><G7/><T60/><D116/><U19/><E34/><V122/><F74/><W48/><G28/><T5/><D113/><U110/><E110/><V36/><F78/><W100/><G109/><T9/><D60/><U35/><E35/><V26/><F106/><W50/><G81/><T56/><D56/><U101/><E62/><V108/><F105/><W29/><G29/><T89/><D75/><U17/><E31/><V38/><F14/><W65/><G100/><T59/><D59/><U132/><E132/><V115/><F13/><W90/><G90/><T103/><D103/><U12/><E32/><V24/><F26/><W71/><G94/><T130/><D130/><U79/><E12/><V125/><F125/><W123/><G92/><T63/><D63/><U112/><REACH who="1" step="1"/><E112/><REACH who="1" ten="139,106,108,637" step="2"/><V96/><F115/><W135/><G123/><T11/><D2/><U119/><E119/><V21/><F108/><W25/><G135/><T126/><D126/><U58/><E58/><N who="2" m="37303" /><F122/><W73/><G25/><T114/><D114/><U129/><E129/><V85/><F121/><W76/><G76/><T77/><D77/><U6/><E6/><V98/><F24/><W82/><G71/><T91/><D16/><U0/><E0/><V3/><F3/><W27/><G27/><T127/><D127/><U133/><E133/><V80/><F22/><W30/><G69/><T53/><D4/><U134/><E134/><V87/><F21/><RYUUKYOKU ba="0,1" sc="139,-10,106,30,108,-10,637,-10" hai1="17,18,19,79,83,84,93,95,99,101,102,117,118" /><INIT seed="5,1,1,3,0,49" ten="129,136,98,627" oya="1" hai0="66,37,87,59,101,57,31,116,12,45,96,94,52" hai1="15,129,78,74,130,27,95,60,79,134,17,88,107" hai2="83,135,75,22,50,80,122,106,65,25,34,14,0" hai3="119,86,114,3,85,132,113,39,30,21,4,112,71"/><U131/><E107/><V20/><F122/><W104/><G71/><T8/><D116/><U13/><E134/><V44/><F0/><W7/><G39/><T36/><D31/><U124/><E124/><V125/><F106/><W99/><G119/><T41/><D87/><N who="3" m="33289" /><G3/><T91/><D101/><U123/><E123/><V47/><F34/><W19/><G30/><T32/><D32/><U42/><E42/><V73/><F65/><W11/><G11/><T61/><D45/><U35/><E74/><V67/><F67/><W111/><G111/><T53/><D41/><U70/><E70/><V98/><F98/><W40/><G40/><T58/><D58/><U26/><E60/><V89/><F135/><W24/><G132/><T23/><D23/><U54/><E35/><V55/><F125/><W64/><G64/><T9/><D66/><U102/><E102/><AGARI ba="1,1" hai="4,7,19,21,24,99,102,104,112,113,114" m="33289" machi="102" ten="40,1300,0" yaku="15,1" doraHai="49" who="3" fromWho="1" sc="129,0,136,-16,98,0,627,26" /><INIT seed="6,0,0,3,5,112" ten="129,120,98,653" oya="2" hai0="82,10,47,84,133,81,98,21,45,58,42,64,32" hai1="76,2,99,83,106,41,25,87,110,128,97,53,93" hai2="14,74,66,122,35,70,72,96,23,75,115,118,11" hai3="91,26,127,71,24,92,77,31,37,114,19,28,123"/><V6/><F122/><W111/><G111/><T20/><D32/><U90/><E2/><V126/><F35/><W39/><G123/><T1/><D133/><U50/><E110/><V51/><F115/><W67/><G127/><T49/><D98/><U80/><E41/><V103/><F126/><W34/><G77/><T69/><D69/><U65/><E65/><V18/><F51/><W89/><G89/><T59/><D1/><U119/><E25/><V8/><F118/><W43/><G19/><T0/><D0/><U120/><E120/><V17/><F18/><W33/><G43/><T73/><D73/><N who="1" m="43023" /><E53/><V61/><REACH who="2" step="1"/><F6/><REACH who="2" ten="129,120,88,653" step="2"/><W121/><G114/><T4/><D4/><U30/><E50/><V55/><F55/><W134/><G121/><T102/><D49/><U68/><E30/><V36/><F36/><W104/><G39/><T94/><D42/><U135/><E135/><V108/><F108/><W124/><G37/><T29/><D29/><U48/><E48/><V113/><F113/><W52/><G124/><T116/><D116/><U12/><E119/><V109/><F109/><W13/><G134/><T117/><D117/><U125/><E125/><V78/><F78/><W44/><G52/><T46/><D64/><U88/><E12/><V79/><F79/><W9/><G67/><T100/><D45/><U131/><E68/><V56/><F56/><W63/><G44/><T95/><D46/><U16/><E16/><V54/><F54/><W5/><G71/><T86/><D47/><U129/><E129/><V132/><F132/><W107/><G63/><T105/><D10/><RYUUKYOKU ba="0,1" sc="129,0,120,0,88,0,653,0" hai0="20,21,58,59,81,82,84,86,94,95,100,102,105" hai1="83,87,88,90,93,97,99,106,128,131" hai2="8,11,14,17,23,61,66,70,72,74,75,96,103" hai3="5,9,13,24,26,28,31,33,34,91,92,104,107" /><INIT seed="6,1,1,2,3,93" ten="129,120,88,653" oya="2" hai0="119,34,108,31,88,131,106,112,68,38,110,71,40" hai1="120,23,129,69,107,101,100,44,121,42,61,43,116" hai2="133,33,130,50,89,87,41,62,102,57,10,127,60" hai3="74,109,26,92,111,72,18,97,3,117,53,98,6"/><V59/><F33/><W45/><G117/><T113/><D119/><U20/><E116/><V86/><F133/><W11/><G74/><T94/><D131/><U37/><E43/><V1/><F130/><W5/><G72/><T134/><D106/><U12/><E129/><V77/><F102/><W8/><G98/><N who="0" m="57671" /><D134/><U51/><E37/><V118/><F127/><W126/><G126/><T80/><D80/><U81/><E81/><N who="2" m="47535" /><F1/><W9/><G26/><N who="0" m="18807" /><D68/><U2/><E2/><V52/><F10/><W78/><G78/><T70/><D70/><U124/><E124/><V103/><F103/><W24/><G24/><T29/><D29/><U82/><E82/><N who="2" m="49367" /><F118/><W63/><G11/><T49/><D49/><U16/><E23/><V46/><F59/><W58/><G45/><N who="0" m="23703" /><D71/><U115/><E107/><V21/><F21/><W76/><G76/><T114/><AGARI ba="1,1" hai="108,110,112,113,114" m="23703,18807,57671" machi="114" ten="30,4000,0" yaku="15,1,52,1,54,1" doraHai="93" who="0" fromWho="0" sc="129,53,120,-11,88,-21,653,-11" /><INIT seed="7,0,0,0,4,6" ten="182,109,67,642" oya="3" hai0="70,61,119,56,48,133,13,58,74,132,25,123,120" hai1="43,88,39,20,53,54,16,95,131,28,31,103,94" hai2="35,18,26,112,36,121,34,82,76,113,45,12,66" hai3="118,0,129,1,65,111,106,2,127,116,109,17,50"/><W107/><G65/><T67/><D74/><U55/><E131/><V99/><F66/><W33/><G50/><T44/><D119/><N who="3" m="45609" /><G17/><T46/><D25/><U23/><E23/><V115/><F121/><N who="0" m="46666" /><D13/><N who="1" m="9231" /><E43/><N who="2" m="22759" /><F99/><W10/><G33/><T78/><D78/><U19/><E39/><V108/><F108/><N who="3" m="41547" /><G129/><T130/><D130/><U97/><E19/><V98/><F98/><AGARI ba="0,0" hai="28,31,53,54,55,88,94,95,97,98,103" m="9231" machi="98" ten="30,3900,0" yaku="8,1,54,2" doraHai="6" who="1" fromWho="2" sc="182,0,109,39,67,-39,642,0" owari="182,-1.8,148,-25.2,28,-47.2,642,74.2" /></mjloggm>