<mjloggm ver="2.3"><GO type="41" lobby="0"/><UN n0="%E4%B8%80%E4%B8%AA%E4%BA%8C%E6%AF%AB%E5%8D%8A" n1="%62%75%6C%6C%73%68%69%74" n2="%E2%93%9D%4C%75%63%6B%79%4A" n3="%61%61%73%73%64%64%66%66" dan="15,15,18,13" rate="1983.35,1966.71,2206.96,1824.11" sx="M,M,M,M"/><TAIKYOKU oya="0"/><INIT seed="0,0,0,3,2,135" ten="250,250,250,250" oya="0" hai0="31,39,6,83,80,36,85,62,76,15,71,134,59" hai1="132,124,116,53,3,29,74,106,90,127,38,57,26" hai2="21,94,11,81,82,60,33,46,130,55,120,121,79" hai3="108,86,88,91,111,69,95,118,48,78,47,107,23"/><T104/><D134/><U58/><E116/><V109/><F33/><W50/><G69/><T92/><D104/><U75/><E132/><V0/><F21/><W117/><G48/><T5/><D71/><U110/><E110/><N who="3" m="42026" /><G23/><T2/><D2/><U14/><E3/><V100/><F82/><N who="3" m="47447" /><G50/><T63/><D31/><U43/><E106/><V77/><F79/><W25/><G25/><T89/><D62/><U24/><E14/><V52/><F46/><W49/><G49/><T64/><D83/><U133/><E133/><V84/><F109/><W8/><G8/><T128/><D128/><U13/><E13/><V12/><F130/><W37/><G47/><T1/><D1/><U19/><E19/><V122/><F0/><W32/><G37/><T115/><D115/><U73/><E90/><N who="3" m="34346" /><G32/><T101/><D101/><U126/><E53/><V113/><F113/><W61/><G61/><T34/><D34/><N who="1" m="20775" /><E26/><V129/><F129/><W54/><G54/><T42/><D42/><U22/><E22/><V35/><F35/><W44/><G44/><AGARI ba="0,0" hai="38,43,44,57,58,73,74,75,124,126,127" m="20775" machi="44" ten="40,8000,1" yaku="18,1,52,3" doraHai="135" who="1" fromWho="3" sc="250,0,250,80,250,0,250,-80" /><INIT seed="1,0,0,2,2,72" ten="250,330,250,170" oya="1" hai0="57,38,7,35,130,108,58,25,10,95,45,61,114" hai1="22,60,125,128,69,77,82,135,85,120,76,105,8" hai2="123,88,30,101,11,124,47,52,70,64,65,13,49" hai3="73,111,71,37,54,36,46,118,122,89,40,1,21"/><U116/><E116/><V87/><F123/><W78/><G71/><T55/><D114/><U99/><E120/><V19/><F124/><W103/><G103/><T104/><D104/><U96/><E125/><V17/><F30/><W106/><G106/><T112/><D112/><U43/><E43/><V42/><F70/><W107/><G37/><T59/><D108/><U81/><E128/><V121/><F121/><W32/><G107/><T97/><D130/><U34/><E34/><V12/><F101/><W80/><G32/><T79/><D38/><U9/><E135/><V63/><F63/><W33/><G111/><T117/><D117/><U6/><E105/><V31/><F31/><W93/><G33/><T62/><D35/><U67/><E22/><N who="2" m="11631" /><F42/><W90/><G118/><T91/><D25/><U29/><E29/><V115/><F115/><W68/><G68/><T28/><D28/><U51/><E51/><V74/><F74/><W126/><G126/><T127/><D127/><U3/><REACH who="1" step="1"/><E9/><REACH who="1" ten="250,320,250,170" step="2"/><V24/><F24/><W84/><G122/><T86/><D10/><U131/><E131/><V132/><F132/><W15/><G1/><T83/><D7/><U26/><E26/><V0/><F0/><W119/><G119/><T75/><D75/><AGARI ba="0,1" hai="3,6,8,60,67,69,75,76,77,81,82,85,96,99" machi="75" ten="30,11600,0" yaku="1,1,7,1,52,2,53,0" doraHai="72" doraHaiUra="113" who="1" fromWho="0" sc="250,-116,320,126,250,0,170,0" /><INIT seed="1,1,0,1,5,21" ten="134,446,250,170" oya="1" hai0="115,48,34,80,75,29,98,86,26,129,100,18,67" hai1="77,107,91,15,35,17,5,2,40,19,105,120,110" hai2="97,45,111,51,114,131,64,44,83,92,127,43,68" hai3="56,122,119,130,102,73,76,87,63,4,23,46,8"/><U125/><E120/><V42/><F114/><W117/><G73/><T58/><D115/><U60/><E125/><V124/><F83/><W112/><G46/><T54/><D129/><U20/><E110/><V49/><F111/><W12/><G112/><T22/><D75/><U10/><E77/><V96/><F131/><W116/><G102/><T61/><D34/><U70/><E40/><V36/><F36/><W38/><G38/><T52/><D48/><U72/><E72/><V94/><REACH who="2" step="1"/><F64/><REACH who="2" ten="134,446,240,170" step="2"/><W50/><G130/><T6/><D6/><U69/><E107/><V135/><F135/><W106/><G106/><T62/><D62/><U32/><E105/><V25/><F25/><W89/><G122/><T33/><D33/><U24/><E35/><V85/><F85/><W57/><G50/><T28/><D28/><U27/><E32/><V41/><F41/><W39/><G39/><T7/><D7/><U66/><E19/><V55/><F55/><W84/><G84/><T81/><D18/><U3/><E3/><V132/><F132/><W128/><G128/><T1/><D1/><U9/><E27/><V118/><F118/><W71/><G119/><T126/><D126/><U37/><E37/><V123/><F123/><W90/><G117/><T104/><REACH who="0" step="1"/><D80/><REACH who="0" ten="124,446,240,170" step="2"/><U99/><E17/><V133/><F133/><W101/><G4/><T109/><D109/><U134/><E134/><V65/><F65/><W16/><G116/><T103/><D103/><U31/><E2/><V88/><F88/><AGARI ba="1,2" hai="22,26,29,52,54,58,61,67,81,86,88,98,100,104" machi="88" ten="30,8000,1" yaku="1,1,7,1,52,1,54,2,53,0" doraHai="21" doraHaiUra="30" who="0" fromWho="2" sc="124,103,446,0,240,-83,170,0" /><INIT seed="2,0,0,2,2,121" ten="227,446,157,170" oya="2" hai0="2,115,101,28,14,118,129,48,131,17,11,62,110" hai1="83,116,88,27,44,66,12,31,80,13,32,69,99" hai2="113,75,64,109,79,23,47,49,127,117,55,43,97" hai3="114,119,105,1,58,120,39,90,59,107,100,45,135"/><V50/><F113/><W72/><G1/><T56/><D115/><U21/><E116/><V122/><F122/><W35/><G72/><T42/><D118/><U91/><E69/><V9/><F117/><W33/><G114/><T19/><D28/><U20/><E66/><V30/><F127/><W93/><G35/><T52/><D2/><U46/><E32/><V3/><F64/><W71/><G33/><T133/><D133/><U40/><E99/><V24/><F75/><W4/><G71/><T111/><D101/><U70/><E70/><V29/><F79/><W38/><G135/><T41/><D19/><U25/><E40/><N who="0" m="15465" /><D48/><U73/><E73/><V68/><F68/><W34/><G34/><T18/><D17/><U74/><E74/><V132/><F132/><W51/><G107/><T63/><D63/><U8/><E8/><V61/><F61/><W123/><G105/><T86/><D86/><U82/><E82/><V15/><F30/><AGARI ba="0,0" hai="12,13,20,21,25,27,30,31,44,46,80,83,88,91" machi="30" ten="25,6400,0" yaku="22,2,8,1,54,1" doraHai="121" who="1" fromWho="2" sc="227,0,446,64,157,-64,170,0" /><INIT seed="3,0,0,1,0,73" ten="227,510,93,170" oya="3" hai0="59,80,106,67,35,65,115,119,128,8,129,3,117" hai1="60,34,26,120,39,61,116,134,75,69,16,33,13" hai2="23,91,70,68,54,110,90,122,71,58,7,36,6" hai3="113,78,135,121,30,89,42,125,48,24,40,95,28"/><W38/><G38/><T47/><D35/><U130/><E61/><V97/><F36/><W57/><G121/><T25/><D106/><U108/><E60/><V74/><F74/><W4/><G135/><T53/><D115/><U111/><E26/><V93/><F110/><W96/><G125/><T46/><D25/><U45/><E45/><N who="0" m="16905" /><D80/><U17/><E13/><V50/><F122/><W100/><G4/><T27/><D27/><U62/><E62/><V109/><F109/><W76/><G113/><T12/><D12/><U86/><E86/><V29/><F29/><N who="3" m="11371" /><G24/><T107/><D8/><U9/><E9/><V72/><F72/><W1/><G1/><T132/><D3/><U127/><E17/><V105/><F105/><W18/><G18/><T22/><D22/><U20/><E16/><V63/><F23/><W43/><G100/><T112/><D107/><U126/><E20/><V64/><REACH who="2" step="1"/><F91/><REACH who="2" ten="227,510,83,170" step="2"/><W114/><G114/><T77/><D112/><U118/><E75/><V81/><F81/><W14/><G14/><T98/><D119/><U11/><E39/><V79/><F79/><W131/><G131/><T133/><D77/><U2/><E120/><V52/><F52/><AGARI ba="0,1" hai="40,42,43,48,52,57,76,78,89,95,96" m="11371" machi="52" ten="30,11600,0" yaku="8,1,52,2,54,1" doraHai="73" who="3" fromWho="2" sc="227,0,510,0,83,-116,170,126" owari="227,-17.3,510,61.0,-33,-53.3,296,9.6" /></mjloggm>