<mjloggm ver="2.3"><GO type="137" lobby="0"/><UN n0="%E2%93%9D%4C%75%63%6B%79%4A" n1="%E4%BA%8C%E4%BB%A3%E7%9B%AE%E3%82%B5%E3%82%B9%E3%82%B1" n2="%E5%9B%9B%E3%83%BC%E5%85%AB%E3%83%BC%E4%B8%87" n3="%E3%81%AA%E3%82%93%E3%81%B0%E5%85%AD%E5%8A%A9" dan="11,12,11,11" rate="1784.43,1708.25,1578.61,1683.62" sx="M,M,M,M"/><TAIKYOKU oya="0"/><INIT seed="0,0,0,0,4,9" ten="250,250,250,250" oya="0" hai0="122,124,28,57,24,34,29,126,87,129,105,61,127" hai1="25,3,82,15,12,60,88,56,108,75,62,118,23" hai2="132,112,84,16,11,47,115,67,10,90,95,5,91" hai3="35,14,65,39,128,78,114,131,76,72,107,71,21"/><T50/><D122/><U37/><E118/><V1/><F132/><W52/><G35/><T102/><D29/><N who="1" m="17599" /><E37/><V20/><F67/><W113/><G39/><T99/><D87/><N who="1" m="50295" /><E75/><V85/><F47/><W0/><G0/><T101/><D102/><U80/><E3/><V96/><F11/><W81/><G107/><T63/><D129/><N who="3" m="49737" /><G78/><T73/><D73/><U117/><E108/><V45/><F45/><W110/><G110/><T40/><REACH who="0" step="1"/><D40/><REACH who="0" ten="240,250,250,250" step="2"/><U58/><E117/><V22/><F22/><W69/><G113/><T134/><D134/><U59/><E80/><V70/><F70/><W19/><G114/><T18/><D18/><U55/><E55/><AGARI ba="0,1" hai="24,28,34,50,55,57,61,63,99,101,105,124,126,127" machi="55" ten="40,3900,0" yaku="1,1,18,1,53,0" doraHai="9" doraHaiUra="42" who="0" fromWho="1" sc="240,49,250,-39,250,0,250,0" /><INIT seed="0,1,0,2,1,72" ten="289,211,250,250" oya="0" hai0="56,73,114,18,26,116,13,133,121,62,113,6,120" hai1="118,5,10,32,57,100,3,80,55,4,54,119,74" hai2="50,19,78,11,20,41,130,63,95,45,87,46,22" hai3="89,21,82,66,42,31,12,86,64,69,58,16,105"/><T76/><D116/><U115/><E100/><V40/><F130/><W107/><G69/><T111/><D6/><U28/><E5/><V23/><F63/><W96/><G64/><T37/><D37/><U94/><E94/><V84/><F95/><W43/><G107/><T49/><D133/><U70/><E70/><V127/><F127/><W36/><G36/><T112/><D26/><U48/><E55/><V90/><F90/><W135/><G135/><T88/><D111/><U134/><E115/><V0/><F0/><W122/><G122/><T79/><D73/><U92/><E92/><V125/><F125/><W71/><G71/><T75/><D75/><U99/><E99/><V15/><REACH who="2" step="1"/><F78/><REACH who="2" ten="289,211,240,250" step="2"/><N who="3" m="46423" /><G105/><T65/><D88/><U60/><E134/><V128/><F128/><W33/><G96/><T129/><D129/><U68/><E60/><V103/><F103/><W109/><G109/><T106/><D106/><U9/><E68/><V85/><F85/><W30/><G89/><T126/><D126/><U53/><E118/><V24/><F24/><W97/><G97/><T108/><D108/><U59/><E119/><V17/><F17/><W2/><G2/><T14/><D18/><U83/><E28/><N who="3" m="10794" /><G33/><T101/><D101/><U93/><E32/><V34/><F34/><W102/><G102/><T7/><D121/><U104/><E93/><V35/><F35/><W132/><G132/><T117/><D120/><U131/><E104/><V44/><F44/><W81/><G81/><T39/><D117/><U47/><E83/><V110/><F110/><W29/><N who="3" m="10802" /><W98/><DORA hai="124" /><G98/><RYUUKYOKU ba="1,1" sc="289,-15,211,-15,240,15,250,15" hai2="11,15,19,20,22,23,40,41,45,46,50,84,87" hai3="12,16,21,42,43,58,66" /><INIT seed="1,2,1,1,2,128" ten="274,196,255,265" oya="1" hai0="66,46,37,62,90,28,38,36,97,98,118,130,26" hai1="102,85,47,19,105,101,52,121,43,59,63,20,10" hai2="68,82,125,7,35,71,44,106,116,41,73,34,109" hai3="23,104,54,8,131,65,6,123,27,61,13,16,92"/><U84/><E121/><V126/><F7/><W76/><G131/><T60/><D118/><U96/><E10/><V40/><F44/><W58/><G123/><T56/><D130/><U2/><E2/><V49/><F49/><W93/><G104/><T129/><D129/><U112/><E102/><V88/><F106/><W103/><G103/><T132/><D132/><U122/><E112/><V0/><F0/><W9/><G76/><T33/><D90/><U3/><E3/><V67/><F67/><W29/><G65/><T119/><D119/><U124/><E124/><N who="2" m="47723" /><F116/><W83/><G83/><T69/><REACH who="0" step="1"/><D46/><REACH who="0" ten="264,196,255,265" step="2"/><U39/><REACH who="1" step="1"/><E122/><REACH who="1" ten="264,186,255,265" step="2"/><V100/><F100/><W45/><G45/><T114/><D114/><U111/><E111/><V12/><F109/><W81/><G81/><T11/><D11/><U99/><E99/><V95/><F82/><W89/><G89/><T57/><D57/><U117/><E117/><V120/><F120/><W32/><REACH who="3" step="1"/><G9/><REACH who="3" ten="264,186,255,255" step="2"/><T4/><D4/><U55/><E55/><AGARI ba="2,4" hai="26,28,33,36,37,38,55,56,60,62,66,69,97,98" machi="55" ten="40,1300,0" yaku="1,1,53,0" doraHai="128" doraHaiUra="15" who="0" fromWho="1" sc="264,59,186,-19,255,0,255,0" /><INIT seed="2,0,0,4,5,114" ten="323,167,255,255" oya="2" hai0="94,101,20,71,11,78,126,25,122,62,40,19,64" hai1="125,39,3,87,69,100,121,50,55,123,120,43,66" hai2="0,129,109,130,88,85,5,61,28,97,65,96,93" hai3="34,58,74,70,106,45,134,104,31,118,77,32,13"/><V76/><F28/><W98/><G70/><T9/><D122/><U15/><E3/><V81/><F5/><W4/><G134/><T33/><D126/><U51/><E100/><V79/><F0/><W82/><G104/><T116/><D40/><U103/><E103/><V135/><F65/><W92/><G106/><T102/><D78/><N who="2" m="29738" /><F61/><W80/><G80/><T57/><D33/><U27/><E87/><V111/><F81/><W86/><G74/><T53/><D116/><U18/><E27/><V17/><F17/><W52/><G45/><T48/><D102/><U110/><E15/><V23/><F23/><W8/><G31/><T59/><REACH who="0" step="1"/><D71/><REACH who="0" ten="313,167,255,255" step="2"/><U91/><E125/><V21/><F21/><W112/><G112/><T90/><D90/><U22/><E91/><V44/><F44/><W131/><G131/><N who="2" m="50185" /><F135/><W49/><REACH who="3" step="1"/><G118/><REACH who="3" ten="313,167,255,245" step="2"/><T105/><D105/><U95/><E95/><V37/><F37/><W84/><G84/><T16/><D16/><U54/><E18/><V42/><F42/><W46/><G46/><T41/><D41/><U119/><E22/><V47/><F47/><W29/><G29/><T60/><D60/><N who="1" m="40135" /><E39/><V38/><F38/><W10/><G10/><T73/><D73/><U24/><E43/><V26/><F26/><W7/><G7/><T107/><D107/><U12/><E24/><V14/><F14/><W83/><G83/><T115/><D115/><U75/><E12/><V36/><F36/><W128/><G128/><T68/><D68/><U99/><E75/><V127/><F127/><W6/><G6/><T133/><D133/><U2/><E2/><RYUUKYOKU ba="0,2" sc="313,10,167,-30,255,10,245,10" hai0="9,11,19,20,25,48,53,57,59,62,64,94,101" hai2="85,88,93,96,97,109,111" hai3="4,8,13,32,34,49,52,58,77,82,86,92,98" /><INIT seed="2,1,2,0,1,114" ten="323,137,265,255" oya="2" hai0="17,47,84,54,60,106,133,132,53,45,105,79,76" hai1="68,31,103,116,117,10,122,40,74,100,46,75,36" hai2="27,14,86,18,22,65,4,63,91,35,109,134,38" hai3="124,96,94,25,126,9,123,15,92,78,6,11,69"/><V3/><F38/><W28/><G69/><T83/><D17/><U129/><E68/><V2/><F86/><W13/><G123/><T32/><D32/><U30/><E10/><N who="2" m="4423" /><F91/><W29/><G78/><T113/><D113/><U127/><E122/><V23/><F65/><W80/><G80/><T64/><D64/><U61/><E61/><V43/><F43/><W102/><G94/><T42/><D60/><U66/><E66/><V112/><F63/><W130/><G130/><T67/><D67/><U101/><E129/><V85/><F85/><W108/><G108/><T99/><D99/><U41/><E41/><V57/><F57/><W72/><G72/><T5/><D5/><U37/><E127/><N who="3" m="48682" /><G25/><T59/><D59/><U87/><E87/><V7/><F112/><W19/><AGARI ba="1,2" hai="6,9,11,13,15,19,28,29,92,96,102" m="48682" machi="19" ten="30,1100,0" yaku="18,1" doraHai="114" who="3" fromWho="3" sc="323,-4,137,-4,265,-6,255,34" /><INIT seed="3,0,0,1,2,23" ten="319,133,259,289" oya="3" hai0="27,9,34,52,40,42,67,132,104,41,71,64,66" hai1="111,99,11,124,82,110,17,69,21,22,109,45,50" hai2="106,113,80,74,54,112,95,38,48,56,44,102,127" hai3="20,134,25,118,28,1,97,16,3,86,12,77,68"/><W129/><G68/><T10/><D104/><U55/><E69/><V126/><F106/><W47/><G118/><T59/><D71/><U108/><E11/><V116/><F102/><W46/><G134/><T128/><D128/><U84/><E99/><V35/><F95/><W90/><G129/><T96/><D132/><U115/><N who="1" m="27648" /><DORA hai="32" /><U61/><E124/><N who="2" m="47659" /><F35/><W53/><G77/><T101/><D34/><U75/><E75/><V85/><F74/><W65/><G65/><T135/><D135/><U19/><E115/><N who="2" m="44107" /><F80/><W105/><G47/><T123/><D123/><U93/><E93/><V89/><F89/><W76/><G76/><T100/><D27/><U15/><E61/><N who="2" m="35991" /><F85/><W79/><G79/><T6/><D96/><U13/><E84/><V125/><N who="2" m="47667" /><V72/><DORA hai="70" /><F72/><W60/><G105/><T5/><D101/><U37/><REACH who="1" step="1"/><E37/><REACH who="1" ten="319,123,259,289" step="2"/><V2/><F2/><W58/><G97/><T117/><D100/><U91/><E91/><V73/><F73/><W51/><G60/><N who="0" m="35943" /><D117/><U122/><E122/><V26/><F26/><W0/><G0/><T29/><D29/><U39/><E39/><V33/><F33/><W78/><G78/><T31/><D31/><U81/><AGARI ba="0,1" hai="13,15,17,19,21,22,45,50,55,81,82" m="27648" machi="81" ten="60,8000,1" yaku="1,1,0,1,9,1,14,1,53,0" doraHai="23,32,70" doraHaiUra="62,107,94" who="1" fromWho="1" sc="319,-20,123,90,259,-20,289,-40" /><INIT seed="4,0,0,4,0,72" ten="299,213,239,249" oya="0" hai0="49,106,74,132,82,121,61,131,31,102,104,67,77" hai1="8,64,98,90,46,57,83,54,43,134,41,97,10" hai2="62,35,84,114,48,30,111,34,105,56,53,66,29" hai3="128,36,81,65,22,73,55,39,116,45,16,100,58"/><T59/><D121/><U91/><E134/><V70/><F105/><W69/><G128/><T133/><D131/><U113/><E64/><V19/><F111/><W86/><G116/><T25/><D49/><U68/><E68/><V99/><F114/><W7/><G7/><T17/><D17/><U47/><E113/><V123/><F123/><W120/><G73/><T125/><D125/><U11/><E83/><V28/><F99/><N who="1" m="37897" /><E57/><V135/><F135/><N who="0" m="51786" /><D102/><U42/><E54/><V20/><F84/><W112/><G120/><T60/><D61/><U101/><E101/><V88/><REACH who="2" step="1"/><F88/><AGARI ba="0,0" hai="8,10,11,41,42,43,46,47,88,90,91" m="37897" machi="88" ten="40,8000,1" yaku="28,2,8,1,54,1" doraHai="72" who="1" fromWho="2" sc="299,0,213,80,239,-80,249,0" /><INIT seed="5,0,0,0,2,20" ten="299,293,159,249" oya="1" hai0="96,12,90,71,100,55,67,61,50,58,63,16,94" hai1="122,48,97,107,23,1,83,43,9,14,57,49,53" hai2="54,88,52,133,131,84,111,70,27,87,115,129,120" hai3="72,42,56,32,104,125,127,45,0,74,132,65,82"/><U31/><E122/><V121/><F111/><W28/><G56/><T64/><D100/><U80/><E1/><V118/><F70/><W78/><G74/><T66/><REACH who="0" step="1"/><D71/><REACH who="0" ten="289,293,159,249" step="2"/><U124/><E107/><V44/><F118/><W30/><G30/><T29/><D29/><U38/><E124/><N who="3" m="47690" /><G65/><T105/><D105/><U95/><E38/><V86/><F133/><W89/><G89/><T110/><D110/><U21/><E83/><V79/><F79/><W114/><G104/><T17/><D17/><N who="1" m="8399" /><E80/><V15/><F88/><W34/><G28/><T130/><D130/><U103/><E31/><V85/><F44/><AGARI ba="0,1" hai="21,23,43,44,48,49,53,57,95,97,103" m="8399" machi="44" ten="30,1500,0" yaku="8,1" doraHai="20" who="1" fromWho="2" sc="289,0,293,25,159,-15,249,0" /><INIT seed="5,1,0,1,2,24" ten="289,318,144,249" oya="1" hai0="56,33,0,42,37,19,21,124,60,109,15,133,117" hai1="39,85,40,98,43,125,5,75,90,77,80,103,36" hai2="54,83,67,88,59,48,30,10,35,127,57,64,49" hai3="62,20,101,55,110,102,45,132,3,14,70,41,73"/><U89/><E125/><V134/><F127/><W17/><G110/><T29/><D124/><U7/><E75/><V32/><F134/><W123/><G132/><T27/><D133/><U104/><E39/><V97/><F10/><W34/><G123/><T51/><D109/><U52/><E43/><V13/><F13/><W68/><G73/><T114/><D114/><U1/><E1/><V79/><F79/><W4/><G70/><T76/><D117/><U118/><E118/><V6/><F6/><W99/><G99/><T18/><D0/><U84/><E7/><V126/><F126/><W71/><G71/><T100/><D100/><U47/><E5/><V95/><F83/><W63/><G68/><T119/><D19/><U78/><REACH who="1" step="1"/><E52/><REACH who="1" ten="289,308,144,249" step="2"/><N who="2" m="31879" /><F35/><W61/><G3/><T82/><D33/><U96/><E96/><V116/><F32/><W129/><G129/><T93/><D119/><U46/><E46/><V94/><F116/><W81/><G34/><T50/><D42/><U38/><E38/><V87/><F30/><W12/><G4/><T120/><D29/><U28/><E28/><V11/><F11/><W58/><G41/><T25/><D37/><U112/><E112/><V74/><F74/><W111/><G111/><T115/><D115/><U69/><E69/><V108/><F108/><W23/><G45/><T131/><D131/><U65/><E65/><V92/><F97/><W121/><G121/><T135/><D120/><U22/><E22/><V44/><F44/><W107/><G23/><T86/><D135/><U105/><E105/><V16/><F16/><W26/><G17/><RYUUKYOKU ba="1,1" sc="289,-15,308,15,144,15,249,-15" hai1="36,40,47,77,78,80,84,85,89,90,98,103,104" hai2="49,54,59,64,67,87,88,92,94,95" /><INIT seed="5,2,1,0,4,53" ten="274,323,159,234" oya="1" hai0="91,72,85,108,79,121,1,101,57,114,21,55,38" hai1="3,106,4,90,64,84,81,26,119,48,13,88,19" hai2="60,61,98,129,44,12,111,33,117,45,104,36,5" hai3="73,125,8,28,7,65,105,23,75,115,132,2,99"/><U100/><E119/><V20/><F117/><W96/><G125/><T113/><D38/><U27/><E3/><V76/><F33/><W41/><G115/><N who="0" m="44043" /><D101/><U39/><E39/><V123/><F123/><W112/><G112/><T69/><D69/><U49/><E4/><V40/><F129/><W74/><G132/><T29/><D1/><U89/><E100/><V116/><F116/><W86/><G65/><T97/><D97/><U34/><E106/><V93/><F104/><W37/><G105/><T56/><D55/><U9/><E64/><V122/><F122/><W42/><G86/><T109/><D79/><U47/><E34/><V25/><F111/><N who="0" m="42570" /><D72/><U68/><E68/><V51/><F76/><W62/><G62/><T77/><D77/><N who="1" m="46127" /><E49/><V24/><F36/><W59/><G37/><T50/><D50/><U54/><AGARI ba="2,1" hai="9,13,19,26,27,47,48,54,88,89,90" m="46127" machi="54" ten="30,3000,0" yaku="8,1,54,1" doraHai="53" who="1" fromWho="1" sc="274,-12,323,46,159,-12,234,-12" /><INIT seed="5,3,0,2,4,36" ten="262,369,147,222" oya="1" hai0="103,91,21,116,114,120,96,33,68,74,80,92,82" hai1="59,3,90,109,30,11,17,111,71,7,16,52,95" hai2="104,53,69,123,117,20,110,51,128,6,8,115,9" hai3="94,55,40,54,85,112,81,102,13,49,121,73,19"/><U130/><E71/><V48/><F104/><W56/><G121/><T72/><D33/><U78/><E78/><V76/><F76/><W28/><G112/><T2/><D2/><U127/><E30/><V131/><F20/><W135/><G135/><T24/><D68/><U100/><E100/><V4/><F69/><W37/><G73/><N who="0" m="28267" /><D21/><U132/><E127/><V86/><F123/><W15/><G28/><T62/><D62/><U113/><E132/><V58/><F117/><W50/><G15/><T14/><D14/><U88/><E113/><V108/><F86/><W5/><G5/><N who="2" m="2153" /><F53/><W70/><G70/><T87/><D24/><U29/><E29/><V44/><F44/><W47/><G102/><T126/><D116/><U133/><E130/><N who="2" m="49707" /><F58/><W63/><G94/><N who="0" m="54655" /><D114/><U27/><E133/><V122/><F122/><W22/><G55/><T99/><D120/><U79/><E79/><AGARI ba="3,0" hai="13,19,22,37,40,47,49,50,54,56,63,79,81,85" machi="79" ten="30,2000,0" yaku="7,1,52,1" doraHai="36" who="3" fromWho="1" sc="262,0,369,-29,147,0,222,29" /><INIT seed="6,0,0,3,3,48" ten="262,340,147,251" oya="2" hai0="122,119,12,16,64,42,6,59,132,78,44,33,93" hai1="81,13,121,102,110,90,58,60,124,57,63,5,49" hai2="46,65,97,22,54,74,111,123,98,27,131,70,8" hai3="87,0,88,56,80,25,51,76,77,101,10,53,73"/><V15/><F123/><W128/><G128/><T67/><D33/><U31/><E110/><V114/><F114/><W94/><G0/><T83/><D122/><U118/><E31/><V115/><F115/><W104/><G77/><T52/><D6/><U75/><E118/><V117/><F117/><W69/><G10/><T37/><D93/><U133/><E121/><V85/><F74/><W106/><G104/><T35/><D35/><U36/><E36/><V79/><F70/><W50/><G25/><T66/><D132/><U2/><E2/><V29/><F131/><W86/><G87/><T129/><D129/><U134/><E102/><V112/><F112/><W105/><G105/><T89/><D89/><U100/><E100/><V82/><F111/><W40/><G40/><T55/><D59/><U30/><E30/><V71/><F71/><W99/><G69/><T107/><D107/><U21/><E75/><V45/><F65/><W109/><G109/><T96/><D96/><U24/><E124/><V120/><F120/><W135/><G135/><N who="1" m="51722" /><E5/><N who="2" m="3471" /><F45/><W41/><G41/><T62/><D62/><AGARI ba="0,0" hai="50,51,53,56,62,73,76,80,86,88,94,99,101,106" machi="62" ten="30,8000,1" yaku="7,1,24,2,52,1,54,1" doraHai="48" who="3" fromWho="0" sc="262,-80,340,0,147,0,251,80" /><INIT seed="7,0,0,5,3,0" ten="182,340,147,331" oya="3" hai0="21,133,46,22,100,79,12,37,15,11,2,30,13" hai1="29,98,128,88,99,19,31,77,41,45,97,104,33" hai2="50,134,129,93,69,82,131,71,42,112,20,39,72" hai3="4,60,56,36,64,24,84,91,66,8,117,51,57"/><W132/><G117/><T52/><D37/><U75/><E128/><V81/><F20/><N who="0" m="7786" /><D2/><U53/><E104/><V49/><F93/><W130/><G36/><T18/><D133/><U109/><E41/><V123/><F39/><W58/><G130/><N who="2" m="49673" /><F42/><W28/><G132/><T73/><D73/><U47/><E33/><V118/><F134/><W119/><G119/><T127/><D127/><U85/><E109/><V106/><F118/><W120/><G51/><N who="2" m="19465" /><F106/><W55/><G120/><T124/><D124/><U34/><E34/><V121/><F72/><W111/><G111/><T27/><D100/><U61/><E75/><V89/><F89/><W113/><G113/><T94/><D94/><N who="1" m="54543" /><E19/><V6/><F6/><W48/><G28/><N who="1" m="10826" /><E77/><V63/><F63/><N who="3" m="37991" /><G24/><T70/><D27/><U105/><E105/><V62/><F62/><W54/><G8/><T9/><D11/><U115/><E115/><V107/><F107/><W7/><G66/><T114/><D114/><U90/><E90/><V3/><F3/><W1/><G1/><T67/><D67/><U92/><E92/><AGARI ba="0,0" hai="4,7,48,54,55,57,58,60,84,91,92" m="37991" machi="92" ten="30,5800,0" yaku="8,1,52,2" doraHai="0" who="3" fromWho="1" sc="182,0,340,-58,147,0,331,58" owari="182,-21.8,282,8.2,147,-35.3,389,48.9" /></mjloggm>