<mjloggm ver="2.3"><GO type="41" lobby="0"/><UN n0="%73%65%69%79%75" n1="%54%68%65%6D%69%73" n2="%61%73%74%72%6F%6D" n3="%E2%93%9D%4C%75%63%6B%79%4A" dan="13,13,14,16" rate="1874.16,1968.22,1910.87,2157.41" sx="M,F,M,M"/><TAIKYOKU oya="0"/><INIT seed="0,0,0,4,2,121" ten="250,250,250,250" oya="0" hai0="65,41,71,48,64,33,134,86,95,116,69,120,107" hai1="133,17,16,85,78,18,60,129,92,126,10,43,37" hai2="52,63,3,87,98,67,35,1,82,103,91,59,11" hai3="32,123,125,39,20,46,55,66,119,54,135,14,90"/><T110/><D120/><U108/><E126/><V4/><F35/><W80/><G32/><T99/><D116/><U27/><E129/><V113/><F113/><W77/><G119/><T93/><D33/><U9/><E133/><V83/><F83/><W15/><G66/><T22/><D134/><U131/><E131/><V88/><F3/><W5/><G90/><T101/><D69/><U12/><E37/><V23/><F23/><W122/><G125/><T89/><D71/><U29/><E43/><V7/><F7/><W25/><G5/><T97/><D22/><U118/><E118/><V75/><F75/><W47/><G39/><T100/><REACH who="0" step="1"/><D110/><REACH who="0" ten="240,250,250,250" step="2"/><U132/><E108/><V104/><REACH who="2" step="1"/><F67/><REACH who="2" ten="240,250,240,250" step="2"/><W94/><G123/><T115/><D115/><U102/><E132/><V26/><F26/><W84/><G25/><T8/><D8/><U51/><E10/><V127/><F127/><W49/><G122/><T34/><D34/><U36/><E27/><V68/><F68/><W30/><G20/><T128/><D128/><U45/><E9/><V73/><F73/><W81/><G135/><T72/><D72/><U62/><E29/><V13/><F13/><W106/><G15/><T31/><D31/><U50/><E12/><V19/><F19/><W114/><G114/><T76/><D76/><AGARI ba="0,2" hai="1,4,11,52,59,63,76,82,87,88,91,98,103,104" machi="76" ten="30,7700,0" yaku="1,1,7,1,54,2,53,0" doraHai="121" doraHaiUra="124" who="2" fromWho="0" sc="240,-77,250,0,240,97,250,0" /><INIT seed="1,0,0,2,1,79" ten="163,250,337,250" oya="1" hai0="71,106,39,109,57,122,99,2,105,91,90,115,65" hai1="22,46,35,25,47,113,97,31,110,121,116,94,18" hai2="33,15,13,5,103,14,76,66,78,101,83,23,70" hai3="0,16,60,108,107,104,49,73,45,6,126,19,8"/><U10/><E113/><V7/><F33/><W129/><G73/><T50/><D115/><U95/><E116/><V62/><F23/><W1/><G126/><T20/><D2/><U89/><E121/><V86/><REACH who="2" step="1"/><F78/><REACH who="2" ten="163,250,327,250" step="2"/><W56/><G1/><T55/><D20/><N who="1" m="15783" /><E110/><V123/><F123/><W130/><G108/><T68/><D122/><U92/><E35/><V131/><F131/><N who="3" m="50187" /><G107/><T134/><D109/><U11/><E10/><V26/><F26/><W44/><G104/><T12/><D105/><U24/><E11/><V96/><F96/><W112/><G112/><T127/><D106/><U81/><E97/><V59/><F59/><W9/><G9/><T29/><D99/><U42/><E47/><V28/><F28/><W34/><G45/><T52/><D29/><U72/><E46/><V61/><F61/><W77/><G77/><T38/><D68/><U69/><E69/><V27/><F27/><W37/><G34/><T88/><D71/><U67/><E72/><V118/><F118/><W64/><G37/><T102/><D38/><U63/><E63/><V43/><F43/><AGARI ba="0,1" hai="0,6,8,16,19,43,44,49,56,60,64" m="50187" machi="43" ten="30,2000,0" yaku="19,1,54,1" doraHai="79" who="3" fromWho="2" sc="163,0,250,0,327,-20,250,30" /><INIT seed="2,0,0,3,1,74" ten="163,250,307,280" oya="2" hai0="50,97,52,104,71,122,102,61,134,41,93,64,86" hai1="24,15,89,76,99,53,44,9,127,20,130,111,6" hai2="77,73,67,8,105,69,62,88,34,57,70,96,119" hai3="92,38,82,22,108,0,60,58,14,132,124,91,85"/><V45/><F119/><W80/><G0/><T36/><D122/><U42/><E111/><V131/><F131/><W90/><G38/><T54/><D134/><U32/><E32/><V100/><F34/><W117/><G117/><T83/><D104/><U3/><E3/><V27/><F27/><W21/><G124/><T123/><D123/><U49/><E127/><V115/><F115/><W118/><G108/><T72/><D72/><U121/><E121/><V107/><F107/><W135/><G118/><T31/><D31/><U125/><E130/><V16/><F45/><W112/><G112/><T56/><D54/><U98/><E125/><V116/><F88/><W68/><G68/><T1/><D1/><U29/><E89/><V10/><F116/><W114/><G14/><T59/><D41/><U63/><E63/><V120/><F8/><W95/><G114/><T4/><D4/><U40/><E40/><V2/><F120/><W109/><G109/><T128/><D36/><U101/><E101/><V26/><F26/><W43/><G43/><T81/><D128/><U94/><E94/><V133/><F133/><W103/><G103/><T13/><D13/><U87/><E53/><V66/><F66/><W28/><G28/><T25/><D25/><U19/><REACH who="1" step="1"/><E29/><REACH who="1" ten="163,240,307,280" step="2"/><V23/><F2/><W46/><G135/><T5/><D71/><U33/><E33/><V39/><F70/><W47/><G132/><T129/><D129/><U51/><E51/><V106/><F69/><W17/><G60/><T113/><D113/><U126/><E126/><V78/><F106/><W75/><G95/><RYUUKYOKU ba="0,1" sc="163,-10,240,30,307,-10,280,-10" hai1="6,9,15,19,20,24,42,44,49,76,87,98,99" /><INIT seed="3,1,1,1,1,37" ten="153,270,297,270" oya="3" hai0="44,10,16,65,6,24,54,19,59,92,134,102,93" hai1="66,99,133,123,120,28,119,85,9,69,113,110,128" hai2="55,58,127,79,115,50,72,117,25,104,51,30,78" hai3="3,46,41,62,35,18,48,122,107,1,43,67,121"/><W87/><G35/><T126/><D134/><U63/><E28/><V33/><F115/><W0/><G107/><T22/><D126/><U2/><E85/><V103/><F127/><W36/><G18/><T131/><D131/><U111/><E99/><V61/><F117/><W21/><G21/><T98/><D44/><U53/><E113/><V42/><F72/><W132/><G132/><T95/><D65/><U15/><E2/><V29/><F29/><W81/><G43/><T125/><D125/><U56/><E15/><V71/><F51/><W124/><G36/><T26/><D26/><U20/><E20/><V7/><F7/><W116/><G116/><T40/><D19/><U4/><E9/><V34/><F34/><W74/><G74/><T114/><D114/><U52/><E4/><V5/><F5/><W91/><REACH who="3" step="1"/><G124/><REACH who="3" ten="153,270,297,260" step="2"/><T89/><D40/><U108/><E119/><V32/><F32/><W73/><G73/><T82/><D6/><U118/><E118/><V27/><F33/><W45/><G45/><T57/><D10/><U106/><E106/><V76/><F30/><W38/><G38/><T47/><D47/><U64/><E133/><V94/><F104/><W13/><G13/><T90/><D22/><U88/><E128/><V75/><F75/><W8/><G8/><T11/><D11/><U112/><E112/><V60/><F42/><W130/><G130/><T109/><D24/><U86/><E123/><V17/><F17/><W105/><G105/><T101/><D16/><U12/><E12/><V39/><F39/><W14/><G14/><T100/><D98/><RYUUKYOKU ba="1,2" sc="153,-10,270,-10,297,-10,260,30" hai3="0,1,3,41,46,48,62,67,81,87,91,121,122" /><INIT seed="3,2,2,0,0,26" ten="143,260,287,290" oya="3" hai0="66,121,37,48,109,34,30,9,29,31,104,38,58" hai1="76,80,87,70,117,39,11,134,93,32,14,78,54" hai2="95,43,103,40,63,69,16,88,97,102,56,107,131" hai3="115,17,67,65,15,36,41,73,129,132,62,113,0"/><W101/><G0/><T6/><D121/><U19/><E19/><V106/><F131/><W2/><G2/><T126/><D104/><U83/><E70/><V84/><F69/><W94/><G73/><T68/><D34/><U118/><E39/><V96/><REACH who="2" step="1"/><F16/><REACH who="2" ten="143,260,277,290" step="2"/><W28/><G17/><T25/><D109/><U124/><E118/><V116/><F116/><W77/><G129/><T27/><D126/><U135/><E117/><V51/><F51/><W72/><G36/><T82/><D38/><U45/><E124/><V74/><F74/><W75/><G75/><T42/><D37/><U50/><E135/><V100/><F100/><W120/><G101/><T64/><D68/><U20/><E134/><V79/><F79/><W127/><G77/><T123/><D123/><U91/><E78/><V3/><F3/><W119/><G72/><T81/><D27/><U7/><E32/><V122/><F122/><W125/><G120/><T112/><D25/><U53/><E76/><V33/><F33/><W71/><G71/><T4/><D112/><U89/><E89/><V46/><F46/><W133/><G119/><T105/><D9/><U13/><E13/><V5/><F5/><W59/><G15/><T110/><D110/><U114/><E114/><V22/><F22/><W128/><G128/><T8/><D8/><U85/><E20/><V35/><F35/><W90/><G115/><T47/><D4/><U18/><E7/><V130/><F130/><W61/><G113/><T1/><D6/><U57/><E87/><V44/><F44/><W23/><G127/><T111/><D1/><RYUUKYOKU ba="2,3" sc="143,-15,260,15,277,15,290,-15" hai1="11,14,18,45,50,53,54,57,80,83,85,91,93" hai2="40,43,56,63,84,88,95,96,97,102,103,106,107" /><INIT seed="4,3,3,3,2,42" ten="128,275,292,275" oya="0" hai0="2,55,103,105,102,135,34,30,54,123,118,36,72" hai1="62,9,74,117,4,78,128,40,110,58,85,14,22" hai2="44,131,115,41,8,45,20,52,13,127,119,111,12" hai3="56,63,90,98,39,80,65,11,122,91,48,3,116"/><T87/><D118/><U134/><E117/><V89/><F111/><W68/><G116/><T83/><D123/><U130/><E110/><V18/><F119/><W92/><G39/><T26/><D135/><U107/><E107/><V28/><F127/><W93/><G122/><T75/><D2/><U124/><E74/><V21/><F131/><N who="1" m="50217" /><E124/><V19/><F115/><W43/><G80/><T125/><D125/><U104/><E104/><V71/><F71/><W25/><G25/><T46/><D55/><U16/><E134/><V31/><F89/><W32/><G32/><T100/><D105/><U27/><E40/><V77/><F77/><W126/><G126/><T81/><D36/><U121/><E121/><V120/><F120/><W33/><G33/><T6/><D6/><U106/><E106/><V88/><F8/><W73/><G73/><T59/><D83/><N who="1" m="47351" /><E62/><V5/><F5/><W37/><G37/><T69/><D69/><U96/><E58/><V66/><F66/><W70/><G11/><T95/><D95/><U86/><E86/><V82/><F41/><W15/><G70/><T24/><D26/><U99/><AGARI ba="3,3" hai="4,9,14,16,22,27,96,99" m="47351,50217" machi="99" ten="30,2000,0" yaku="19,1,54,1" doraHai="42" who="1" fromWho="1" sc="128,-13,275,59,292,-8,275,-8" /><INIT seed="5,0,0,1,2,97" ten="115,334,284,267" oya="1" hai0="8,87,16,44,7,23,34,69,29,115,99,109,133" hai1="26,101,28,70,0,35,18,125,118,74,62,61,4" hai2="71,100,102,131,1,120,106,88,105,54,75,129,58" hai3="104,80,98,17,119,52,50,135,107,83,3,6,72"/><U91/><E118/><V60/><F1/><W9/><G119/><T124/><D109/><U123/><E123/><V42/><F120/><W53/><G135/><T65/><D133/><U59/><E125/><V36/><F75/><W95/><G53/><T43/><D124/><U67/><E74/><V96/><F71/><W128/><G17/><T12/><D115/><U113/><E113/><V40/><F88/><W33/><G33/><T22/><D87/><U27/><E91/><V55/><F96/><W2/><G3/><T132/><D132/><U49/><E49/><V48/><F36/><W127/><G128/><N who="2" m="49225" /><F106/><W103/><G127/><T19/><D65/><U78/><E78/><V56/><F105/><W116/><G116/><T92/><D69/><U13/><E26/><V51/><F60/><W122/><G122/><T126/><D126/><U24/><E24/><V117/><F117/><W30/><G30/><T93/><D29/><U46/><E46/><V121/><F121/><W64/><G64/><T111/><D111/><U68/><E62/><V85/><F85/><W11/><G11/><T47/><D34/><U31/><E31/><V38/><F38/><W66/><G66/><T45/><D43/><AGARI ba="0,0" hai="40,42,43,48,51,54,55,56,58,100,102" m="49225" machi="43" ten="30,3900,0" yaku="19,1,52,2" doraHai="97" who="2" fromWho="0" sc="115,-39,334,0,284,39,267,0" /><INIT seed="6,0,0,2,0,14" ten="76,334,323,267" oya="2" hai0="0,89,129,62,8,117,59,55,113,80,106,73,54" hai1="103,26,30,134,56,32,23,4,2,52,86,13,91" hai2="12,57,5,127,118,3,97,78,130,44,101,85,39" hai3="116,68,115,128,90,53,34,133,70,95,61,11,108"/><V36/><F118/><W64/><G116/><T21/><D106/><U15/><E134/><V77/><F127/><W121/><G34/><T67/><D117/><U58/><E103/><V65/><F130/><W109/><G121/><T29/><D129/><U20/><E58/><V87/><F3/><W47/><G128/><T41/><D41/><U99/><E99/><V22/><F39/><W37/><G11/><T126/><D126/><U119/><E119/><V9/><F36/><W125/><G90/><T35/><D35/><U93/><E2/><V60/><F44/><W24/><G24/><T6/><D113/><U16/><E4/><V104/><REACH who="2" step="1"/><F22/><REACH who="2" ten="76,334,313,267" step="2"/><W83/><G47/><T63/><D21/><N who="1" m="11407" /><E32/><V49/><F49/><W114/><G37/><T51/><D51/><N who="1" m="30751" /><E23/><V18/><F18/><W50/><G125/><T102/><D29/><U124/><E124/><V7/><F7/><W45/><G45/><T120/><D120/><U38/><E38/><V100/><F100/><W25/><G50/><T75/><D102/><U46/><E46/><V82/><F82/><W81/><G83/><T71/><D80/><U74/><E74/><V76/><AGARI ba="0,1" hai="5,9,12,57,60,65,76,77,78,85,87,97,101,104" machi="76" ten="30,12000,1" yaku="1,1,0,1,53,3" doraHai="14" doraHaiUra="72" who="2" fromWho="2" sc="76,-40,334,-40,313,130,267,-40" /><INIT seed="6,1,0,0,4,115" ten="36,294,443,227" oya="2" hai0="91,24,11,23,66,52,17,68,29,63,102,125,79" hai1="96,20,2,21,48,19,1,9,133,78,22,104,49" hai2="55,121,50,117,10,101,120,95,6,110,76,3,132" hai3="80,122,46,4,88,64,8,89,113,59,13,126,56"/><V130/><F117/><W70/><G122/><T67/><D125/><U109/><E109/><V84/><F110/><W69/><G126/><T42/><D79/><U92/><E104/><V47/><F130/><W37/><G113/><T134/><D134/><U119/><E78/><V12/><F132/><W93/><G70/><T97/><D42/><U94/><E133/><V86/><F86/><N who="3" m="50375" /><G69/><T118/><D67/><U51/><E96/><V34/><F34/><W41/><G37/><T31/><D91/><U26/><E26/><V135/><F135/><W71/><G71/><T111/><D111/><U107/><E107/><V57/><F101/><W105/><G105/><T72/><D72/><U45/><E45/><V30/><F30/><W14/><G14/><T73/><D73/><U87/><E87/><V77/><F77/><W15/><G15/><T99/><D118/><U75/><E75/><V128/><F3/><N who="1" m="1033" /><E19/><V27/><F27/><W36/><G64/><T0/><D97/><U35/><E35/><V33/><F33/><W5/><G5/><T108/><D108/><U103/><E103/><V106/><F106/><W116/><G116/><T7/><D52/><U112/><E112/><V81/><F95/><N who="1" m="36393" /><E119/><V60/><F120/><W123/><G123/><T82/><D82/><U62/><E62/><V127/><F121/><W54/><G54/><T98/><D98/><U18/><E18/><V16/><F127/><W38/><G38/><T65/><D66/><U61/><E61/><V44/><F44/><W53/><G53/><T83/><D83/><U131/><E131/><V124/><F124/><RYUUKYOKU ba="1,0" sc="36,10,294,10,443,-30,227,10" hai0="0,7,11,17,23,24,29,31,63,65,68,99,102" hai1="9,20,21,22,48,49,51" hai3="4,8,13,36,41,46,56,59,88,93" /><INIT seed="7,2,0,4,0,11" ten="46,304,413,237" oya="3" hai0="108,101,125,56,63,85,48,111,80,121,117,65,40" hai1="57,50,15,66,19,130,30,37,91,0,28,13,7" hai2="79,74,133,134,78,110,54,86,46,71,17,35,5" hai3="20,95,32,62,25,81,112,36,14,122,59,123,120"/><W94/><G36/><T34/><D101/><U102/><E0/><V61/><F35/><W115/><G32/><T43/><D34/><U47/><E37/><V38/><F5/><W53/><G81/><T105/><D105/><U135/><E135/><N who="2" m="51723" /><F74/><W16/><G25/><T1/><D1/><U60/><E102/><V70/><F110/><W42/><G42/><T21/><D21/><U114/><E130/><V4/><F4/><W72/><G72/><T88/><D121/><U84/><E114/><AGARI ba="2,0" hai="14,16,20,53,59,62,94,95,112,114,115,120,122,123" machi="114" ten="50,9600,0" yaku="15,1,52,1,54,1" doraHai="11" who="3" fromWho="1" sc="46,0,304,-102,413,0,237,102" /><INIT seed="7,3,0,1,0,17" ten="46,202,413,339" oya="3" hai0="130,27,8,23,73,110,133,103,64,60,134,115,33" hai1="6,68,93,12,4,32,0,118,9,69,104,89,99" hai2="78,90,122,86,75,114,34,55,74,100,28,48,39" hai3="49,92,7,16,47,50,128,117,87,67,109,25,126"/><W45/><G117/><T91/><D73/><U113/><E32/><V5/><F39/><W14/><G109/><T36/><D36/><U111/><E111/><V10/><F78/><W15/><G128/><T80/><D110/><U131/><E104/><V37/><F37/><W106/><G106/><T31/><D103/><U112/><E0/><V29/><F100/><W26/><G67/><T19/><D80/><U72/><E72/><V40/><F40/><N who="3" m="24935" /><G126/><T83/><D130/><U56/><E131/><V132/><F132/><W66/><G66/><T120/><D120/><U125/><E125/><V3/><F122/><W96/><G87/><T71/><D83/><U70/><E118/><V20/><F34/><W116/><G7/><T98/><D91/><U61/><E4/><V127/><F127/><W59/><G59/><T135/><D8/><U94/><E94/><V38/><F38/><W57/><G57/><T124/><D124/><U107/><E107/><V101/><F75/><W102/><G15/><T105/><D115/><U22/><E22/><V88/><F114/><W81/><G81/><T97/><D105/><U95/><E95/><V41/><F74/><W121/><G121/><T43/><D43/><U53/><AGARI ba="3,0" hai="6,9,12,53,56,61,68,69,70,89,93,99,112,113" machi="53" ten="40,1500,0" yaku="0,1" doraHai="17" who="1" fromWho="1" sc="46,-7,202,24,413,-7,339,-10" owari="39,-46.1,226,-17.4,406,50.6,329,12.9" /></mjloggm>