<mjloggm ver="2.3"><GO type="41" lobby="0"/><UN n0="%E7%B7%91%E8%99%8E" n1="%6E%6F%77%72%69%76%65%72" n2="%E3%83%97%E3%83%AD%E3%83%87%E3%83%A5%E3%83%BC%E8%A5%BF" n3="%E2%93%9D%4C%75%63%6B%79%4A" dan="15,13,14,18" rate="1975.09,1902.59,1932.46,2198.76" sx="M,M,M,M"/><TAIKYOKU oya="0"/><INIT seed="0,0,0,2,1,39" ten="250,250,250,250" oya="0" hai0="131,83,1,117,36,99,129,23,89,82,52,103,92" hai1="32,41,106,95,84,97,88,46,76,105,121,22,127" hai2="45,120,59,100,69,87,114,33,135,108,79,116,130" hai3="29,13,60,85,47,7,91,68,56,98,3,37,38"/><T66/><D117/><U51/><E32/><V62/><F100/><W55/><G3/><T80/><D36/><U16/><E121/><V122/><F79/><W11/><G68/><T2/><D66/><U53/><E127/><V61/><F87/><W73/><G73/><T42/><D23/><U8/><E8/><V67/><F33/><W18/><G29/><T111/><D111/><U43/><E105/><V49/><F108/><W31/><G31/><T4/><D4/><U28/><E28/><V81/><F81/><W110/><G98/><T132/><D132/><U107/><E107/><V71/><F116/><W119/><G119/><T9/><D9/><U63/><E63/><V104/><F104/><W126/><G126/><T112/><D112/><U134/><E134/><V93/><F93/><W40/><G38/><T15/><D15/><N who="1" m="9503" /><E106/><V65/><F135/><W26/><G26/><T113/><D113/><U25/><E25/><V115/><F130/><N who="0" m="49674" /><D103/><N who="1" m="60863" /><E76/><V102/><F102/><W48/><G110/><T70/><D70/><U58/><E58/><V24/><F24/><W74/><G37/><T34/><D34/><U101/><E101/><V50/><F59/><W90/><G74/><T20/><D20/><U35/><E35/><V12/><F12/><W133/><G133/><T94/><D94/><AGARI ba="0,0" hai="41,43,46,51,53,84,88,94" m="60863,9503" machi="94" ten="30,8000,1" yaku="8,1,52,2,54,2" doraHai="39" who="1" fromWho="0" sc="250,-80,250,80,250,0,250,0" /><INIT seed="1,0,0,3,2,3" ten="170,330,250,250" oya="1" hai0="4,123,134,7,55,9,135,36,96,18,11,23,24" hai1="105,81,124,43,31,89,60,109,112,116,93,125,113" hai2="126,25,111,78,29,12,132,21,127,95,129,107,94" hai3="40,133,33,62,108,68,77,70,90,30,97,102,75"/><U86/><E43/><V56/><F111/><W20/><G90/><T103/><D36/><U67/><E105/><V41/><F107/><W48/><G20/><T117/><D55/><U118/><E31/><V110/><F110/><W88/><G133/><N who="0" m="50699" /><D117/><N who="1" m="45163" /><E60/><V128/><F78/><W63/><G77/><T99/><D99/><N who="1" m="57775" /><E67/><V16/><F41/><W59/><G63/><T121/><D96/><U50/><E50/><V51/><F51/><W10/><G108/><T119/><D103/><U98/><E98/><V64/><F64/><W45/><G102/><T115/><D119/><U83/><E83/><V82/><F82/><W71/><G30/><T100/><D100/><U15/><E15/><V22/><F56/><W35/><G59/><T32/><D32/><U47/><E47/><V87/><F132/><W101/><G101/><T13/><D115/><N who="1" m="44107" /><E109/><V26/><F94/><W72/><G62/><T122/><D122/><U76/><AGARI ba="0,0" hai="76,81,86,124,125" m="44107,57775,45163" machi="76" ten="40,3900,0" yaku="34,2" doraHai="3" who="1" fromWho="1" sc="170,-13,330,39,250,-13,250,-13" /><INIT seed="1,1,0,2,2,92" ten="157,369,237,237" oya="1" hai0="15,3,123,54,112,38,35,18,69,34,124,21,22" hai1="130,28,84,1,110,79,107,37,88,74,76,75,7" hai2="0,50,57,95,9,83,115,135,55,12,27,98,131" hai3="19,87,13,25,126,32,23,68,119,80,10,81,73"/><U96/><E37/><V117/><F117/><W70/><G119/><T113/><D38/><U120/><E28/><V66/><F115/><W58/><G126/><T47/><D69/><U49/><E49/><V48/><F135/><W40/><G32/><T97/><D124/><U100/><E7/><V128/><F0/><W134/><G134/><T78/><D3/><U43/><E43/><V36/><F36/><W129/><G129/><T94/><D123/><U30/><E30/><V108/><F108/><W29/><G81/><T61/><D78/><N who="1" m="29739" /><E1/><V16/><F83/><W72/><G40/><T42/><D42/><U91/><E120/><V67/><F50/><W51/><G70/><T103/><D21/><U121/><E121/><V86/><F86/><W114/><G68/><T125/><D125/><U77/><E130/><N who="2" m="49707" /><F27/><W11/><G114/><T104/><D112/><U85/><E110/><V31/><F31/><W132/><G132/><T63/><D113/><U62/><E62/><V20/><F9/><W46/><G11/><T5/><D5/><U89/><E77/><V26/><F12/><W122/><G122/><T2/><D2/><U64/><E64/><V116/><F116/><W111/><G111/><T33/><REACH who="0" step="1"/><D104/><REACH who="0" ten="147,369,237,237" step="2"/><U6/><E6/><V59/><F59/><W44/><G58/><T71/><D71/><U4/><E4/><V93/><F93/><W14/><G80/><T24/><D24/><U102/><E102/><AGARI ba="1,1" hai="16,20,26,48,55,57,66,67,95,98,102" m="49707" machi="102" ten="30,3900,0" yaku="19,1,52,1,54,1" doraHai="92" who="2" fromWho="1" sc="147,0,369,-42,237,52,237,0" /><INIT seed="2,0,0,4,1,132" ten="147,327,289,237" oya="2" hai0="113,88,30,33,50,106,131,56,10,81,46,3,23" hai1="108,61,20,8,86,12,82,134,57,44,115,114,18" hai2="63,21,133,37,27,28,64,40,93,65,84,49,116" hai3="6,60,66,125,25,68,117,32,58,55,34,129,92"/><V69/><F116/><W9/><G117/><T80/><D113/><U76/><E108/><V24/><F133/><W124/><G92/><T48/><D106/><U41/><E134/><V123/><F123/><W109/><G109/><T101/><D101/><U122/><E122/><V135/><F135/><W14/><G129/><T39/><D33/><U94/><E94/><V130/><F65/><W110/><G110/><T19/><D131/><U29/><E29/><V7/><F37/><W47/><G47/><T38/><D30/><U4/><E57/><V71/><F7/><W70/><G25/><T0/><D56/><U96/><E61/><V11/><F11/><W35/><REACH who="3" step="1"/><G66/><REACH who="3" ten="147,327,289,227" step="2"/><T91/><D46/><U98/><E115/><V5/><F130/><W31/><G31/><T103/><D80/><U59/><E114/><V13/><F64/><W112/><G112/><T67/><D67/><U74/><E59/><V16/><F27/><W77/><G77/><T105/><D81/><U95/><E95/><V62/><F24/><W45/><G45/><T54/><D105/><U97/><E74/><V52/><F28/><W128/><G128/><T2/><D38/><U75/><E75/><V121/><F93/><W53/><G53/><T104/><D39/><U36/><E97/><V89/><F40/><W120/><G120/><T72/><D72/><U126/><E126/><AGARI ba="0,1" hai="6,9,14,32,34,35,55,58,60,68,70,124,125,126" machi="126" ten="50,8000,1" yaku="1,1,18,1,52,3,53,0" doraHai="132" doraHaiUra="90" who="3" fromWho="1" sc="147,0,327,-80,289,0,227,90" /><INIT seed="3,0,0,2,4,123" ten="147,247,289,317" oya="3" hai0="83,77,17,68,57,60,103,27,132,46,104,113,101" hai1="82,107,16,59,122,22,9,87,62,3,20,41,45" hai2="63,6,125,124,55,11,134,80,4,128,94,88,133" hai3="129,135,70,31,120,106,131,42,115,7,48,34,95"/><W108/><G120/><T12/><D68/><U105/><E122/><V1/><F80/><W5/><G106/><T81/><D132/><N who="2" m="50794" /><F63/><W111/><G135/><T100/><D113/><U126/><E126/><N who="2" m="48747" /><F55/><W18/><G115/><T65/><D104/><U25/><E22/><V47/><F47/><N who="3" m="25719" /><G18/><T43/><D27/><U15/><E3/><V24/><F24/><N who="3" m="18791" /><G70/><T116/><D116/><U114/><E114/><V78/><F78/><W118/><G118/><T56/><D56/><U44/><E105/><V73/><F73/><W69/><G69/><T99/><D99/><U35/><E107/><V19/><F19/><W98/><G7/><T32/><D77/><U10/><E41/><V66/><F66/><W97/><G5/><T0/><D81/><U36/><E36/><V37/><F37/><W119/><G119/><T91/><D83/><U29/><E44/><V40/><F40/><W14/><G98/><T112/><D112/><U86/><E45/><V84/><F6/><W121/><G121/><T109/><D46/><U54/><E87/><V51/><F51/><W110/><G14/><T74/><D43/><U2/><E2/><V64/><F64/><W26/><G26/><T39/><D0/><U75/><E75/><V93/><F93/><W38/><G38/><T53/><D74/><U13/><E13/><V50/><F50/><W72/><G72/><T102/><D39/><U85/><E85/><V79/><F79/><AGARI ba="0,0" hai="9,10,15,16,20,25,29,35,54,59,62,79,82,86" machi="79" ten="30,2000,0" yaku="7,1,54,1" doraHai="123" who="1" fromWho="2" sc="147,0,247,20,289,-20,317,0" /><INIT seed="4,0,0,5,1,61" ten="147,267,269,317" oya="0" hai0="20,41,123,91,52,133,89,27,45,49,117,6,99" hai1="78,102,105,106,113,82,83,92,3,97,109,31,110" hai2="21,62,129,71,1,33,57,58,135,131,127,112,114" hai3="79,120,73,17,63,47,0,95,81,53,96,19,76"/><T9/><D117/><U36/><E3/><V46/><F33/><W48/><G0/><T11/><D123/><U42/><E31/><V122/><F1/><W13/><G120/><T132/><D6/><U100/><E42/><V67/><F21/><W90/><G79/><T64/><D41/><U29/><E29/><V72/><F72/><W2/><G2/><T10/><D99/><U85/><E36/><V115/><F122/><W66/><REACH who="3" step="1"/><G13/><REACH who="3" ten="147,267,269,307" step="2"/><T50/><D132/><U124/><E124/><V118/><F135/><W23/><G23/><T101/><D133/><U26/><E26/><V77/><F118/><W84/><G84/><T43/><D20/><U75/><E113/><V111/><F77/><W8/><G8/><T104/><D27/><U22/><E22/><V74/><F74/><W86/><G86/><T25/><D25/><U70/><E70/><AGARI ba="0,1" hai="17,19,47,48,53,63,66,70,73,76,81,90,95,96" machi="70" ten="30,7700,0" yaku="1,1,7,1,52,1,53,1" doraHai="61" doraHaiUra="88" who="3" fromWho="1" sc="147,0,267,-77,269,0,307,87" /><INIT seed="5,0,0,1,3,1" ten="147,190,269,394" oya="1" hai0="48,84,28,102,118,115,117,11,16,106,108,113,121" hai1="77,76,67,39,34,72,6,53,12,43,37,86,33" hai2="98,83,47,122,74,94,89,14,101,96,78,85,10" hai3="73,69,71,135,107,120,79,104,63,42,26,21,66"/><U100/><E72/><V19/><F47/><W2/><G120/><T4/><D106/><U41/><E67/><V99/><REACH who="2" step="1"/><F122/><REACH who="2" ten="147,190,259,394" step="2"/><W125/><G71/><T80/><D121/><U103/><E6/><V54/><F54/><W131/><G66/><T55/><D108/><U132/><E53/><V111/><F111/><W35/><G42/><T30/><D117/><U110/><E110/><V22/><F22/><W31/><G21/><T57/><D118/><U134/><E86/><V32/><F32/><W116/><G35/><T44/><D44/><U90/><REACH who="1" step="1"/><E12/><REACH who="1" ten="147,180,259,394" step="2"/><V58/><F58/><W36/><G116/><T133/><D133/><U91/><AGARI ba="0,2" hai="33,34,37,39,41,43,76,77,90,91,100,103,132,134" machi="91" ten="25,18000,2" yaku="1,1,2,1,0,1,22,2,53,2" doraHai="1" doraHaiUra="97" who="1" fromWho="1" sc="147,-60,180,200,259,-60,394,-60" /><INIT seed="5,1,0,4,5,85" ten="87,380,199,334" oya="1" hai0="54,72,38,64,120,69,3,45,133,9,66,109,82" hai1="11,129,131,124,13,22,78,27,119,125,29,40,96" hai2="43,4,31,110,34,15,102,113,107,75,116,134,25" hai3="73,20,81,35,105,21,92,2,121,56,84,14,57"/><U52/><E78/><V62/><F116/><W59/><G35/><T49/><D109/><U122/><E40/><V68/><F110/><W0/><G105/><T79/><D120/><U70/><E70/><V100/><F43/><W118/><G73/><T24/><D133/><U28/><E96/><N who="2" m="61831" /><F102/><W87/><G121/><T19/><D69/><U94/><E94/><V126/><F134/><W48/><G2/><T63/><D63/><U77/><E77/><V117/><F117/><W108/><G0/><T55/><D55/><U127/><E52/><V36/><F36/><W89/><G118/><T76/><D76/><U26/><E119/><V51/><F51/><W83/><G108/><T44/><D19/><N who="1" m="8639" /><E122/><V23/><F75/><W41/><G14/><T90/><D24/><N who="1" m="9259" /><E22/><N who="3" m="8810" /><G87/><T33/><D33/><U7/><E7/><V32/><F32/><W17/><G17/><T101/><D101/><U74/><E74/><V128/><F23/><W95/><G83/><T5/><REACH who="0" step="1"/><D90/><REACH who="0" ten="77,380,199,334" step="2"/><U18/><E18/><V1/><F68/><W6/><G6/><T10/><D10/><U53/><E53/><V46/><F4/><W111/><G111/><T97/><D97/><U123/><E123/><V67/><F67/><W130/><G41/><T60/><D60/><U37/><BYE who="0" /><E37/><V80/><F62/><W12/><G48/><T93/><D93/><U16/><E16/><V58/><F1/><W104/><G95/><T135/><D135/><U106/><E106/><UN n0="%E7%B7%91%E8%99%8E" /><V8/><F34/><W99/><G104/><T88/><D88/><U61/><E61/><V30/><F8/><W39/><G99/><RYUUKYOKU ba="1,1" sc="77,15,380,15,199,-15,334,-15" hai0="3,5,9,38,44,45,49,54,64,66,72,79,82" hai1="28,29,124,125,127,129,131" /><INIT seed="5,2,1,0,2,25" ten="92,395,184,319" oya="1" hai0="93,108,112,102,4,28,27,23,51,65,67,83,123" hai1="115,85,52,5,32,13,16,91,72,134,33,82,29" hai2="132,114,7,37,117,14,50,17,104,39,54,70,77" hai3="98,124,75,88,81,0,59,94,38,45,49,1,84"/><U89/><E115/><V3/><F117/><W73/><G38/><T99/><D108/><U46/><E134/><V19/><F70/><W58/><G1/><T118/><D118/><U71/><E71/><V34/><F104/><W40/><G0/><T106/><D112/><U69/><E69/><V56/><F114/><W121/><G121/><T64/><D123/><U131/><E131/><V126/><F34/><W36/><G124/><T61/><D4/><U57/><E5/><V127/><F3/><W109/><G109/><T110/><D110/><U30/><E72/><V2/><F2/><W68/><G68/><T8/><D8/><U116/><E116/><V86/><F7/><W42/><G42/><T60/><D106/><U55/><E33/><V53/><F19/><W135/><G135/><T101/><D101/><U62/><E32/><V107/><F107/><W31/><G31/><T35/><D35/><U11/><E91/><V100/><F100/><W120/><G120/><T87/><REACH who="0" step="1"/><D51/><AGARI ba="2,1" hai="11,13,16,29,30,46,51,52,55,57,62,82,85,89" machi="51" ten="40,18000,2" yaku="25,2,8,1,52,2,54,2" doraHai="25" who="1" fromWho="0" sc="92,-186,395,196,184,0,319,0" owari="-94,-59.4,591,69.1,184,-21.6,319,11.9" /></mjloggm>