<mjloggm ver="2.3"><GO type="41" lobby="0"/><UN n0="%E2%93%9D%4C%75%63%6B%79%4A" n1="%E4%BA%AC%E7%95%BF%E5%8D%81%E4%B8%89" n2="%E7%B3%96%E5%BF%83%E8%A9%B1%E6%A2%85" n3="%E3%81%82%E3%81%91%E3%81%B3%E3%81%93%E3%81%BF%E3%81%A1" dan="17,14,15,13" rate="2153.30,1859.01,2042.04,1840.13" sx="M,F,M,F"/><TAIKYOKU oya="0"/><INIT seed="0,0,0,4,3,61" ten="250,250,250,250" oya="0" hai0="72,65,74,116,121,127,43,114,48,45,58,30,110" hai1="12,16,10,103,124,78,79,18,17,3,14,27,53" hai2="62,29,59,52,56,115,119,39,83,107,54,76,125" hai3="84,40,111,126,123,64,106,36,93,68,32,5,69"/><T41/><D121/><U118/><E118/><V23/><F115/><W96/><G123/><T37/><D114/><U6/><E124/><V20/><F107/><W47/><G126/><T28/><D127/><U112/><E112/><V92/><F125/><W19/><G19/><T42/><D116/><U4/><E103/><V1/><F119/><W98/><G69/><T95/><D74/><U7/><E53/><V90/><F39/><W89/><G5/><N who="1" m="2154" /><E79/><V85/><F29/><N who="0" m="11370" /><D72/><U122/><E78/><V75/><REACH who="2" step="1"/><F1/><REACH who="2" ten="250,250,240,250" step="2"/><W71/><G106/><T26/><D37/><U109/><E122/><V91/><F91/><W8/><G32/><T128/><D110/><U21/><E109/><V94/><F94/><W99/><G111/><T67/><D95/><U80/><E80/><V81/><F81/><W15/><G71/><T105/><D105/><U63/><E63/><AGARI ba="0,1" hai="20,23,52,54,56,59,62,63,75,76,83,85,90,92" machi="63" ten="30,7700,0" yaku="1,1,7,1,9,1,54,1,53,0" doraHai="61" doraHaiUra="44" who="2" fromWho="1" sc="250,0,250,-77,240,87,250,0" /><INIT seed="1,0,0,2,2,114" ten="250,173,327,250" oya="1" hai0="37,57,119,105,87,116,71,79,9,93,73,121,128" hai1="59,85,25,0,22,61,35,124,10,19,43,44,125" hai2="15,53,75,18,51,129,110,12,107,1,36,99,14" hai3="74,70,41,54,17,60,84,113,130,92,39,8,101"/><U134/><E134/><V13/><F1/><W96/><G113/><T80/><D71/><U133/><E133/><V135/><F135/><W47/><G74/><T123/><D37/><U26/><E85/><V2/><F2/><W3/><G130/><T89/><D57/><U77/><E77/><V42/><F110/><W62/><G84/><T64/><D64/><U72/><E72/><V115/><F115/><W69/><G3/><T82/><D9/><U132/><E132/><V98/><F75/><W76/><G76/><N who="0" m="44303" /><D105/><U94/><E94/><V11/><F129/><W29/><G29/><T126/><D126/><U4/><E26/><V108/><F108/><W127/><G127/><T90/><D128/><U117/><E117/><N who="0" m="45129" /><D90/><U5/><E5/><V112/><F112/><W20/><G8/><T66/><D66/><U78/><E78/><V95/><F107/><W38/><G38/><T40/><D40/><U58/><E35/><V103/><F42/><W118/><G118/><T33/><D33/><U52/><REACH who="1" step="1"/><E58/><REACH who="1" ten="250,163,327,250" step="2"/><V81/><F11/><W88/><G70/><T131/><D131/><U21/><E21/><V7/><F7/><W46/><G69/><T16/><D16/><U86/><E86/><AGARI ba="0,1" hai="79,80,86,87,89,93,121,123" m="45129,44303" machi="86" ten="30,8000,1" yaku="34,2,52,3" doraHai="114" who="0" fromWho="1" sc="250,90,163,-80,327,0,250,0" /><INIT seed="2,0,0,1,4,112" ten="340,83,327,250" oya="2" hai0="8,44,22,91,36,35,11,102,135,42,69,23,21" hai1="15,80,120,0,46,39,71,82,13,130,113,124,77" hai2="111,59,96,29,4,54,85,28,73,110,75,115,9" hai3="100,90,74,101,83,41,61,56,16,27,53,51,116"/><V105/><F115/><W92/><G116/><T65/><D35/><U34/><E113/><V58/><F85/><W95/><G74/><T76/><D102/><U87/><E120/><V2/><F105/><W57/><G83/><T32/><D32/><U12/><E0/><V14/><F96/><N who="3" m="57367" /><G95/><T86/><D135/><U45/><E34/><V125/><F125/><W118/><G118/><T70/><D76/><U62/><E124/><V24/><F2/><W79/><G79/><T64/><D70/><U10/><E130/><V117/><F117/><W78/><G78/><T114/><D114/><U63/><E10/><V131/><F131/><W89/><G89/><T48/><D36/><U126/><E126/><V93/><F93/><W3/><G3/><T98/><D98/><U38/><E77/><V37/><F37/><W127/><G127/><T19/><D69/><U107/><E15/><V67/><F67/><N who="0" m="25674" /><D19/><U6/><E87/><V123/><F123/><W68/><G68/><T97/><D97/><U47/><E47/><V99/><F99/><W106/><G106/><T50/><D50/><U128/><E128/><V72/><F24/><W84/><G84/><T20/><N who="0" m="5120" /><DORA hai="88" /><T5/><D5/><U49/><E71/><V132/><F132/><W104/><G104/><T25/><D25/><U17/><E107/><V33/><F33/><W60/><G60/><T109/><D109/><N who="2" m="41482" /><F58/><W103/><G57/><T121/><D121/><U66/><E66/><V26/><F26/><W133/><G133/><T134/><D134/><U122/><E122/><V31/><F59/><W40/><G61/><RYUUKYOKU ba="0,0" sc="340,10,83,-30,327,10,250,10" hai0="8,11,42,44,48,86,91" hai2="4,9,14,28,29,31,54,72,73,75" hai3="16,27,40,41,51,53,56,100,101,103" /><INIT seed="2,1,0,1,2,37" ten="350,53,337,260" oya="2" hai0="88,126,120,66,67,63,115,74,54,135,106,94,100" hai1="12,116,104,78,76,99,23,84,64,3,1,34,53" hai2="131,29,52,92,103,20,70,28,6,123,18,62,9" hai3="127,22,57,79,125,39,101,87,41,17,16,134,14"/><V102/><BYE who="1" /><F123/><W89/><G79/><T91/><D115/><U129/><E129/><V73/><F73/><W96/><G17/><T85/><D120/><U8/><E8/><V15/><F131/><UN n1="%E4%BA%AC%E7%95%BF%E5%8D%81%E4%B8%89" /><W4/><G4/><T111/><D111/><U93/><E116/><V36/><F36/><W114/><G114/><T65/><D126/><N who="3" m="48137" /><G134/><T107/><D74/><U43/><E34/><V10/><F10/><W121/><G121/><T82/><D100/><N who="2" m="38442" /><F70/><W38/><G38/><T56/><REACH who="0" step="1"/><D135/><REACH who="0" ten="340,53,337,260" step="2"/><U81/><E104/><V33/><F33/><W124/><G124/><T5/><D5/><U105/><E105/><V2/><F6/><W90/><G101/><T80/><D80/><U118/><E118/><V32/><F32/><W26/><G96/><AGARI ba="1,1" hai="54,56,63,65,66,67,82,85,88,91,94,96,106,107" machi="96" ten="40,5200,0" yaku="1,1,54,1,53,1" doraHai="37" doraHaiUra="55" who="0" fromWho="3" sc="340,65,53,0,337,0,260,-55" /><INIT seed="3,0,0,1,2,1" ten="405,53,337,205" oya="3" hai0="105,70,49,53,111,32,57,80,46,58,73,64,127" hai1="8,83,19,126,93,45,43,117,120,121,33,109,100" hai2="82,39,134,128,110,98,88,6,4,89,132,16,20" hai3="101,62,115,74,84,14,9,69,10,135,21,2,42"/><W97/><G74/><T92/><D105/><U113/><E113/><V125/><F39/><W78/><G2/><T118/><D32/><U44/><E33/><V103/><F110/><W54/><G115/><T86/><D118/><U124/><E109/><V91/><F128/><W7/><G42/><T27/><D73/><U107/><E117/><V106/><F82/><W15/><G69/><T114/><D127/><N who="1" m="48683" /><E107/><V3/><F125/><W133/><G21/><T81/><D81/><U79/><E19/><V30/><F3/><W72/><G72/><T5/><D70/><U25/><E25/><V48/><F48/><W108/><G108/><T17/><D64/><U35/><E35/><V65/><F65/><W29/><G29/><T26/><D27/><U13/><E93/><V96/><F96/><W112/><G112/><T95/><D95/><U50/><E100/><V94/><F30/><W55/><G97/><T18/><D92/><U60/><E60/><V23/><F23/><W40/><G40/><T116/><D116/><U66/><E66/><V22/><F22/><W130/><G62/><T71/><D114/><U85/><E45/><V77/><F77/><W87/><G101/><T75/><D111/><U51/><E51/><V36/><F36/><W129/><G78/><T0/><D49/><U61/><E61/><V59/><F59/><W119/><G119/><T41/><D58/><U38/><E38/><V99/><F106/><W47/><G47/><T104/><D46/><U12/><E8/><V34/><F34/><W131/><G131/><T68/><D104/><U102/><E102/><RYUUKYOKU ba="0,0" sc="405,-15,53,15,337,-15,205,15" hai1="12,13,43,44,50,79,83,85,120,121" hai3="7,9,10,14,15,54,55,84,87,129,130,133,135" /><INIT seed="3,1,0,2,5,133" ten="390,68,322,220" oya="3" hai0="53,112,62,1,80,8,34,10,29,120,31,125,38" hai1="117,43,72,49,55,83,13,48,108,73,46,114,135" hai2="60,33,118,113,23,68,61,92,79,91,25,40,105" hai3="76,4,71,26,116,14,47,127,121,42,96,41,24"/><W17/><G121/><T65/><D120/><U50/><E114/><V59/><F113/><W63/><G116/><T51/><D38/><U94/><E117/><V15/><F105/><W110/><G42/><T102/><D102/><U64/><E108/><V129/><F129/><W75/><G96/><T115/><D80/><U85/><E135/><V106/><F106/><W78/><G63/><T44/><D34/><U2/><E2/><V22/><F68/><W28/><G71/><T56/><D10/><U131/><E131/><V69/><F69/><W12/><G75/><T32/><D32/><U54/><E64/><V6/><F79/><W107/><G107/><T20/><D20/><U57/><E94/><V87/><F118/><W70/><G70/><T93/><D93/><U99/><E99/><V128/><F128/><W18/><G110/><T37/><D37/><U35/><E35/><V95/><F40/><W36/><G4/><N who="0" m="1039" /><D31/><U123/><E13/><V5/><F61/><W126/><G36/><T98/><D29/><U27/><E27/><V81/><F33/><W16/><G28/><T111/><D98/><U30/><E30/><N who="2" m="17719" /><F6/><W58/><G41/><T39/><D39/><N who="1" m="21887" /><E123/><V0/><F0/><W74/><G74/><N who="1" m="28778" /><E57/><V103/><F103/><W45/><G18/><T109/><D115/><U130/><E130/><V124/><F5/><W90/><G58/><T134/><D112/><U52/><E48/><V11/><F59/><W9/><G9/><T88/><D111/><U89/><E49/><V21/><F11/><W86/><G86/><T66/><D109/><U104/><E104/><RYUUKYOKU ba="1,0" sc="390,-15,68,15,322,-15,220,15" hai1="50,52,54,55,83,85,89" hai3="12,14,16,17,24,26,45,47,76,78,90,126,127" /><INIT seed="3,2,0,4,5,4" ten="375,83,307,235" oya="3" hai0="84,115,43,64,73,93,100,103,97,22,39,23,122" hai1="0,121,33,94,69,117,20,36,27,128,48,101,75" hai2="87,42,29,112,51,60,90,107,9,12,65,85,79" hai3="44,126,3,2,38,32,135,92,28,119,47,21,55"/><W6/><G119/><T120/><D64/><U98/><E121/><V130/><F112/><W71/><G71/><T104/><D43/><U110/><E36/><V50/><F107/><W52/><G32/><T99/><D39/><U34/><E117/><V57/><F130/><W89/><G2/><T67/><D67/><U96/><E110/><V68/><F68/><W83/><G83/><T91/><D23/><U118/><E118/><V35/><F79/><W58/><G55/><T82/><D22/><U125/><E125/><V81/><F29/><W40/><G126/><T1/><D1/><U49/><E75/><V16/><F35/><W77/><G77/><N who="0" m="44335" /><D115/><U19/><E69/><V127/><F127/><W59/><G135/><T31/><D31/><U18/><E0/><V72/><F72/><W108/><G108/><T54/><D54/><U86/><E128/><V131/><F131/><W123/><G123/><T78/><D78/><U7/><E7/><V80/><F42/><W30/><G30/><T88/><D91/><U109/><E109/><V37/><F37/><W70/><G70/><T102/><D103/><U15/><E34/><V132/><F132/><W53/><G28/><T106/><AGARI ba="2,0" hai="84,88,93,97,99,100,102,104,106,120,122" m="44335" machi="106" ten="30,7900,0" yaku="24,1,34,2,54,1" doraHai="4" who="0" fromWho="0" sc="375,85,83,-22,307,-22,235,-41" /><INIT seed="4,0,0,0,2,127" ten="460,61,285,194" oya="0" hai0="91,43,25,46,30,9,87,116,8,57,23,34,76" hai1="106,67,83,110,11,64,82,31,109,53,81,17,66" hai2="120,101,52,54,100,73,128,77,80,112,74,7,115" hai3="104,68,4,18,111,60,0,72,10,24,20,96,79"/><T123/><D123/><U55/><E106/><V129/><F7/><W28/><G111/><T5/><D116/><U47/><E31/><V63/><F120/><W122/><G122/><T51/><D76/><U22/><E11/><V38/><F38/><W124/><G124/><T62/><D34/><U75/><E75/><V113/><F74/><W44/><G44/><T37/><D37/><U102/><E102/><BYE who="1" /><N who="2" m="39531" /><F63/><W131/><G96/><T48/><D51/><U105/><E105/><V88/><F88/><W70/><G104/><T92/><REACH who="0" step="1"/><D5/><REACH who="0" ten="450,61,285,194" step="2"/><UN n1="%E4%BA%AC%E7%95%BF%E5%8D%81%E4%B8%89" /><U41/><E41/><V16/><F16/><W103/><G79/><T132/><D132/><U19/><E47/><V108/><F108/><W133/><G133/><T40/><D40/><U26/><E19/><V94/><F94/><W42/><G42/><T90/><D90/><U56/><REACH who="1" step="1"/><E55/><AGARI ba="0,1" hai="52,54,55,73,77,80,112,113,115,128,129" m="39531" machi="55" ten="40,8000,1" yaku="15,1,52,2,54,1" doraHai="127" who="2" fromWho="1" sc="450,0,61,-80,285,90,194,0" /><AGARI ba="0,0" hai="8,9,23,25,30,43,46,48,55,57,62,87,91,92" machi="55" ten="30,5800,0" yaku="1,1,7,1,8,1,53,0" doraHai="127" doraHaiUra="118" who="0" fromWho="1" sc="450,58,-19,-58,375,0,194,0" owari="508,60.8,-77,-57.7,375,17.5,194,-20.6" /></mjloggm>