<mjloggm ver="2.3"><GO type="41" lobby="0"/><UN n0="%E5%B0%8F%E5%AE%AE%E7%95%B3%E5%BA%97" n1="%E2%93%9D%4C%75%63%6B%79%4A" n2="%6B%75%72%6F%6D%61%74%65" n3="%E3%82%BD%E3%83%AD%E3%83%88%E3%83%95" dan="14,17,13,13" rate="1953.90,2141.52,1851.31,1965.35" sx="M,M,M,M"/><TAIKYOKU oya="0"/><INIT seed="0,0,0,0,3,63" ten="250,250,250,250" oya="0" hai0="90,38,42,9,129,118,32,35,24,130,94,135,34" hai1="33,14,1,72,52,10,103,29,101,27,13,88,4" hai2="57,79,117,47,73,16,110,67,131,68,39,53,60" hai3="69,97,126,59,56,44,5,21,82,107,58,2,109"/><T86/><D118/><U93/><E72/><V18/><F110/><W75/><G109/><T76/><D135/><U28/><E29/><V36/><F131/><W49/><G126/><T99/><D24/><U62/><E14/><V48/><F117/><W71/><G21/><T80/><REACH who="0" step="1"/><D9/><REACH who="0" ten="240,250,250,250" step="2"/><U96/><REACH who="1" step="1"/><E13/><REACH who="1" ten="240,240,250,250" step="2"/><V89/><F39/><W22/><G2/><T74/><D74/><U50/><E50/><V6/><F6/><W87/><G5/><T0/><D0/><U40/><E40/><N who="2" m="22919" /><F89/><W12/><G75/><T17/><D17/><U20/><E20/><V105/><F105/><W46/><G22/><T30/><D30/><U119/><E119/><V65/><F73/><W31/><G31/><T114/><D114/><U121/><E121/><V122/><F122/><W98/><G107/><T91/><D91/><U3/><E3/><V7/><F7/><W132/><G12/><T111/><D111/><U55/><E55/><V100/><F79/><W85/><G132/><T124/><D124/><U77/><E77/><V25/><F100/><W19/><G19/><N who="2" m="7209" /><F25/><W134/><G134/><T106/><D106/><U64/><E64/><AGARI ba="0,2" hai="48,53,57,60,64,65,67,68" m="7209,22919" machi="64" ten="30,8000,1" yaku="24,1,52,3,54,1" doraHai="63" who="2" fromWho="1" sc="240,0,240,-80,250,100,250,0" /><INIT seed="1,0,0,1,2,24" ten="240,160,350,250" oya="1" hai0="116,98,51,110,50,34,68,45,10,12,114,43,85" hai1="104,11,125,82,80,39,31,94,78,17,63,3,107" hai2="26,99,48,95,124,77,88,35,111,18,65,81,73" hai3="54,58,79,9,49,92,14,132,64,38,127,118,83"/><U8/><E39/><V135/><F111/><W21/><G118/><T71/><D110/><U89/><E3/><V46/><F135/><W15/><G38/><T22/><D114/><U29/><E125/><V106/><F124/><W20/><G127/><T41/><D34/><U91/><E63/><V56/><F106/><W120/><G120/><T131/><D131/><U27/><E27/><V66/><F56/><W28/><G132/><T57/><D98/><U32/><E32/><V53/><F18/><W42/><G92/><T55/><D43/><U52/><E17/><V7/><REACH who="2" step="1"/><F7/><REACH who="2" ten="240,160,340,250" step="2"/><W101/><G101/><T128/><D116/><U93/><E78/><V76/><F76/><W121/><G121/><T130/><D128/><U61/><E61/><V1/><F1/><W60/><G42/><T69/><D130/><U47/><E47/><V108/><F108/><W75/><G15/><T113/><D113/><U36/><E36/><V84/><F84/><W44/><REACH who="3" step="1"/><G28/><AGARI ba="0,1" hai="26,28,35,46,48,53,65,66,73,77,81,88,95,99" machi="28" ten="40,5200,0" yaku="1,1,52,1,54,1,53,0" doraHai="24" doraHaiUra="59" who="2" fromWho="3" sc="240,0,160,0,340,62,250,-52" /><INIT seed="2,0,0,4,0,125" ten="240,160,402,198" oya="2" hai0="64,120,76,100,133,119,29,111,77,58,116,62,75" hai1="83,106,30,5,19,36,87,134,50,90,7,23,81" hai2="105,10,112,80,86,6,27,12,71,124,101,4,104" hai3="92,18,121,56,132,15,118,126,46,41,88,39,16"/><V84/><F112/><W114/><G118/><N who="0" m="45099" /><D120/><U3/><E36/><V82/><F71/><W109/><G121/><T28/><D111/><U9/><E106/><V24/><F124/><W20/><G109/><T72/><D133/><U66/><E7/><V68/><F68/><W38/><G38/><T65/><D100/><U57/><E30/><N who="0" m="11881" /><D65/><U31/><E31/><V43/><F43/><W35/><G35/><T61/><D62/><U67/><E134/><V89/><F101/><W59/><G114/><T49/><D49/><U25/><E57/><V131/><F12/><W53/><G126/><T130/><D130/><U42/><REACH who="1" step="1"/><E83/><REACH who="1" ten="240,150,402,198" step="2"/><V113/><F113/><W123/><G123/><T26/><D26/><U34/><E34/><V78/><F6/><W95/><G132/><T44/><D44/><AGARI ba="0,1" hai="3,5,9,19,23,25,42,44,50,66,67,81,87,90" machi="44" ten="40,1300,0" yaku="1,1,53,0" doraHai="125" doraHaiUra="98" who="1" fromWho="0" sc="240,-13,150,23,402,0,198,0" /><INIT seed="3,0,0,1,5,107" ten="227,173,402,198" oya="3" hai0="46,45,21,38,119,19,44,87,37,51,133,108,35" hai1="15,105,103,114,81,4,83,112,20,124,59,127,74" hai2="75,8,134,53,41,61,32,36,129,57,131,52,99" hai3="126,9,49,48,39,88,18,2,10,50,123,95,0"/><W25/><G123/><T70/><D119/><U71/><E59/><V102/><F32/><W28/><G39/><T12/><D70/><U118/><E4/><V98/><F134/><W132/><G132/><T97/><D108/><U42/><E15/><V135/><F135/><W91/><G126/><N who="1" m="48170" /><E20/><V31/><F31/><W79/><G79/><T77/><D35/><U80/><E42/><V3/><F53/><W24/><G49/><T130/><D130/><N who="2" m="49674" /><F99/><W66/><G95/><T26/><D133/><U7/><E7/><N who="2" m="1151" /><F41/><W11/><G66/><T58/><D37/><U96/><E71/><V73/><F36/><W56/><G11/><T63/><D38/><U113/><E118/><V64/><F64/><W62/><G56/><T116/><D116/><U101/><E103/><V60/><F60/><W104/><G62/><T27/><D51/><U106/><E106/><AGARI ba="0,0" hai="52,57,61,73,75,98,102,106" m="1151,49674" machi="106" ten="30,7700,0" yaku="19,1,52,2,54,1" doraHai="107" who="2" fromWho="1" sc="227,0,173,-77,402,77,198,0" /><INIT seed="4,0,0,4,4,54" ten="227,96,479,198" oya="0" hai0="110,45,25,12,76,60,116,111,63,72,36,130,41" hai1="88,66,33,20,113,87,126,14,125,11,19,102,56" hai2="70,52,131,42,43,16,8,103,128,71,101,97,124" hai3="82,40,57,3,48,85,10,65,89,55,13,64,68"/><T29/><D116/><U69/><E33/><V99/><F124/><N who="1" m="47721" /><E102/><V79/><F79/><W6/><G3/><T22/><D130/><U129/><E69/><V0/><F0/><W107/><G107/><T49/><D36/><U28/><E129/><V37/><F37/><W74/><G74/><T120/><D120/><U26/><E113/><V121/><F121/><W50/><G68/><T47/><D47/><AGARI ba="0,0" hai="6,10,13,40,47,48,50,55,57,64,65,82,85,89" machi="47" ten="40,2600,0" yaku="8,1,52,1" doraHai="54" who="3" fromWho="0" sc="227,-26,96,0,479,0,198,26" /><INIT seed="5,0,0,2,3,25" ten="201,96,479,224" oya="1" hai0="16,96,38,115,126,98,23,81,79,95,133,4,127" hai1="78,112,40,71,132,48,20,74,92,93,35,36,0" hai2="72,117,88,8,128,7,22,60,125,99,100,33,106" hai3="30,102,14,134,120,84,68,121,85,109,65,49,52"/><U103/><E35/><V24/><F117/><W70/><G102/><T3/><D38/><U31/><E71/><V116/><F116/><W15/><G134/><T34/><D34/><U64/><E0/><V42/><F72/><W56/><G109/><T94/><D115/><U113/><E64/><V105/><F33/><W89/><G65/><T129/><D129/><U114/><E36/><V9/><F128/><W67/><G67/><T75/><D133/><U44/><E132/><V80/><F125/><N who="0" m="47626" /><D4/><U123/><E123/><V6/><F60/><W46/><G89/><T58/><D58/><U13/><E103/><V97/><F42/><W66/><G66/><T47/><D47/><U101/><E101/><V90/><F100/><W37/><G37/><T29/><D29/><U28/><E78/><V1/><F80/><W55/><G46/><T5/><D5/><U130/><E74/><V124/><F124/><W50/><G56/><T21/><D21/><U76/><E76/><V62/><F62/><W45/><G45/><T77/><D77/><U104/><E104/><V108/><F108/><W11/><G11/><T119/><D3/><U91/><E130/><V122/><F122/><W83/><G120/><T57/><D57/><U17/><REACH who="1" step="1"/><E93/><REACH who="1" ten="201,86,479,224" step="2"/><N who="0" m="35337" /><D119/><U135/><E135/><V82/><F1/><W32/><G121/><T73/><D75/><U87/><AGARI ba="0,1" hai="13,17,20,28,31,40,44,48,87,91,92,112,113,114" machi="87" ten="30,24000,3" yaku="1,1,0,1,15,1,52,2,53,3" doraHai="25" doraHaiUra="110" who="1" fromWho="1" sc="201,-80,86,250,479,-80,224,-80" /><INIT seed="5,1,0,1,2,110" ten="121,336,399,144" oya="1" hai0="132,23,99,29,82,59,72,64,74,96,0,63,45" hai1="10,105,7,49,57,39,48,104,80,5,33,98,126" hai2="116,125,37,32,120,55,34,111,90,43,113,131,56" hai3="86,106,19,21,108,8,134,13,40,102,88,44,73"/><U50/><E39/><V81/><F120/><W95/><G73/><T112/><D132/><U68/><E68/><V87/><F111/><W130/><G130/><T119/><D119/><U20/><E33/><V6/><F116/><W30/><G134/><T75/><D0/><U22/><E57/><V91/><F131/><W28/><G108/><T123/><D123/><U65/><E65/><V66/><F125/><W47/><G47/><T15/><D82/><U3/><E7/><V79/><F66/><W128/><G128/><T69/><D69/><U24/><E22/><V135/><F135/><W2/><G106/><T89/><D45/><U53/><E53/><V17/><F6/><W46/><G46/><T71/><D71/><U11/><E11/><V77/><F17/><W14/><G102/><T129/><D129/><U9/><E10/><V114/><F79/><W61/><G61/><T58/><D58/><U18/><E126/><V54/><F43/><W133/><G133/><T124/><D124/><U83/><REACH who="1" step="1"/><E105/><REACH who="1" ten="121,326,399,144" step="2"/><V93/><F37/><W100/><G2/><T31/><D59/><U1/><E1/><V26/><F55/><W36/><REACH who="3" step="1"/><G100/><AGARI ba="1,1" hai="3,5,9,18,20,24,48,49,50,80,83,98,100,104" machi="100" ten="40,2000,0" yaku="1,1,53,0" doraHai="110" doraHaiUra="42" who="1" fromWho="3" sc="121,0,326,33,399,0,144,-23" /><INIT seed="5,2,0,1,4,63" ten="121,359,399,121" oya="1" hai0="7,22,66,102,38,65,73,110,68,51,88,107,54" hai1="120,118,99,47,55,56,36,35,91,128,86,105,15" hai2="48,43,13,52,123,77,98,74,12,85,122,11,4" hai3="39,62,27,18,37,58,108,121,0,21,45,10,29"/><U83/><E120/><V46/><F74/><W114/><G108/><T81/><D38/><U90/><E35/><V57/><F98/><W6/><G121/><T44/><D68/><U41/><E128/><V124/><F13/><W115/><G45/><T134/><D110/><U8/><E118/><V127/><F124/><W25/><G39/><T40/><D107/><U50/><E105/><V116/><F116/><W109/><G37/><T42/><D102/><U135/><E135/><V82/><F127/><W76/><G76/><T87/><D73/><U72/><E72/><V19/><F19/><W97/><G97/><T96/><D96/><U112/><E112/><V53/><F53/><W17/><G109/><T100/><D100/><U117/><E117/><V129/><F129/><W9/><G62/><AGARI ba="2,0" hai="4,11,12,43,46,48,52,57,62,77,82,85,122,123" machi="62" ten="30,7700,0" yaku="7,1,25,2,54,1" doraHai="63" who="2" fromWho="3" sc="121,0,359,0,399,83,121,-83" /><INIT seed="6,0,0,3,1,28" ten="121,359,482,38" oya="2" hai0="10,100,126,8,14,78,68,99,18,96,19,3,74" hai1="123,69,25,124,21,84,63,34,117,110,103,22,52" hai2="87,30,71,9,132,4,38,27,58,62,128,88,32" hai3="59,44,0,61,35,56,43,122,116,93,26,129,15"/><V50/><F128/><W54/><G0/><T112/><D68/><U113/><E110/><V65/><F132/><W80/><G122/><T105/><D112/><U134/><E117/><V23/><F38/><W73/><G116/><T67/><D126/><U92/><E134/><V91/><F23/><W5/><G129/><T89/><D67/><U33/><E22/><V98/><F98/><W60/><G93/><T6/><D78/><U31/><E113/><V94/><F91/><W81/><G73/><T41/><D74/><U12/><E124/><V95/><F71/><W114/><G114/><T121/><D41/><U39/><E39/><V131/><F50/><W79/><G79/><T97/><D121/><U82/><E12/><V70/><F70/><W64/><G5/><T45/><D45/><U135/><E135/><V49/><F49/><W46/><G15/><T85/><D19/><U42/><E42/><V40/><F40/><W13/><G13/><T106/><D106/><U111/><E111/><V53/><F131/><W101/><G101/><T130/><D130/><U120/><E123/><V75/><F75/><W104/><G104/><T118/><D118/><U2/><E2/><V109/><F109/><W108/><G108/><T24/><D24/><U86/><E120/><V90/><F90/><W36/><REACH who="3" step="1"/><G46/><REACH who="3" ten="121,359,482,28" step="2"/><T133/><D133/><U16/><E103/><V17/><F95/><AGARI ba="0,1" hai="3,6,8,10,14,18,85,89,95,96,97,99,100,105" machi="95" ten="30,1000,0" yaku="7,1" doraHai="28" who="0" fromWho="2" sc="121,20,359,0,482,-10,28,0" /><INIT seed="7,0,0,5,0,134" ten="141,359,472,28" oya="3" hai0="20,15,71,6,115,92,85,0,113,35,106,5,111" hai1="104,30,97,14,82,125,9,52,11,57,112,103,94" hai2="123,120,40,70,117,21,126,83,132,16,124,38,62" hai3="107,98,8,79,116,114,129,77,93,3,24,61,10"/><W63/><G116/><T32/><D111/><U69/><E69/><V109/><F109/><W87/><G3/><T37/><D106/><U121/><E121/><N who="2" m="46667" /><F117/><W4/><G129/><T44/><D71/><U127/><E30/><V28/><F28/><W89/><G114/><N who="0" m="43531" /><D0/><U60/><E112/><V101/><F101/><W45/><G107/><T2/><D2/><U102/><E82/><V131/><F131/><W73/><G73/><T128/><D128/><U43/><E43/><V80/><F132/><W86/><G45/><T105/><D105/><U75/><E75/><V65/><F40/><W64/><G24/><T34/><D44/><U7/><E11/><N who="3" m="4138" /><G4/><N who="0" m="1643" /><D37/><U130/><E130/><V108/><F38/><W56/><G63/><T68/><D68/><U22/><E22/><V66/><F66/><W42/><G42/><T26/><D85/><AGARI ba="0,0" hai="56,61,64,77,79,85,86,87,89,93,98" m="4138" machi="85" ten="30,1500,0" yaku="8,1" doraHai="134" who="3" fromWho="0" sc="141,-15,359,0,472,0,28,15" /><INIT seed="7,1,0,5,0,112" ten="126,359,472,43" oya="3" hai0="31,120,74,71,92,132,25,116,117,35,131,89,72" hai1="125,23,8,82,61,6,121,100,65,12,90,63,27" hai2="4,34,126,9,64,58,123,46,115,76,109,110,119" hai3="37,113,7,69,16,73,93,2,62,85,50,124,1"/><W66/><G73/><T103/><D120/><U17/><E121/><V19/><F123/><W83/><G37/><T5/><D71/><U41/><E100/><V111/><F34/><W55/><G113/><T39/><D39/><U99/><E125/><V24/><F115/><W101/><G124/><T67/><D67/><U78/><E41/><V13/><F126/><W43/><G43/><T56/><D103/><U57/><E63/><V77/><F46/><W26/><G101/><T53/><D5/><U32/><E32/><V15/><F24/><W102/><G102/><T134/><D74/><U42/><E42/><V97/><F97/><W114/><G114/><T3/><D3/><U70/><E70/><V68/><F68/><W45/><G93/><T52/><D72/><U80/><E78/><V51/><F51/><W118/><G118/><T40/><D40/><U130/><E130/><V94/><F94/><AGARI ba="1,0" hai="6,8,12,17,23,27,57,61,65,80,82,90,94,99" machi="94" ten="40,1300,0" yaku="8,1" doraHai="112" who="1" fromWho="2" sc="126,0,359,16,472,-16,43,0" owari="126,-27.4,375,17.5,456,55.6,43,-45.7" /></mjloggm>