<mjloggm ver="2.3"><GO type="41" lobby="0"/><UN n0="%E2%93%9D%4C%75%63%6B%79%4A" n1="%63%6F%6C%6F%72" n2="%E3%81%A8%E3%81%97%E3%81%AE%E3%81%B6%40" n3="%E3%82%AD%E3%83%A0" dan="18,13,14,14" rate="2176.19,2021.86,1921.35,1926.31" sx="M,M,M,F"/><TAIKYOKU oya="0"/><INIT seed="0,0,0,0,3,87" ten="250,250,250,250" oya="0" hai0="124,50,2,130,92,107,105,80,51,102,134,20,77" hai1="47,127,36,0,70,39,133,6,123,116,55,11,30" hai2="21,10,96,66,35,114,132,68,24,100,99,52,23" hai3="81,131,117,118,18,90,3,63,88,48,38,28,29"/><T89/><D2/><U111/><E116/><V25/><F132/><W113/><G38/><T112/><D112/><U46/><E133/><V75/><F75/><W14/><G3/><T119/><D134/><U74/><E123/><V17/><F35/><W33/><G33/><T9/><D9/><U45/><E127/><V69/><F10/><W79/><G113/><T65/><D65/><U32/><E111/><V128/><F66/><W115/><G115/><T19/><D119/><U26/><E55/><V122/><F114/><W61/><G131/><T62/><D62/><N who="3" m="23561" /><G118/><T1/><D1/><U109/><E109/><V106/><F99/><W110/><G110/><T71/><D71/><U12/><E70/><V104/><F104/><W56/><G117/><T125/><D102/><U108/><E108/><V101/><F101/><W53/><G79/><T67/><D67/><U85/><E74/><V5/><F5/><W76/><G76/><T43/><D43/><U37/><E85/><V103/><F103/><W16/><G18/><T97/><D107/><U49/><E49/><V54/><F128/><W42/><G42/><T8/><D105/><U91/><REACH who="1" step="1"/><E0/><REACH who="1" ten="250,240,250,250" step="2"/><V83/><F122/><W58/><G58/><T44/><D130/><U22/><E22/><V94/><F69/><W82/><G82/><T121/><D80/><U40/><E40/><V86/><F68/><W27/><G81/><T13/><D121/><U135/><E135/><V15/><F106/><W31/><G27/><N who="2" m="10313" /><F23/><AGARI ba="0,1" hai="14,16,23,28,29,31,48,53,56,88,90" m="23561" machi="23" ten="30,8000,1" yaku="8,1,52,2,54,2" doraHai="87" who="3" fromWho="2" sc="250,0,240,0,250,-80,250,90" /><INIT seed="1,0,0,0,5,22" ten="250,240,170,340" oya="1" hai0="5,94,90,66,13,41,70,112,8,55,119,78,84" hai1="28,128,71,31,18,65,43,67,105,86,134,131,26" hai2="129,32,132,27,85,110,96,53,40,62,76,116,92" hai3="16,68,52,49,103,93,98,10,111,77,113,122,83"/><U48/><E105/><V101/><F110/><W11/><G122/><T75/><D112/><U106/><E106/><V34/><F132/><W100/><G113/><T42/><D119/><U125/><E134/><V133/><F133/><W63/><G111/><T72/><D70/><U99/><E99/><V2/><F2/><W109/><G109/><T91/><D66/><N who="1" m="25099" /><E71/><V37/><F129/><N who="1" m="49737" /><E86/><V51/><F116/><W20/><G63/><T117/><D117/><U102/><E102/><V58/><F37/><W61/><G68/><T123/><D123/><U108/><E108/><V7/><F7/><W80/><G61/><T97/><D75/><U124/><E48/><V73/><F73/><W87/><G103/><T126/><D72/><U12/><E43/><V59/><F40/><W14/><G83/><T82/><D126/><N who="1" m="48747" /><E26/><V4/><F27/><W45/><AGARI ba="0,0" hai="10,11,14,16,20,45,49,52,77,80,87,93,98,100" machi="45" ten="20,8000,1" yaku="0,1,7,1,8,1,54,2" doraHai="22" who="3" fromWho="3" sc="250,-20,240,-40,170,-20,340,80" /><INIT seed="2,0,0,4,3,10" ten="230,200,150,420" oya="2" hai0="84,71,123,82,115,121,30,127,119,29,92,113,91" hai1="45,20,130,75,65,87,32,132,78,43,77,7,6" hai2="14,31,66,27,72,111,35,49,117,4,9,28,38" hai3="86,70,89,126,104,79,124,83,12,128,129,44,85"/><V135/><F38/><W24/><G70/><T3/><D3/><U26/><E130/><N who="3" m="50282" /><G44/><T42/><D30/><U8/><E32/><V118/><F72/><W52/><G24/><T34/><D71/><U36/><E132/><V108/><F66/><W57/><G104/><T90/><D42/><U46/><E65/><V23/><F49/><N who="3" m="30863" /><G12/><T55/><D55/><U5/><E75/><V76/><F76/><W58/><G58/><T18/><D29/><U61/><E61/><V114/><F114/><W15/><G15/><T93/><D34/><U107/><E107/><V53/><F53/><W80/><AGARI ba="0,0" hai="79,80,83,85,86,89,124,126" m="30863,50282" machi="80" ten="30,2000,0" yaku="19,1,54,1" doraHai="10" who="3" fromWho="3" sc="230,-5,200,-5,150,-10,420,20" /><INIT seed="3,0,0,1,1,74" ten="225,195,140,440" oya="3" hai0="44,108,58,57,56,87,110,93,18,36,92,14,34" hai1="129,80,98,106,81,100,89,7,71,101,132,47,21" hai2="109,39,86,112,2,61,127,120,16,125,43,42,95" hai3="66,54,40,51,11,12,46,63,123,0,67,1,17"/><W78/><G123/><T130/><D34/><U5/><E71/><V85/><F2/><W6/><G1/><T38/><D44/><U48/><E129/><V117/><F39/><N who="0" m="14890" /><D87/><U30/><E132/><V23/><F120/><W10/><G78/><T33/><D33/><U118/><E118/><V9/><F9/><W59/><AGARI ba="0,0" hai="0,6,10,11,12,17,40,46,51,54,59,63,66,67" machi="59" ten="30,1500,0" yaku="0,1" doraHai="74" who="3" fromWho="3" sc="225,-5,195,-5,140,-5,440,15" /><INIT seed="3,1,0,0,3,131" ten="220,190,135,455" oya="3" hai0="58,19,98,32,119,21,83,121,132,23,109,67,125" hai1="89,86,22,91,85,129,52,38,49,1,8,60,116" hai2="54,112,111,13,35,88,69,12,63,133,100,78,16" hai3="93,47,79,122,3,57,107,74,124,92,81,40,28"/><W9/><G122/><T76/><D121/><U24/><E38/><V101/><F35/><W108/><G107/><T37/><D32/><U77/><E116/><V64/><F112/><W99/><G28/><T31/><D37/><U36/><E36/><V42/><F111/><W103/><G108/><T110/><D125/><U128/><E60/><V90/><F78/><W87/><G57/><T2/><D2/><U130/><E1/><V70/><F42/><W113/><G113/><T44/><D44/><U61/><E61/><V50/><F63/><W134/><G124/><T80/><D98/><U75/><E75/><V55/><F50/><W29/><G29/><T104/><D104/><U84/><E8/><V27/><F27/><W48/><G74/><T62/><D119/><U10/><E10/><V33/><F33/><W11/><G93/><T14/><D83/><U25/><E77/><V65/><REACH who="2" step="1"/><F16/><REACH who="2" ten="220,190,125,455" step="2"/><W66/><G3/><T71/><D110/><U0/><E0/><V43/><F43/><W59/><G40/><T115/><D115/><U51/><E22/><V117/><F117/><W114/><G48/><N who="1" m="18506" /><E52/><V118/><F118/><W68/><G114/><T105/><D109/><U5/><E5/><V26/><F26/><AGARI ba="1,1" hai="24,25,26,84,85,86,89,91,128,129,130" m="18506" machi="26" ten="40,5200,0" yaku="28,2,19,1" doraHai="131" who="1" fromWho="2" sc="220,0,190,65,125,-55,455,0" /><INIT seed="4,0,0,0,5,95" ten="220,255,70,455" oya="0" hai0="116,101,50,54,14,106,61,18,60,29,43,124,17" hai1="10,91,4,105,75,48,121,11,125,69,114,55,0" hai2="12,62,135,30,123,128,134,46,72,131,6,85,103" hai3="20,120,58,133,110,59,34,9,51,132,94,41,80"/><T37/><D116/><U22/><E69/><V13/><F72/><W42/><G120/><T96/><D124/><U24/><E121/><V74/><F74/><W77/><G34/><T16/><D29/><U28/><E125/><V33/><F46/><W83/><G20/><T1/><D1/><U35/><E75/><V65/><F85/><W127/><G127/><T53/><D37/><U70/><E70/><V111/><F103/><W99/><G77/><T3/><D3/><U109/><E105/><V7/><F62/><W97/><G94/><T129/><D129/><N who="2" m="49738" /><F65/><W39/><G39/><T32/><D32/><U27/><E91/><V117/><F117/><W71/><G71/><T52/><REACH who="0" step="1"/><D14/><REACH who="0" ten="210,255,70,455" step="2"/><N who="2" m="5738" /><F123/><W98/><G9/><T79/><D79/><U108/><E11/><V88/><F111/><W44/><G110/><T84/><D84/><U21/><E114/><V87/><F30/><W45/><G98/><T19/><N who="0" m="4096" /><DORA hai="25" /><T102/><D102/><U90/><E109/><V23/><F33/><W86/><G86/><T56/><D56/><U113/><E113/><V104/><F23/><W82/><G82/><T115/><D115/><U2/><E108/><V66/><F104/><W68/><G68/><T107/><D107/><U15/><E90/><V8/><F8/><W112/><G112/><T126/><D126/><U26/><E35/><V64/><F7/><W122/><G122/><T49/><D49/><AGARI ba="0,1" hai="41,42,44,45,49,51,58,59,80,83,97,99,132,133" machi="49" ten="25,6400,0" yaku="22,2,52,2" doraHai="95,25" who="3" fromWho="0" sc="210,-64,255,0,70,0,455,74" /><INIT seed="5,0,0,2,2,32" ten="146,255,70,529" oya="1" hai0="42,3,104,51,33,41,30,20,18,54,129,0,24" hai1="112,39,52,67,29,6,37,55,61,130,11,12,19" hai2="93,50,132,26,43,58,44,49,72,77,9,103,114" hai3="56,36,97,23,121,81,124,98,118,38,71,16,80"/><U69/><E112/><V126/><F114/><W70/><G121/><T107/><D42/><U105/><E130/><V82/><F132/><W47/><G47/><T7/><D41/><U135/><E135/><V64/><F126/><W59/><G23/><T125/><D125/><U87/><E105/><V66/><F26/><W79/><G124/><T65/><D65/><U128/><E128/><V48/><F9/><W14/><G14/><N who="0" m="9303" /><D129/><U2/><E29/><V21/><F21/><W22/><G22/><T1/><D54/><U111/><E111/><V27/><F27/><W123/><G123/><T117/><D51/><U84/><E19/><V8/><F8/><W83/><G16/><T92/><D92/><U134/><E134/><V31/><F31/><W116/><G81/><T91/><D91/><U63/><E12/><V17/><F17/><W53/><G53/><T75/><D75/><U120/><E120/><V99/><REACH who="2" step="1"/><F58/><REACH who="2" ten="146,255,60,529" step="2"/><W96/><G96/><T45/><D24/><U13/><E13/><V57/><F57/><W119/><G118/><T102/><D117/><U133/><E133/><V34/><F34/><W60/><G79/><T68/><D33/><U108/><E108/><V35/><F35/><W40/><G40/><T76/><D30/><U131/><E131/><V74/><F74/><W127/><G127/><T85/><D7/><U10/><E6/><V101/><F101/><W88/><G88/><T73/><D102/><U15/><E15/><V115/><F115/><W46/><G46/><T89/><D45/><U62/><E10/><V110/><F110/><W94/><G94/><RYUUKYOKU ba="0,1" sc="146,-15,255,-15,60,15,529,15" hai2="43,44,48,49,50,64,66,72,77,82,93,99,103" hai3="36,38,56,59,60,70,71,80,83,97,98,116,119" /><INIT seed="6,1,1,5,3,2" ten="131,240,75,544" oya="2" hai0="26,12,82,28,21,74,69,114,98,42,14,104,41" hai1="56,30,120,62,110,55,73,87,50,59,72,95,61" hai2="133,1,7,134,24,105,11,19,130,111,109,18,57" hai3="127,52,22,116,89,77,35,68,10,34,70,124,43"/><V106/><F57/><W132/><G77/><T33/><D69/><U15/><E110/><N who="2" m="41995" /><F106/><W0/><G43/><T53/><D114/><U5/><E120/><V121/><F105/><W129/><G116/><T86/><D74/><U93/><E30/><V122/><F130/><W80/><G129/><T88/><D33/><U63/><E87/><V67/><F67/><W92/><G80/><T79/><D53/><U125/><E125/><N who="3" m="48202" /><G22/><T40/><REACH who="0" step="1"/><D104/><REACH who="0" ten="121,240,75,544" step="2"/><U99/><E72/><V64/><F64/><W75/><G52/><T102/><D102/><U47/><E73/><V25/><F122/><W107/><G75/><T76/><D76/><U84/><E84/><V103/><F103/><W100/><G107/><T23/><D23/><U4/><E15/><V37/><F121/><W66/><G100/><T8/><D8/><U44/><E44/><V9/><F9/><W131/><G66/><T128/><D128/><U126/><E126/><V6/><F37/><W112/><G131/><T117/><D117/><U78/><E78/><V83/><F83/><W29/><G112/><T31/><D31/><U115/><E115/><V32/><F32/><W85/><G29/><T46/><D46/><U118/><E118/><V90/><F90/><W96/><G34/><T91/><D91/><N who="1" m="55743" /><E95/><AGARI ba="1,2" hai="12,14,21,26,28,40,41,42,79,82,86,88,95,98" machi="95" ten="40,5200,0" yaku="1,1,8,1,54,1,53,0" doraHai="2" doraHaiUra="71" who="0" fromWho="1" sc="121,75,240,-55,75,0,544,0" /><INIT seed="7,0,0,0,5,88" ten="196,185,75,544" oya="3" hai0="120,86,47,56,34,100,18,129,41,24,76,1,22" hai1="13,52,118,39,130,20,133,35,33,99,66,51,75" hai2="32,25,93,6,102,68,98,5,17,60,96,43,37" hai3="107,48,110,49,58,114,115,71,132,11,82,117,8"/><W94/><G107/><T44/><D34/><U85/><E75/><V61/><F37/><W97/><G71/><T131/><D120/><U83/><E39/><V127/><F43/><W124/><G110/><T28/><D100/><U69/><E118/><V4/><F68/><W108/><G108/><T23/><D1/><U38/><E38/><V21/><F127/><W90/><G82/><N who="0" m="47431" /><D56/><U111/><E111/><V126/><F126/><W128/><G117/><T46/><D131/><U65/><E130/><V15/><F32/><W80/><G80/><T67/><D67/><U63/><E66/><V31/><REACH who="2" step="1"/><F96/><REACH who="2" ten="196,185,65,544" step="2"/><W101/><G124/><T113/><D41/><U119/><E99/><V135/><F135/><W42/><G128/><T3/><D129/><U14/><E133/><V125/><F125/><W12/><G132/><T50/><D113/><U84/><E119/><V72/><F72/><W54/><G115/><T122/><D122/><U95/><E35/><V19/><F19/><W78/><G78/><T40/><D40/><U81/><E33/><V105/><F105/><W7/><G114/><T74/><D74/><U45/><E84/><V112/><F112/><W9/><G101/><T109/><D109/><U29/><E85/><V2/><F2/><W64/><G64/><T16/><D3/><U91/><E69/><V103/><F103/><W26/><G26/><T53/><D18/><U27/><E27/><AGARI ba="0,1" hai="16,22,23,24,27,28,44,46,47,50,53" m="47431" machi="27" ten="30,2000,0" yaku="8,1,54,1" doraHai="88" who="0" fromWho="1" sc="196,30,185,-20,65,0,544,0" owari="226,2.6,165,-23.5,65,-43.5,544,64.4" /></mjloggm>