<mjloggm ver="2.3"><GO type="41" lobby="0"/><UN n0="%50%4E%57%42%61%74%69" n1="%E2%93%9D%4C%75%63%6B%79%4A" n2="%E5%8B%9D%E3%81%A1%E7%A2%BA%E3%83%AA%E3%83%BC%E3%83%81" n3="%54%6F%70%72%75%6E%32%31" dan="13,17,15,14" rate="1947.81,2166.39,1986.83,1898.63" sx="F,M,M,M"/><TAIKYOKU oya="0"/><INIT seed="0,0,0,2,0,119" ten="250,250,250,250" oya="0" hai0="45,91,33,80,107,135,92,49,130,110,103,116,90" hai1="58,48,34,134,87,64,50,96,73,89,40,11,65" hai2="23,59,95,18,22,53,70,26,123,62,20,69,32" hai3="133,6,129,97,98,56,25,76,19,10,72,111,112"/><T43/><D116/><U117/><E117/><V128/><F123/><W54/><G112/><T79/><D110/><U108/><E34/><V105/><F128/><W113/><G113/><T36/><D130/><U1/><E73/><V29/><F105/><W101/><G129/><T46/><D135/><U102/><E1/><V37/><F37/><W52/><G133/><T41/><D33/><U124/><E11/><V7/><F7/><W77/><G54/><T51/><D36/><U14/><E14/><V16/><REACH who="2" step="1"/><F95/><REACH who="2" ten="250,250,240,250" step="2"/><W86/><G111/><T106/><D103/><U104/><E102/><V8/><F8/><W132/><G132/><T68/><D68/><AGARI ba="0,1" hai="16,18,20,22,23,26,29,32,53,59,62,68,69,70" machi="68" ten="40,2600,0" yaku="1,1,54,1,53,0" doraHai="119" doraHaiUra="82" who="2" fromWho="0" sc="250,-26,250,0,240,36,250,0" /><INIT seed="1,0,0,4,1,72" ten="224,250,276,250" oya="1" hai0="64,81,89,66,108,39,54,113,32,73,13,120,65" hai1="124,26,52,112,71,135,58,105,10,131,41,7,67" hai2="104,127,50,107,90,47,30,128,119,75,18,77,27" hai3="3,56,117,115,57,45,114,29,78,70,80,55,43"/><U101/><E112/><V132/><F119/><W103/><G3/><T116/><D113/><U129/><E41/><V126/><F128/><N who="1" m="49225" /><E71/><V25/><F132/><W96/><G70/><T0/><D116/><U87/><E67/><V69/><F18/><W4/><G29/><T12/><D108/><U100/><E105/><V48/><F90/><W121/><G4/><T6/><D32/><U74/><E74/><V118/><F69/><W15/><G117/><T9/><D120/><U38/><E38/><V36/><F36/><W111/><G111/><T20/><D39/><U83/><E26/><V60/><F60/><W35/><G15/><T11/><D89/><N who="1" m="51455" /><E124/><N who="2" m="47659" /><F25/><W97/><G35/><T93/><D93/><U22/><E22/><N who="2" m="15735" /><F50/><W99/><G121/><T98/><D98/><U37/><E37/><V61/><F61/><W14/><G97/><T68/><D68/><U46/><E46/><V63/><F63/><W84/><G96/><T133/><D133/><U31/><E31/><V16/><F118/><W134/><G134/><T53/><D20/><U33/><E33/><V88/><F107/><W109/><G109/><T59/><D59/><N who="3" m="22601" /><G115/><T34/><D34/><U94/><E94/><V24/><F104/><N who="3" m="63615" /><G114/><T92/><D92/><U102/><E135/><V110/><F110/><W8/><G43/><T106/><D106/><U85/><E102/><V19/><F24/><W125/><G125/><T28/><D28/><U49/><E85/><V17/><F75/><W91/><G45/><T62/><D62/><U21/><E21/><V1/><F47/><W86/><G86/><T95/><D73/><RYUUKYOKU ba="0,0" sc="224,-10,250,30,276,-10,250,-10" hai1="7,10,49,52,58,100,101" /><INIT seed="1,1,0,5,0,43" ten="214,280,266,240" oya="1" hai0="71,16,22,97,24,90,17,59,62,32,48,123,60" hai1="14,51,18,13,11,120,38,37,88,75,95,118,10" hai2="27,26,78,61,86,119,130,28,30,96,129,121,100" hai3="1,39,81,12,106,128,53,58,15,135,126,92,21"/><U114/><E114/><V2/><F121/><W84/><G1/><T31/><D123/><U9/><E120/><V49/><F119/><W25/><G106/><T23/><D71/><U79/><E118/><V68/><F2/><W115/><G39/><T112/><D112/><U77/><E75/><V20/><F86/><W34/><G34/><T87/><D97/><U70/><E70/><V55/><F78/><N who="1" m="29705" /><E38/><V3/><F61/><W99/><G115/><T56/><D31/><U94/><E37/><V0/><F129/><W133/><G128/><T104/><D104/><U80/><E51/><V42/><F42/><W52/><G53/><T91/><D32/><U6/><E11/><V44/><F68/><W132/><G126/><T40/><D87/><AGARI ba="1,0" hai="6,9,10,13,14,18,80,87,88,94,95" m="29705" machi="87" ten="30,2900,0" yaku="8,1,54,1" doraHai="43" who="1" fromWho="0" sc="214,-32,280,32,266,0,240,0" /><INIT seed="1,2,0,2,3,4" ten="182,312,266,240" oya="1" hai0="84,90,26,122,39,131,44,62,11,124,109,94,95" hai1="52,76,97,71,21,50,37,58,30,2,60,105,1" hai2="46,20,31,133,81,126,87,93,66,38,55,110,132" hai3="34,102,101,8,130,24,106,117,127,72,75,35,0"/><U41/><E76/><V57/><F110/><W22/><G127/><T98/><D124/><U28/><E2/><V63/><F126/><W56/><G130/><T7/><D122/><U6/><E105/><V5/><F93/><W80/><G117/><T13/><D109/><U45/><E97/><V16/><F31/><W108/><G108/><T92/><D131/><U99/><E99/><V85/><F5/><W10/><G56/><T112/><D112/><U134/><E134/><N who="2" m="51819" /><F81/><W15/><G15/><T64/><D26/><U29/><E1/><V111/><F111/><W104/><G0/><T18/><D7/><U121/><E6/><V135/><N who="2" m="51827" /><V82/><DORA hai="116" /><F82/><W114/><G22/><T14/><D44/><U49/><E121/><V118/><F118/><W107/><G80/><T65/><D39/><U43/><E43/><N who="2" m="22903" /><F55/><W32/><G24/><AGARI ba="2,0" hai="16,20,24,57,63,66,85,87" m="22903,51827" machi="24" ten="40,2600,0" yaku="20,1,54,1" doraHai="4,116" who="2" fromWho="3" sc="182,0,312,0,266,32,240,-32" /><INIT seed="2,0,0,4,5,109" ten="182,312,298,208" oya="2" hai0="81,10,116,11,76,25,87,38,65,115,24,74,82" hai1="75,94,53,120,130,89,27,54,15,92,21,72,30" hai2="79,17,14,69,55,9,84,6,49,114,67,90,7" hai3="18,46,117,60,118,98,43,108,51,59,29,23,103"/><V122/><F122/><W22/><G108/><T44/><D65/><U124/><E120/><V123/><F114/><W8/><G8/><T36/><D116/><U13/><E130/><V128/><F79/><W96/><G96/><T106/><D106/><U48/><E124/><V95/><F128/><W112/><G112/><T20/><D20/><U57/><E94/><V121/><F121/><W68/><G68/><T50/><D115/><U102/><E102/><V34/><F34/><W39/><G39/><T40/><D25/><U52/><E75/><V99/><F123/><W37/><G37/><T97/><D97/><U100/><E100/><V32/><F32/><W16/><G118/><T58/><D24/><U35/><E72/><V131/><F131/><W70/><G70/><T19/><D19/><N who="1" m="10495" /><E13/><V26/><F26/><N who="3" m="16599" /><G23/><T2/><D2/><U0/><E0/><V85/><F67/><N who="3" m="39327" /><G117/><T107/><D107/><U12/><E12/><V86/><REACH who="2" step="1"/><F69/><REACH who="2" ten="182,312,288,208" step="2"/><W3/><G3/><T66/><D66/><U101/><E35/><V42/><F42/><W134/><G134/><T78/><REACH who="0" step="1"/><D36/><REACH who="0" ten="172,312,288,208" step="2"/><U93/><E27/><V113/><F113/><W125/><G125/><T127/><D127/><U88/><E30/><V41/><F41/><W1/><G1/><T45/><D45/><AGARI ba="0,2" hai="6,7,9,14,17,45,49,55,84,85,86,90,95,99" machi="45" ten="40,3900,0" yaku="1,1,8,1,53,0" doraHai="109" doraHaiUra="73" who="2" fromWho="0" sc="172,-39,312,0,288,59,208,0" /><INIT seed="2,1,0,1,4,6" ten="133,312,347,208" oya="2" hai0="133,51,30,15,121,23,74,4,5,115,77,2,43" hai1="73,80,25,37,26,72,109,117,55,18,129,47,98" hai2="96,134,89,40,101,27,33,56,7,131,84,50,52" hai3="135,1,53,118,97,0,48,58,125,76,87,20,100"/><V86/><F131/><W88/><G118/><T24/><D115/><U42/><E117/><V130/><F130/><W62/><G125/><T32/><D121/><U54/><E129/><V44/><F134/><W70/><G135/><T19/><D133/><U13/><E109/><V45/><F7/><W95/><G76/><T38/><D5/><U120/><E98/><V81/><F86/><W28/><G70/><T83/><D38/><U60/><E120/><V102/><F45/><W49/><G0/><T119/><D51/><U79/><E73/><V78/><F33/><W65/><G53/><T16/><D19/><U69/><E55/><V122/><F27/><N who="3" m="16487" /><G1/><T12/><D12/><U113/><E113/><V9/><F9/><W67/><G67/><T29/><D29/><U110/><E110/><V111/><F122/><W22/><G22/><T106/><D106/><U103/><E103/><V17/><F17/><W64/><G64/><T11/><REACH who="0" step="1"/><D43/><REACH who="0" ten="123,312,347,208" step="2"/><U104/><E104/><V71/><F111/><W82/><AGARI ba="1,1" hai="48,49,58,62,65,82,87,88,95,97,100" m="16487" machi="82" ten="30,4000,0" yaku="25,1,8,1,54,1" doraHai="6" who="3" fromWho="3" sc="123,-11,312,-11,347,-21,208,53" /><INIT seed="3,0,0,0,4,99" ten="112,301,326,261" oya="3" hai0="31,69,46,49,86,60,104,18,32,73,93,55,95" hai1="39,8,130,110,76,134,24,53,107,6,11,26,112" hai2="126,96,122,16,84,77,113,72,109,133,59,38,63" hai3="47,66,120,79,21,5,10,80,94,0,117,45,2"/><W131/><G120/><T4/><D73/><U75/><E39/><V23/><F109/><W70/><G117/><T13/><D4/><U90/><E107/><V44/><F113/><W78/><G0/><T124/><D124/><U102/><E90/><V100/><F126/><W65/><G78/><T50/><D104/><U35/><E53/><V108/><F108/><W128/><G94/><T27/><D50/><U132/><E130/><N who="3" m="49706" /><G21/><T56/><D69/><U51/><E112/><V83/><F133/><N who="1" m="51305" /><E11/><V28/><F28/><W118/><G118/><T22/><REACH who="0" step="1"/><D86/><REACH who="0" ten="102,301,326,261" step="2"/><U127/><E127/><V121/><F72/><N who="3" m="43111" /><G70/><T115/><D115/><U7/><E75/><V64/><F38/><W135/><G135/><T19/><D19/><U87/><E7/><V48/><F122/><W129/><G129/><T81/><D81/><U97/><E6/><V57/><F121/><W40/><G47/><T98/><D98/><U42/><E97/><V43/><F59/><W17/><G17/><T85/><D85/><U103/><E87/><V1/><F96/><W41/><G41/><AGARI ba="0,1" hai="13,18,22,27,31,32,41,46,49,55,56,60,93,95" machi="41" ten="30,2000,0" yaku="1,1,7,1,53,0" doraHai="99" doraHaiUra="62" who="0" fromWho="3" sc="102,30,301,0,326,0,261,-20" /><INIT seed="4,0,0,1,3,122" ten="132,301,326,241" oya="0" hai0="105,26,121,48,9,20,65,123,110,107,79,130,47" hai1="94,75,38,83,72,7,96,125,71,36,33,93,91" hai2="0,120,34,132,11,57,1,39,25,89,115,43,13" hai3="58,37,76,8,32,80,42,82,30,17,45,77,68"/><T3/><D130/><U84/><E33/><V87/><F115/><W31/><G68/><T19/><D65/><U114/><E7/><V12/><F120/><W119/><G119/><T100/><D79/><U109/><E38/><V50/><F132/><W18/><G58/><T131/><D131/><U24/><E24/><V103/><F103/><W66/><G66/><T90/><D90/><U63/><E36/><V6/><F39/><W101/><G101/><T118/><D118/><U113/><E63/><V111/><F111/><W99/><G99/><T102/><D121/><U21/><E21/><V2/><F13/><W46/><G37/><T78/><D123/><U59/><E59/><V85/><F85/><W64/><G64/><T69/><D69/><U129/><E125/><V92/><F25/><W134/><G134/><T73/><D73/><N who="1" m="28235" /><E71/><V44/><F57/><W108/><G8/><T86/><D110/><U22/><E22/><V117/><F117/><W62/><G62/><T52/><D105/><U10/><E10/><V124/><REACH who="2" step="1"/><F34/><REACH who="2" ten="132,301,316,241" step="2"/><W74/><G74/><T14/><D107/><U133/><E133/><V28/><F28/><W116/><G116/><T126/><D3/><U35/><E35/><V67/><F67/><W23/><G32/><T40/><D126/><AGARI ba="0,1" hai="0,1,2,6,11,12,43,44,50,87,89,92,124,126" machi="126" ten="50,3200,0" yaku="1,1,53,1" doraHai="122" doraHaiUra="81" who="2" fromWho="0" sc="132,-32,301,0,316,42,241,0" /><INIT seed="5,0,0,3,2,83" ten="100,301,358,241" oya="1" hai0="35,125,70,127,129,15,4,0,71,22,105,114,72" hai1="61,88,131,58,119,112,92,2,14,66,7,97,62" hai2="16,128,106,120,45,77,18,52,44,99,43,123,60" hai3="84,30,33,65,6,91,107,26,48,109,118,24,116"/><U104/><E119/><V3/><F128/><W9/><G107/><T79/><D22/><U101/><E131/><V95/><F106/><W13/><G109/><T21/><D21/><U86/><E112/><V17/><F3/><W8/><G65/><T81/><D15/><U40/><E40/><V76/><F120/><W100/><G100/><T134/><D134/><U63/><REACH who="1" step="1"/><E14/><REACH who="1" ten="100,291,358,241" step="2"/><V73/><F43/><W122/><G122/><T12/><D12/><U115/><E115/><V133/><F123/><W103/><G118/><T96/><D114/><U42/><E42/><V69/><F133/><W28/><G116/><T39/><D129/><U82/><E82/><V32/><F73/><W87/><G13/><T117/><D39/><U36/><E36/><V59/><F69/><W23/><G6/><T10/><D117/><U113/><E113/><V126/><F126/><N who="0" m="48138" /><D35/><U130/><E130/><V108/><F32/><W37/><G37/><T38/><D38/><U5/><E5/><V89/><F108/><W34/><G23/><T110/><D110/><U55/><E55/><V94/><F94/><W67/><G67/><T64/><D64/><U54/><E54/><V27/><F27/><W29/><G34/><T31/><D31/><U56/><E56/><V93/><F93/><W68/><G33/><T80/><D80/><U57/><E57/><V46/><AGARI ba="0,1" hai="16,17,18,44,45,46,52,59,60,76,77,89,95,99" machi="46" ten="30,7900,0" yaku="0,1,8,1,54,2" doraHai="83" who="2" fromWho="2" sc="100,-20,291,-39,358,89,241,-20" /><INIT seed="6,0,0,0,3,21" ten="80,252,447,221" oya="2" hai0="10,3,65,39,114,124,30,38,15,66,35,64,101" hai1="69,28,22,77,2,62,17,131,78,80,20,8,126" hai2="53,49,58,110,34,57,94,82,42,85,44,11,102" hai3="0,100,37,4,113,31,104,105,129,106,95,92,14"/><V50/><F34/><W89/><G37/><T83/><D114/><U123/><E126/><V127/><F127/><W119/><G0/><T76/><D124/><U111/><E111/><V36/><F110/><W9/><G119/><T6/><D101/><U60/><E69/><V96/><F11/><W70/><G70/><T51/><D51/><U116/><E131/><V118/><F118/><W19/><G129/><T40/><D40/><U97/><E97/><V29/><F29/><W43/><G43/><T13/><D13/><U26/><E78/><V23/><F23/><W91/><G31/><T59/><D59/><U133/><E133/><V108/><F108/><W47/><G47/><T32/><D32/><U48/><E123/><V27/><F27/><W55/><G55/><T87/><REACH who="0" step="1"/><D3/><REACH who="0" ten="70,252,447,221" step="2"/><U12/><E48/><V56/><F50/><W25/><G100/><T79/><D79/><AGARI ba="0,1" hai="36,42,44,49,53,56,57,58,79,82,85,94,96,102" machi="79" ten="30,1500,0" yaku="7,1" doraHai="21" who="2" fromWho="0" sc="70,-15,252,0,447,25,221,0" /><INIT seed="6,1,0,5,3,38" ten="55,252,472,221" oya="2" hai0="48,103,35,79,15,29,90,7,66,120,70,0,84" hai1="116,111,18,26,72,126,32,77,104,10,76,52,133" hai2="60,4,101,131,61,94,65,55,17,33,83,100,45" hai3="82,43,127,99,80,117,2,73,40,54,41,113,96"/><V51/><F131/><W135/><G2/><T129/><D120/><U121/><E104/><V1/><F33/><W28/><G117/><T102/><D129/><U130/><E72/><V22/><F4/><W71/><G71/><T46/><D0/><U47/><E111/><V134/><F1/><W86/><G28/><T68/><D68/><U119/><E126/><V123/><F123/><W34/><G34/><T81/><D90/><U85/><E133/><V122/><F122/><W108/><G108/><T112/><D112/><U114/><E114/><V98/><F134/><W39/><G39/><T57/><D70/><U50/><E121/><V75/><F100/><W63/><G135/><T37/><D37/><U24/><E130/><V91/><F65/><W56/><G113/><T62/><D29/><U20/><E10/><V9/><F9/><W31/><G31/><T78/><D78/><U89/><E32/><V21/><F21/><W23/><G23/><T95/><D95/><U14/><E119/><V74/><F74/><W49/><G127/><T11/><REACH who="0" step="1"/><D35/><REACH who="0" ten="45,252,472,221" step="2"/><U12/><E116/><V59/><F91/><N who="3" m="51655" /><G82/><T105/><D105/><U16/><E77/><V128/><F83/><W3/><G3/><T6/><D6/><U36/><E76/><V19/><F128/><W92/><G73/><T58/><D58/><U53/><E36/><V109/><F75/><W30/><G30/><T44/><D44/><U93/><E18/><N who="2" m="6667" /><F109/><W69/><G92/><T125/><D125/><U8/><E20/><V115/><F115/><W27/><G69/><T25/><D25/><N who="1" m="9835" /><E14/><V107/><F22/><RYUUKYOKU ba="1,1" sc="45,15,252,15,472,-15,221,-15" hai0="7,11,15,46,48,57,62,66,79,81,84,102,103" hai1="8,12,16,47,50,52,53,85,89,93" /><INIT seed="7,2,1,0,1,58" ten="60,267,457,206" oya="3" hai0="64,11,125,62,93,135,16,43,81,95,124,36,38" hai1="102,4,39,83,31,104,99,117,87,59,23,42,85" hai2="98,119,63,18,76,108,116,12,47,44,2,84,34" hai3="3,48,97,28,22,71,10,107,24,15,65,9,106"/><W121/><G121/><T1/><D135/><U49/><E4/><V134/><F108/><W114/><G3/><T25/><D43/><U69/><E69/><V33/><F2/><W14/><G114/><T79/><D1/><U35/><E87/><V50/><F134/><W0/><G0/><T6/><D6/><U131/><E23/><V78/><F98/><W88/><G48/><T127/><D38/><U80/><E83/><V89/><F50/><W128/><G128/><T70/><D36/><U103/><E103/><V41/><F41/><W111/><G111/><T8/><D8/><U30/><E35/><V72/><F72/><W75/><G75/><T40/><D40/><U129/><E117/><V29/><F29/><W57/><G71/><T46/><D46/><N who="1" m="25815" /><E59/><V113/><F34/><W13/><G107/><T32/><D32/><U60/><E60/><V21/><F33/><W56/><G106/><T61/><D11/><N who="3" m="4105" /><G65/><T105/><D105/><U109/><E39/><V27/><F113/><W82/><G82/><T132/><D132/><U110/><E110/><V51/><F116/><W96/><G96/><T66/><D25/><U115/><E115/><V91/><F27/><W94/><AGARI ba="2,1" hai="13,14,15,22,24,28,56,57,88,94,97" m="4105" machi="94" ten="30,3000,0" yaku="8,1,54,1" doraHai="58" who="3" fromWho="3" sc="60,-12,267,-12,457,-12,206,46" /><INIT seed="7,3,0,0,3,52" ten="48,255,445,252" oya="3" hai0="81,33,7,39,115,72,64,68,12,17,93,124,83" hai1="126,86,103,1,134,112,20,48,119,54,31,79,38" hai2="11,55,69,120,45,113,125,34,107,71,56,106,29" hai3="10,15,78,104,101,76,6,66,30,25,0,37,114"/><W105/><G37/><T133/><D33/><U3/><E103/><V14/><F113/><W129/><G114/><T19/><D39/><U118/><E112/><V85/><F125/><W102/><G66/><T135/><D124/><U121/><E121/><V95/><F120/><W90/><G129/><T108/><D108/><U46/><E126/><V32/><F45/><W41/><G41/><T51/><D51/><U59/><E79/><V80/><F95/><W49/><G0/><T27/><D27/><N who="1" m="16871" /><E86/><V61/><F107/><W128/><G128/><T74/><D12/><U50/><E134/><V94/><F94/><W75/><G49/><T89/><D7/><U42/><E38/><V8/><F8/><W87/><G75/><T5/><D5/><U122/><E122/><V98/><F98/><W127/><G127/><T63/><D115/><U132/><E132/><V100/><F106/><W73/><G73/><T16/><D74/><U24/><E24/><V97/><F97/><W99/><G102/><T26/><D133/><U53/><E42/><V88/><F100/><W70/><G70/><T91/><D135/><U35/><E35/><V23/><F34/><N who="3" m="20815" /><G105/><T130/><D72/><U82/><E82/><V28/><F32/><W67/><G67/><T47/><D130/><U111/><E111/><V65/><F71/><W84/><G84/><T77/><D47/><U109/><E109/><V43/><F43/><W117/><G117/><AGARI ba="3,0" hai="1,3,46,48,50,53,54,59,117,118,119" m="16871" machi="117" ten="30,2000,0" yaku="12,1,52,1" doraHai="52" who="1" fromWho="3" sc="48,0,255,29,445,0,252,-29" owari="48,-45.2,284,8.4,445,54.5,223,-17.7" /></mjloggm>