<mjloggm ver="2.3"><GO type="41" lobby="0"/><UN n0="%E2%93%9D%4C%75%63%6B%79%4A" n1="%E3%82%8A%E3%82%87%E3%81%86%E3%81%9F" n2="%E9%9B%85%E5%B9%B8%34%E5%8F%B7%E5%B8%AB%E5%8C%A0" n3="%E3%81%94%E3%81%8D%E3%81%92%E3%82%93%E3%82%88%E3%81%86%EF%BC%81" dan="18,14,13,14" rate="2214.28,1961.43,1849.51,2026.81" sx="M,M,M,M"/><TAIKYOKU oya="0"/><INIT seed="0,0,0,0,3,68" ten="250,250,250,250" oya="0" hai0="67,73,79,128,69,62,94,106,22,59,107,52,111" hai1="96,122,88,116,129,13,50,20,25,121,95,31,56" hai2="93,92,133,24,86,105,23,74,40,66,42,5,53" hai3="47,70,29,72,19,48,6,8,113,102,11,54,126"/><T123/><D123/><U76/><E116/><V71/><F105/><W125/><G113/><T2/><D2/><U18/><E129/><V65/><F74/><W90/><G70/><T114/><D114/><U57/><E76/><V101/><F5/><W10/><G72/><T33/><D33/><U117/><E117/><V55/><F133/><W91/><G102/><T103/><D128/><U14/><E14/><V108/><F108/><W1/><G29/><T58/><D69/><U37/><E37/><V98/><F71/><W61/><G61/><T51/><D111/><U64/><E57/><V83/><F92/><W110/><G110/><T100/><D22/><U26/><E26/><V104/><F104/><W131/><G131/><T109/><D109/><U89/><E89/><V36/><F55/><W0/><G11/><T118/><D118/><U7/><E7/><V78/><F53/><W16/><G1/><T97/><REACH who="0" step="1"/><D103/><REACH who="0" ten="240,250,250,250" step="2"/><U39/><E121/><V135/><F23/><W49/><G8/><T60/><D60/><U82/><E122/><V84/><F65/><W44/><G126/><T99/><D99/><U3/><E3/><V130/><F66/><W34/><G125/><T132/><D132/><U45/><E96/><V120/><F135/><W112/><G34/><T41/><D41/><U38/><E20/><V127/><F127/><W46/><G112/><T21/><D21/><U77/><E31/><V12/><F130/><W28/><G28/><T124/><D124/><U80/><E25/><V30/><F120/><W9/><G0/><T27/><D27/><U4/><E13/><RYUUKYOKU ba="0,1" sc="240,30,250,-10,250,-10,250,-10" hai0="51,52,58,59,62,67,73,79,94,97,100,106,107" /><INIT seed="0,1,1,5,0,5" ten="270,240,240,240" oya="0" hai0="90,47,76,13,102,31,40,30,134,122,53,25,87" hai1="18,32,113,60,103,112,52,129,131,44,100,93,78" hai2="26,41,49,14,71,65,70,56,4,27,128,132,7" hai3="79,74,20,2,29,19,66,1,35,23,80,10,51"/><T62/><D122/><U101/><E32/><V89/><F132/><W111/><G111/><T63/><D76/><U95/><E78/><V91/><F128/><N who="1" m="49225" /><E18/><V119/><F119/><W36/><G36/><T22/><D102/><U0/><E0/><V3/><F3/><W116/><G116/><T42/><D134/><U110/><E110/><V11/><F7/><W67/><G51/><N who="0" m="28927" /><D31/><U15/><E15/><V64/><F71/><W108/><G108/><T104/><D104/><U24/><E24/><N who="2" m="9259" /><F70/><W99/><G99/><T12/><D13/><U120/><E120/><V61/><F65/><W37/><G37/><T114/><D114/><N who="1" m="44139" /><E44/><AGARI ba="1,1" hai="4,11,14,41,44,49,56,61,64,89,91" m="9259" machi="44" ten="30,2000,0" yaku="8,1,52,1" doraHai="5" who="2" fromWho="1" sc="270,0,240,-23,240,33,240,0" /><INIT seed="1,0,0,1,1,39" ten="270,217,273,240" oya="1" hai0="22,108,90,18,66,93,41,29,83,30,92,100,61" hai1="4,10,133,23,47,91,46,63,48,25,51,71,131" hai2="85,88,110,109,84,78,53,80,129,86,105,9,117" hai3="44,96,119,35,43,15,49,52,5,37,19,126,73"/><U106/><E106/><V31/><F31/><W81/><G126/><T28/><D108/><N who="2" m="41578" /><F9/><W21/><G119/><T135/><D135/><U132/><E131/><V13/><F13/><W24/><G96/><T97/><D83/><U123/><E123/><V33/><F33/><W98/><G98/><T95/><D41/><N who="1" m="24655" /><E91/><V125/><F53/><W103/><G103/><T17/><D90/><U102/><E102/><V116/><F105/><W115/><G115/><T34/><D34/><U76/><E76/><V16/><F16/><W0/><G35/><T112/><D112/><U42/><E63/><V59/><F59/><W26/><G0/><T124/><D124/><U40/><E71/><V113/><F129/><W74/><G74/><T128/><D128/><U57/><E57/><V55/><F55/><W70/><G70/><T62/><D62/><U134/><E47/><V87/><F113/><W79/><REACH who="3" step="1"/><G5/><REACH who="3" ten="270,217,273,230" step="2"/><T101/><D101/><U72/><E72/><N who="2" m="43079" /><F125/><W54/><G54/><T38/><D100/><U107/><E107/><V130/><F130/><W122/><G122/><T11/><D97/><U50/><E50/><V7/><F7/><W94/><G94/><AGARI ba="0,1" hai="84,85,86,87,88,94,116,117" m="43079,41578" machi="94" ten="30,7700,0" yaku="14,1,34,2,54,1" doraHai="39" who="2" fromWho="3" sc="270,0,217,0,273,87,230,-77" /><INIT seed="2,0,0,0,4,5" ten="270,217,360,153" oya="2" hai0="19,134,62,32,60,71,127,105,112,37,93,42,43" hai1="89,25,99,110,133,33,109,130,64,129,44,56,27" hai2="90,94,29,55,23,14,68,8,17,79,61,10,46" hai3="70,91,102,85,132,95,115,63,100,107,72,128,117"/><V20/><F79/><W104/><G70/><T114/><D32/><U73/><E73/><V116/><F116/><W1/><G63/><T103/><D105/><N who="3" m="40521" /><G1/><T74/><D103/><N who="3" m="39465" /><G117/><T45/><D93/><N who="1" m="56751" /><E44/><V83/><F83/><W40/><G40/><T119/><D19/><U96/><E33/><V58/><F46/><W9/><G9/><T7/><D7/><U51/><E51/><V88/><F68/><W39/><G39/><T126/><D74/><U87/><E56/><V47/><F47/><W49/><G49/><T15/><D15/><U65/><E27/><N who="2" m="16639" /><F94/><W48/><G48/><T122/><D119/><U3/><E3/><V125/><F125/><W53/><G53/><T18/><D45/><U26/><E26/><V16/><F10/><W81/><G115/><T4/><D114/><U57/><E57/><V84/><F17/><W113/><G113/><T98/><D18/><U22/><E65/><V36/><F20/><W0/><G0/><T108/><D112/><U131/><E64/><V77/><F36/><W59/><G59/><T6/><D37/><U78/><E22/><V28/><F28/><W50/><G50/><T13/><D71/><U12/><E12/><V124/><F55/><W76/><G132/><T41/><D134/><U92/><E133/><V30/><F58/><W75/><G128/><T123/><D43/><U24/><E24/><V35/><F61/><W52/><G52/><T34/><D34/><U67/><E25/><V118/><F35/><W82/><G75/><T69/><D69/><U21/><E67/><V2/><F118/><W66/><G66/><RYUUKYOKU ba="0,0" sc="270,-10,217,-10,360,-10,153,30" hai3="72,76,81,82,85,91,95" /><INIT seed="3,1,0,1,0,59" ten="260,207,350,183" oya="3" hai0="110,109,112,65,56,66,17,40,8,131,57,124,134" hai1="30,27,90,76,67,73,53,106,116,103,123,92,13" hai2="63,69,4,78,2,22,45,77,85,37,117,42,121" hai3="122,133,23,50,93,15,14,11,114,20,3,64,68"/><W97/><G122/><T55/><D8/><U130/><E123/><V108/><F117/><W21/><G114/><T35/><D35/><U38/><E116/><V128/><F121/><W104/><G104/><T33/><D33/><U31/><E38/><V82/><F22/><W86/><G133/><T125/><D17/><U46/><E13/><V58/><F108/><N who="0" m="41578" /><D112/><U81/><E67/><N who="0" m="25609" /><D40/><U105/><E105/><V48/><F78/><W88/><G3/><T43/><D43/><U26/><E53/><N who="2" m="32039" /><F2/><W118/><G118/><T39/><D39/><U135/><E46/><V7/><F128/><W111/><G111/><T24/><D24/><U79/><E26/><V72/><F85/><W100/><G50/><N who="0" m="30967" /><D134/><U96/><E27/><V74/><F74/><W51/><G51/><T84/><D84/><U36/><E36/><V10/><F10/><W132/><G132/><T62/><D131/><U89/><E130/><V6/><F4/><W54/><G54/><AGARI ba="1,0" hai="54,56,62,124,125" m="30967,25609,41578" machi="54" ten="30,7700,0" yaku="14,1,34,2,52,1" doraHai="59" who="0" fromWho="3" sc="260,80,207,0,350,0,183,-80" /><INIT seed="4,0,0,2,1,134" ten="340,207,350,103" oya="0" hai0="124,65,94,79,12,67,17,56,108,93,15,11,92" hai1="82,35,91,5,70,74,49,135,31,122,50,133,8" hai2="97,80,24,14,121,36,81,38,129,106,123,105,99" hai3="37,116,130,88,61,46,26,0,40,89,73,125,42"/><T117/><D117/><U28/><E70/><V47/><F47/><W103/><G116/><T109/><D79/><U52/><E122/><V3/><F14/><W87/><G73/><T22/><D124/><U100/><E100/><V13/><F13/><W78/><G130/><T27/><D15/><U32/><E74/><V21/><F21/><W71/><G0/><T101/><D101/><U58/><E91/><V76/><F24/><W30/><G42/><T62/><REACH who="0" step="1"/><D67/><REACH who="0" ten="330,207,350,103" step="2"/><U98/><E133/><V85/><F76/><W34/><G125/><T64/><D64/><U44/><E135/><V29/><F3/><W69/><G103/><T25/><D25/><U10/><E35/><V55/><F129/><W9/><G9/><T131/><D131/><U16/><E32/><V90/><F90/><W59/><G78/><T96/><D96/><U63/><E98/><V60/><F99/><W86/><G89/><T48/><D48/><U1/><E50/><V83/><F97/><W75/><G75/><T20/><D20/><U23/><E8/><V127/><F127/><W7/><G87/><T128/><D128/><U18/><E23/><V51/><F85/><W112/><G7/><AGARI ba="0,1" hai="7,11,12,17,22,27,56,62,65,92,93,94,108,109" machi="7" ten="40,2000,0" yaku="1,1,53,0" doraHai="134" doraHaiUra="119" who="0" fromWho="3" sc="330,30,207,0,350,0,103,-20" /><INIT seed="4,1,0,1,5,42" ten="360,207,350,83" oya="0" hai0="35,95,80,81,90,78,110,23,131,14,113,30,4" hai1="53,38,13,28,34,133,10,55,49,75,70,105,123" hai2="134,69,66,73,46,32,56,115,94,29,52,74,84" hai3="118,91,8,24,86,109,82,51,132,85,104,76,48"/><T36/><D36/><U17/><E123/><V127/><F127/><W107/><G109/><T100/><D35/><U102/><E38/><V60/><F134/><W16/><G118/><T125/><D125/><U120/><E120/><V15/><F15/><W108/><G132/><T7/><D100/><U98/><E75/><V33/><F115/><W45/><G108/><T37/><D37/><U3/><E3/><V126/><F126/><W11/><G107/><T103/><D103/><U72/><E72/><V57/><F32/><W114/><G104/><T135/><D78/><U106/><E106/><V77/><F74/><W129/><G129/><T59/><D59/><U97/><E97/><V9/><F9/><W18/><G114/><T39/><D39/><U61/><E133/><V92/><F73/><W119/><G51/><T122/><D131/><U26/><REACH who="1" step="1"/><E49/><REACH who="1" ten="360,197,350,83" step="2"/><V20/><F84/><W27/><G119/><T124/><D122/><U121/><E121/><V101/><F101/><W43/><G86/><T64/><D135/><U21/><E21/><V5/><F20/><N who="3" m="13319" /><G76/><T68/><D124/><U63/><E63/><V25/><F60/><W31/><G31/><T54/><D30/><U12/><E12/><V67/><F29/><W99/><G99/><T128/><D113/><U65/><AGARI ba="1,1" hai="10,13,17,26,28,34,53,55,61,65,70,98,102,105" machi="65" ten="30,7900,0" yaku="1,1,0,1,25,2,53,0" doraHai="42" doraHaiUra="116" who="1" fromWho="1" sc="360,-40,197,92,350,-21,83,-21" /><INIT seed="5,0,0,5,2,70" ten="320,289,329,62" oya="1" hai0="90,72,124,55,114,26,41,44,88,82,80,96,87" hai1="112,121,116,83,6,66,34,106,48,10,9,95,59" hai2="14,85,45,74,40,37,31,123,105,130,13,118,25" hai3="76,135,63,132,117,79,64,109,50,75,127,69,32"/><U12/><E121/><V110/><F123/><W101/><G109/><T27/><D124/><U52/><E116/><V18/><F74/><W60/><G117/><T99/><D55/><U21/><E106/><V131/><F105/><W35/><G127/><T125/><D125/><U62/><E112/><V115/><F110/><W22/><G101/><T78/><D114/><U33/><E21/><V104/><F104/><W57/><G50/><T126/><D126/><U30/><E30/><V42/><F115/><W107/><G22/><T92/><REACH who="0" step="1"/><D99/><REACH who="0" ten="310,289,329,62" step="2"/><U5/><E33/><N who="2" m="20719" /><F118/><W56/><G64/><T98/><D98/><U61/><E34/><V81/><F42/><W2/><G32/><T73/><D73/><U86/><E66/><V113/><F113/><W38/><G35/><T1/><D1/><U103/><E103/><V84/><F84/><W93/><G75/><T100/><D100/><U65/><E65/><V46/><F85/><W120/><G2/><T19/><D19/><U77/><E95/><V4/><F18/><W0/><G107/><T89/><D89/><U49/><E62/><V97/><F97/><W111/><G93/><T129/><D129/><U43/><E43/><V36/><F40/><W29/><G0/><AGARI ba="0,1" hai="0,5,6,9,10,12,48,49,52,59,61,77,83,86" machi="0" ten="30,2900,0" yaku="7,1,54,1" doraHai="70" who="1" fromWho="3" sc="310,0,289,39,329,0,62,-29" /><INIT seed="5,1,0,3,1,82" ten="310,328,329,33" oya="1" hai0="125,31,91,24,120,123,67,135,50,90,11,6,20" hai1="52,43,56,19,79,72,42,15,48,25,81,94,83" hai2="68,112,103,69,118,134,44,110,74,96,106,18,59" hai3="47,131,17,89,105,73,45,16,23,32,10,100,60"/><U55/><E25/><V127/><F118/><W75/><G32/><T12/><D67/><U87/><E94/><V62/><F110/><W78/><G131/><T39/><D39/><U13/><E55/><V108/><F108/><W30/><G105/><T3/><D50/><U26/><E26/><V46/><F74/><W84/><G100/><T111/><D91/><U133/><E133/><V128/><F134/><W122/><G122/><N who="0" m="46635" /><D90/><U53/><E53/><V92/><F128/><W64/><G78/><T61/><D61/><U124/><E124/><V130/><F130/><W27/><G75/><T21/><D111/><U4/><E4/><V109/><F109/><W58/><G73/><T97/><D97/><U9/><REACH who="1" step="1"/><E13/><REACH who="1" ten="310,318,329,33" step="2"/><V7/><F127/><W102/><G102/><T85/><D125/><U119/><E119/><V38/><F7/><W1/><G1/><T76/><D135/><U107/><E107/><V49/><F106/><W22/><G10/><T132/><D132/><U71/><E71/><V126/><F69/><W121/><G121/><T77/><D12/><U34/><E34/><V54/><F68/><W57/><G58/><T70/><D70/><U66/><E66/><V29/><F126/><W115/><G115/><T129/><D129/><U63/><E63/><V80/><F112/><W99/><G99/><T95/><D6/><U117/><E117/><V86/><F62/><W5/><G5/><T114/><D114/><U113/><E113/><V37/><F54/><W98/><G98/><T51/><D24/><U65/><E65/><V0/><F96/><W2/><G2/><RYUUKYOKU ba="1,1" sc="310,-10,318,30,329,-10,33,-10" hai1="9,15,19,42,43,48,52,56,72,79,81,83,87" /><INIT seed="5,2,1,2,3,12" ten="300,348,319,23" oya="1" hai0="85,91,6,100,86,123,49,126,53,65,22,39,32" hai1="114,81,75,1,83,10,101,119,50,93,121,134,110" hai2="128,130,8,56,77,80,63,109,124,62,2,135,87" hai3="40,27,47,44,28,24,84,52,69,107,79,48,108"/><U30/><E119/><V29/><F29/><W72/><G108/><T64/><D39/><U42/><E121/><V82/><F109/><W15/><G69/><T78/><D32/><U102/><E110/><V88/><F124/><W117/><G117/><T111/><D100/><N who="1" m="38507" /><E75/><V4/><F135/><W36/><G107/><T54/><D6/><U90/><E1/><V122/><F122/><W118/><G72/><T103/><D103/><U133/><E114/><V73/><REACH who="2" step="1"/><F63/><REACH who="2" ten="300,348,309,23" step="2"/><W43/><G118/><T11/><D126/><U105/><E30/><V34/><F34/><W71/><G28/><T3/><D123/><U113/><E113/><V37/><F37/><W51/><G71/><T112/><D112/><U9/><E133/><V125/><F125/><W58/><REACH who="3" step="1"/><G15/><REACH who="3" ten="300,348,309,13" step="2"/><T5/><D111/><U97/><E134/><V98/><F98/><W26/><G26/><T120/><D120/><U21/><E97/><V67/><AGARI ba="2,3" hai="2,4,8,56,62,67,73,77,80,82,87,88,128,130" machi="67" ten="30,4000,0" yaku="1,1,0,1,54,1,53,0" doraHai="12" doraHaiUra="41" who="2" fromWho="2" sc="300,-12,348,-22,309,76,13,-12" /><INIT seed="6,0,0,4,5,114" ten="288,326,385,1" oya="2" hai0="11,33,119,70,118,69,107,26,62,77,54,35,17" hai1="80,38,120,116,91,49,109,40,10,8,81,66,15" hai2="45,63,115,111,127,79,74,59,31,112,83,117,22" hai3="90,30,47,85,125,68,29,98,93,73,0,46,95"/><V51/><F117/><N who="0" m="44554" /><D107/><U121/><E109/><V67/><F127/><W133/><G73/><T23/><D77/><U123/><E116/><V102/><F102/><N who="3" m="60751" /><G68/><N who="0" m="26219" /><D11/><U134/><E134/><V18/><F111/><W61/><G0/><T103/><D103/><U113/><E113/><V19/><F115/><W108/><G108/><T25/><D26/><U126/><E126/><V43/><F112/><W27/><G125/><T20/><D23/><U14/><E91/><V34/><F34/><W124/><G124/><T135/><D135/><U65/><E38/><V105/><F105/><W104/><G133/><T58/><AGARI ba="0,0" hai="17,20,25,33,35,54,58,62" m="26219,44554" machi="58" ten="40,8000,1" yaku="12,1,52,3" doraHai="114" who="0" fromWho="0" sc="288,80,326,-20,385,-40,1,-20" owari="368,46.8,306,-9.4,345,14.5,-19,-51.9" /></mjloggm>