<mjloggm ver="2.3"><GO type="41" lobby="0"/><UN n0="%E2%93%9D%4C%75%63%6B%79%4A" n1="%68%61%67%65%6D%6F%72%69" n2="%6B%65%79%33%5F%44" n3="%E8%A5%BF%E4%B8%8B%E9%83%81%E9%A6%AC" dan="15,14,15,13" rate="2150.40,1972.83,2023.39,1879.30" sx="M,M,M,M"/><TAIKYOKU oya="0"/><INIT seed="0,0,0,4,3,34" ten="250,250,250,250" oya="0" hai0="60,80,123,78,121,98,59,70,87,135,58,17,54" hai1="47,26,21,29,75,13,116,23,79,3,2,9,81" hai2="129,130,108,10,96,90,103,110,125,14,49,101,132" hai3="72,76,128,55,6,64,69,111,50,41,4,0,92"/><T12/><D70/><U56/><E116/><V71/><F71/><W61/><G111/><N who="2" m="42537" /><F49/><W37/><G128/><N who="2" m="49257" /><F14/><W53/><G92/><T62/><D135/><U120/><E120/><V91/><F10/><N who="3" m="2311" /><G6/><T118/><D118/><U83/><E83/><V89/><F132/><W100/><G100/><N who="2" m="38473" /><F125/><W43/><G43/><T82/><D98/><AGARI ba="0,0" hai="89,90,91,96,98" m="38473,49257,42537" machi="98" ten="40,12000,2" yaku="28,2,14,1,19,1,34,2" doraHai="34" who="2" fromWho="0" sc="250,-120,250,0,250,120,250,0" /><INIT seed="1,0,0,5,1,108" ten="130,250,370,250" oya="1" hai0="51,58,22,66,57,85,47,63,31,39,59,11,48" hai1="29,118,14,125,128,94,25,60,104,67,2,52,98" hai2="12,19,17,6,9,83,131,112,54,107,37,124,86" hai3="36,18,110,109,93,3,45,130,127,41,46,33,5"/><U26/><E118/><V80/><F107/><W40/><G33/><T89/><D11/><U21/><E2/><V97/><F97/><W73/><G127/><T70/><D31/><U91/><E125/><V106/><F106/><W123/><G123/><T132/><D22/><U129/><E104/><V68/><F131/><N who="1" m="50249" /><E14/><V56/><F68/><W49/><G130/><T102/><D102/><U101/><E25/><V75/><F37/><W24/><G93/><T126/><D132/><U121/><E121/><V38/><F38/><W122/><G122/><T42/><D85/><U20/><E20/><V96/><F96/><W30/><G18/><T69/><D89/><U43/><E43/><V115/><F75/><W88/><G88/><T71/><D126/><U4/><E4/><V90/><F80/><W1/><G73/><T84/><D84/><U35/><E35/><V78/><F90/><W65/><G5/><T23/><D23/><U50/><E101/><V32/><F32/><W64/><G3/><T134/><D134/><U99/><E99/><V34/><F34/><N who="3" m="20807" /><G1/><T116/><D116/><U13/><E13/><V72/><F72/><W82/><G82/><T87/><D87/><U79/><E79/><V16/><REACH who="2" step="1"/><F124/><REACH who="2" ten="130,250,360,250" step="2"/><W62/><G36/><T103/><D103/><U120/><E120/><V44/><F44/><W81/><G46/><T77/><D77/><U76/><E76/><V95/><F95/><W27/><G45/><N who="0" m="26039" /><D39/><U55/><E50/><AGARI ba="0,1" hai="6,9,12,16,17,19,50,54,56,78,83,86,112,115" machi="50" ten="40,8000,1" yaku="1,1,52,2,54,1,53,0" doraHai="108" doraHaiUra="117" who="2" fromWho="1" sc="130,0,250,-80,360,90,250,0" /><INIT seed="2,0,0,3,0,78" ten="130,170,450,250" oya="2" hai0="37,2,62,119,77,38,102,108,132,118,115,126,8" hai1="121,3,84,134,36,19,14,53,123,103,79,26,11" hai2="70,29,46,107,57,54,101,4,52,105,81,60,111" hai3="113,120,109,30,73,22,1,40,20,131,66,48,41"/><V93/><F111/><W44/><G120/><N who="1" m="46154" /><E36/><N who="0" m="13929" /><D102/><U32/><E53/><V18/><F70/><W122/><G109/><T88/><D77/><U49/><E49/><N who="2" m="28727" /><F105/><W15/><G122/><T124/><D115/><U64/><E64/><V12/><F107/><W31/><G1/><T75/><D75/><U28/><E103/><V56/><F56/><W128/><G73/><T58/><D8/><U110/><E110/><V43/><F29/><N who="3" m="10763" /><G66/><T76/><D76/><U129/><E129/><N who="3" m="49738" /><G113/><T116/><D2/><U130/><E130/><V34/><F43/><N who="3" m="24607" /><G20/><T97/><D108/><U125/><E3/><V133/><F57/><W35/><G35/><T94/><D132/><U63/><E134/><V59/><F34/><W117/><G117/><N who="0" m="29955" /><T42/><DORA hai="106" /><D42/><U67/><E125/><N who="0" m="48233" /><D58/><N who="1" m="37367" /><E79/><V6/><F133/><W16/><AGARI ba="0,0" hai="15,16,22,40,41" m="24607,49738,10763" machi="16" ten="30,2000,0" yaku="19,1,54,1" doraHai="78,106" who="3" fromWho="3" sc="130,-5,170,-5,450,-10,250,20" /><INIT seed="3,0,0,0,2,130" ten="125,165,440,270" oya="3" hai0="25,107,112,52,43,11,108,42,65,69,32,86,82" hai1="114,61,126,33,41,7,127,133,83,67,92,5,76" hai2="70,28,74,123,29,55,27,0,73,88,1,4,125" hai3="23,22,9,97,38,105,95,116,66,104,14,64,111"/><W26/><G116/><T39/><D107/><U20/><E33/><V110/><F110/><W16/><G38/><T115/><D11/><U117/><E114/><N who="0" m="43561" /><D108/><U103/><E117/><V36/><F70/><W121/><G121/><T128/><D39/><U106/><E106/><V122/><F36/><W49/><G49/><T77/><D65/><U30/><E41/><N who="0" m="15369" /><D69/><U100/><E7/><V87/><F55/><W47/><G111/><T71/><D71/><U120/><E5/><V50/><F50/><W31/><G47/><T34/><D128/><U119/><E119/><V102/><F4/><N who="3" m="3367" /><G105/><T37/><D37/><U80/><E120/><V17/><F0/><W93/><G93/><T109/><D109/><U96/><E103/><V45/><F102/><N who="3" m="60735" /><G104/><T135/><D34/><U81/><E76/><V10/><F1/><W13/><AGARI ba="0,0" hai="13,16,22,23,26,31,64,66" m="60735,3367" machi="13" ten="30,3000,0" yaku="8,1,54,1" doraHai="130" who="3" fromWho="3" sc="125,-10,165,-10,440,-10,270,30" /><INIT seed="3,1,0,0,4,25" ten="115,155,430,300" oya="3" hai0="6,48,23,81,83,118,34,127,120,84,91,49,9" hai1="16,96,73,71,99,33,5,45,85,10,29,63,55" hai2="59,43,126,0,123,125,116,54,67,132,80,129,27" hai3="109,75,100,56,110,22,52,11,122,130,13,108,44"/><W89/><G122/><T77/><D120/><U64/><E73/><V93/><F116/><W46/><G130/><T14/><D34/><U42/><E55/><V106/><F106/><W82/><G100/><T121/><D121/><U133/><E133/><V31/><F123/><W131/><G131/><T62/><D127/><N who="2" m="48650" /><F0/><W78/><G89/><T51/><D118/><U61/><E61/><V98/><F43/><W69/><G22/><T39/><D39/><U94/><E5/><V115/><F115/><W4/><G4/><T119/><D119/><U76/><E94/><V21/><F129/><W114/><G69/><T2/><D62/><U1/><E1/><V3/><F3/><W128/><G128/><T53/><D23/><U95/><E95/><V124/><F80/><W107/><G107/><T105/><D105/><U12/><E76/><V20/><F67/><W135/><G135/><T111/><D111/><U112/><E85/><V117/><F117/><W102/><G102/><T35/><D35/><U47/><E112/><V24/><F132/><W38/><G38/><T68/><D68/><U60/><E60/><N who="2" m="35959" /><F124/><W37/><G37/><T90/><D2/><U15/><E42/><V88/><F27/><W28/><G28/><T86/><REACH who="0" step="1"/><D77/><REACH who="0" ten="105,155,430,300" step="2"/><U58/><E71/><V104/><F104/><W36/><G36/><T19/><D19/><U65/><E65/><V26/><F24/><W66/><G66/><T87/><D87/><U32/><E32/><AGARI ba="1,1" hai="20,21,26,31,32,88,93,98" m="35959,48650" machi="32" ten="30,3900,0" yaku="18,1,52,1,54,1" doraHai="25" who="2" fromWho="1" sc="105,0,155,-42,430,52,300,0" /><INIT seed="4,0,0,2,3,65" ten="105,113,482,300" oya="0" hai0="119,54,10,84,48,0,104,29,83,123,134,57,3" hai1="127,12,109,85,6,53,66,41,88,73,117,111,30" hai2="133,76,61,45,95,39,50,70,49,93,27,46,121" hai3="131,38,125,114,96,74,17,94,132,124,32,14,82"/><T28/><D123/><U107/><E127/><N who="3" m="48714" /><G32/><T89/><D119/><U101/><E117/><V11/><F76/><N who="3" m="44311" /><G38/><T16/><D104/><U102/><E30/><V36/><F11/><N who="3" m="6367" /><G114/><T81/><D134/><U78/><E73/><V64/><F27/><W1/><G1/><T106/><D106/><U26/><E109/><V129/><F93/><W35/><G35/><T69/><D69/><U135/><E26/><V67/><F95/><W33/><G33/><T20/><D83/><U63/><E111/><V18/><F18/><W42/><G42/><T19/><D3/><U47/><E107/><V97/><F97/><W21/><G21/><T60/><D0/><U44/><E41/><N who="2" m="24751" /><F133/><W98/><G132/><T122/><D122/><U75/><E135/><V7/><F7/><W90/><G131/><T71/><D10/><U31/><E75/><V110/><F110/><W25/><G25/><T15/><REACH who="0" step="1"/><D19/><REACH who="0" ten="95,113,482,300" step="2"/><U128/><E128/><V2/><F2/><W8/><G8/><T9/><D9/><U112/><E112/><V58/><F121/><W113/><G113/><T99/><D99/><AGARI ba="0,1" hai="90,94,96,98,99" m="6367,44311,48714" machi="99" ten="30,1000,0" yaku="18,1" doraHai="65" who="3" fromWho="0" sc="95,-10,113,0,482,0,300,20" /><INIT seed="5,0,0,3,2,21" ten="85,113,482,320" oya="1" hai0="82,28,46,18,72,130,45,105,26,119,131,67,35" hai1="12,112,117,86,41,103,135,93,87,73,63,33,89" hai2="111,7,29,43,51,96,19,57,52,56,39,128,74" hai3="114,50,6,133,36,1,65,120,30,66,95,77,62"/><U107/><E33/><V47/><F74/><W16/><G36/><T23/><D105/><U2/><E2/><V75/><F75/><W70/><G120/><T109/><D67/><U90/><E12/><V115/><F111/><W64/><G30/><T32/><D119/><U127/><E41/><V24/><F128/><N who="0" m="49194" /><D109/><U102/><E63/><V125/><F125/><W60/><G114/><T100/><D100/><N who="1" m="38443" /><E117/><V37/><F19/><W61/><G133/><T98/><D98/><N who="1" m="57647" /><E135/><V99/><F7/><W31/><G31/><T38/><D38/><U113/><E127/><V126/><F115/><N who="1" m="44105" /><E73/><V94/><F126/><W27/><G70/><T123/><D35/><U20/><E20/><N who="2" m="15495" /><F37/><W9/><G50/><T8/><D8/><U40/><E40/><V101/><F39/><W5/><G5/><T49/><D49/><U80/><E87/><V76/><F57/><W104/><G66/><T121/><D32/><U84/><E84/><V55/><F96/><W132/><G65/><T48/><D28/><U15/><E15/><V97/><F99/><W17/><G64/><T116/><D116/><U78/><E78/><V14/><F14/><W34/><G77/><N who="0" m="44327" /><D46/><U129/><E129/><V11/><F11/><W53/><G132/><T22/><D23/><U122/><E122/><V58/><F76/><W25/><G34/><T79/><D79/><U134/><E134/><V59/><AGARI ba="0,0" hai="43,47,51,52,55,56,58,59,94,97,101" m="15495" machi="59" ten="30,4000,0" yaku="8,1,52,1,54,1" doraHai="21" who="2" fromWho="2" sc="85,-10,113,-20,482,40,320,-10" /><INIT seed="6,0,0,0,1,131" ten="75,93,522,310" oya="2" hai0="111,126,19,83,118,91,55,97,73,14,38,106,31" hai1="7,50,71,84,63,51,107,69,132,36,24,20,124" hai2="25,59,105,53,87,77,99,129,47,3,49,45,34" hai3="60,134,112,26,0,114,75,108,81,65,119,93,66"/><V95/><F3/><W80/><G108/><T29/><D111/><U109/><E107/><V110/><F110/><W30/><G119/><T117/><D38/><U67/><E36/><V96/><F129/><W33/><G0/><T22/><D126/><U15/><E109/><V16/><F34/><W128/><G128/><T120/><D120/><U11/><E71/><V86/><F105/><W92/><G134/><T37/><D37/><U68/><E69/><V113/><F96/><W130/><G130/><T28/><D55/><U103/><E124/><V90/><F113/><N who="3" m="43627" /><G66/><T54/><D54/><U133/><E84/><V57/><F57/><N who="3" m="37007" /><G81/><T23/><D73/><U6/><E103/><V116/><F116/><N who="0" m="44650" /><D83/><U41/><E6/><V13/><F25/><W104/><G104/><T17/><D106/><U27/><E41/><V1/><F1/><W4/><G4/><T42/><D42/><U48/><REACH who="1" step="1"/><E27/><REACH who="1" ten="75,83,522,310" step="2"/><V123/><F87/><W43/><G43/><T122/><D122/><U40/><E40/><V74/><F123/><W10/><G10/><T35/><D97/><U8/><E8/><N who="2" m="6183" /><F74/><W78/><AGARI ba="0,1" hai="26,30,33,75,78,80,92,93" m="37007,43627" machi="78" ten="30,2000,0" yaku="15,1,11,1" doraHai="131" who="3" fromWho="3" sc="75,-5,83,-5,522,-10,310,30" /><INIT seed="7,0,0,1,3,34" ten="70,78,512,340" oya="3" hai0="128,65,24,117,53,57,38,12,109,28,20,49,119" hai1="79,115,122,105,67,85,45,118,87,44,32,111,1" hai2="121,62,69,88,95,102,104,92,35,91,54,40,84" hai3="100,107,126,116,80,93,17,2,33,48,77,51,50"/><W103/><G116/><T70/><D109/><U23/><E32/><V25/><F40/><W55/><G107/><T43/><D128/><U82/><E105/><V101/><F121/><W46/><G126/><T29/><D29/><U10/><E111/><V31/><F104/><W124/><G124/><T36/><D12/><U39/><E122/><V123/><F123/><W52/><G33/><T89/><D89/><U42/><E118/><V94/><F94/><W71/><G71/><T64/><D65/><U11/><E45/><V98/><F54/><W66/><G66/><T108/><D108/><U30/><E115/><V73/><F73/><W0/><G17/><T18/><D28/><U15/><E67/><V97/><F84/><W129/><G51/><T112/><D112/><U132/><E132/><V58/><F58/><W6/><G129/><T4/><D4/><N who="1" m="1295" /><E87/><V22/><F35/><W86/><G6/><T63/><REACH who="0" step="1"/><D38/><REACH who="0" ten="60,78,512,340" step="2"/><U3/><E3/><V125/><F125/><W110/><G110/><T56/><D56/><U131/><E131/><V76/><F76/><W74/><G74/><T72/><D72/><N who="1" m="43367" /><E30/><V8/><F8/><W21/><G21/><T114/><D114/><U130/><E130/><V9/><F9/><W14/><G14/><T7/><D7/><N who="1" m="3583" /><E23/><V5/><F5/><W27/><G27/><T90/><D90/><U135/><E135/><V120/><F120/><W99/><REACH who="3" step="1"/><G103/><REACH who="3" ten="60,78,512,330" step="2"/><T60/><D60/><U78/><E78/><V37/><F37/><W106/><G106/><T96/><D96/><U113/><E113/><V75/><F75/><W61/><G61/><RYUUKYOKU ba="0,2" sc="60,0,78,0,512,0,330,0" hai0="18,20,24,36,43,49,53,57,63,64,70,117,119" hai1="39,42,44,85" hai2="22,25,31,62,69,88,91,92,95,97,98,101,102" hai3="0,2,46,48,50,52,55,77,80,86,93,99,100" /><INIT seed="7,1,2,5,1,116" ten="60,78,512,330" oya="3" hai0="101,55,114,42,75,128,106,30,131,31,12,103,33" hai1="108,88,124,111,17,57,63,38,5,8,76,94,80" hai2="68,60,100,78,39,64,61,58,62,129,102,134,32" hai3="24,98,69,82,132,122,81,110,52,130,25,73,6"/><W10/><G69/><T105/><D42/><U93/><E124/><V47/><F32/><W71/><G71/><T113/><D33/><U90/><E38/><V46/><F78/><W107/><G132/><T117/><D55/><U45/><E45/><N who="2" m="16907" /><F129/><N who="0" m="49738" /><D75/><U79/><E17/><V20/><F39/><W7/><G130/><T19/><D117/><U13/><E108/><V119/><F119/><W104/><G110/><T3/><D3/><U77/><E111/><V115/><F115/><N who="0" m="44042" /><D103/><N who="2" m="39466" /><F134/><W95/><G95/><N who="1" m="36362" /><E80/><V2/><F2/><W120/><G98/><N who="0" m="61751" /><D105/><U23/><E23/><AGARI ba="1,2" hai="12,19,23,30,31" m="61751,44042,49738" machi="23" ten="30,3900,0" yaku="19,1,15,1,11,1" doraHai="116" who="0" fromWho="1" sc="60,62,78,-42,512,0,330,0" owari="122,-27.8,36,-46.4,512,61.2,330,13.0" /></mjloggm>