<mjloggm ver="2.3"><GO type="137" lobby="0"/><UN n0="%E6%85%B6%E3%81%A1%E3%82%83%E3%82%93" n1="%E3%81%8F%E3%81%AE%E3%81%8C%E3%82%8B" n2="%E2%93%9D%4C%75%63%6B%79%4A" n3="%E2%98%86%E5%B9%B3%E5%9D%87%52%EF%BC%BF%E4%B8%8B%E3%81%92%E2%98%86" dan="12,12,12,9" rate="1716.83,1655.45,1816.35,427.04" sx="M,M,M,M"/><TAIKYOKU oya="0"/><INIT seed="0,0,0,2,4,90" ten="250,250,250,250" oya="0" hai0="62,106,105,81,47,88,85,124,116,12,129,102,104" hai1="126,11,119,58,49,32,84,31,6,107,60,100,120" hai2="121,127,54,71,73,35,45,4,83,66,77,13,101" hai3="24,27,87,1,51,95,15,61,10,113,26,134,125"/><T40/><D116/><U111/><E119/><V69/><F121/><W94/><G113/><T97/><D129/><U117/><E117/><V76/><F35/><W19/><G1/><T86/><D62/><U92/><E120/><V48/><F77/><W43/><G125/><T132/><D12/><U75/><E75/><V79/><F79/><W34/><G134/><T70/><D70/><U109/><E126/><V41/><F101/><W65/><G34/><T3/><D3/><U42/><E42/><V5/><F127/><W67/><G87/><T112/><D112/><U78/><E107/><V99/><F66/><N who="3" m="25099" /><G61/><T135/><D124/><U21/><E32/><V123/><F123/><W18/><G18/><T96/><D40/><U23/><E49/><V57/><F99/><N who="0" m="37962" /><D47/><U130/><E78/><V29/><F71/><W22/><G10/><T37/><D37/><U103/><E103/><V98/><F69/><W63/><G63/><T115/><D115/><U17/><E100/><V0/><F0/><W52/><G43/><T30/><D30/><U9/><E31/><V38/><F29/><W72/><G72/><T118/><D102/><U82/><E82/><V55/><F83/><W122/><G122/><T89/><D118/><U50/><E50/><V8/><F48/><W59/><G15/><T25/><D25/><N who="3" m="6401" /><W133/><DORA hai="68" /><G19/><T53/><D53/><U56/><E60/><N who="2" m="35903" /><F54/><W93/><G133/><N who="0" m="51275" /><D106/><U110/><E6/><N who="2" m="3223" /><F98/><W28/><G22/><T64/><D64/><U128/><E21/><V91/><F73/><W46/><G94/><AGARI ba="0,0" hai="81,85,86,88,89,94,104,105" m="51275,37962" machi="94" ten="30,12000,1" yaku="20,1,34,2,52,1,54,1" doraHai="90,68" who="0" fromWho="3" sc="250,120,250,0,250,0,250,-120" /><INIT seed="0,1,0,1,1,113" ten="370,250,250,130" oya="0" hai0="34,104,67,52,4,122,132,93,96,49,97,28,127" hai1="124,81,95,88,89,9,51,50,120,33,40,3,107" hai2="84,6,92,69,41,39,111,7,63,75,114,100,58" hai3="110,116,135,85,74,21,83,48,102,77,80,72,5"/><T53/><D122/><U35/><E33/><V78/><F114/><W134/><G116/><T55/><D67/><U25/><E107/><V130/><F69/><W1/><G110/><T128/><D4/><U76/><E120/><V98/><F130/><W59/><G74/><T2/><D2/><U79/><E35/><V61/><F63/><W106/><G1/><T66/><D66/><U68/><E68/><V126/><F126/><W65/><G5/><T129/><D127/><U46/><E25/><V11/><F75/><W31/><G106/><T42/><D104/><U73/><E76/><V43/><F39/><W125/><G125/><T62/><D62/><U115/><E115/><V20/><F20/><W119/><G119/><T16/><D16/><U105/><E105/><V17/><F17/><W70/><G70/><T47/><D132/><N who="3" m="50729" /><G102/><T22/><D34/><U38/><E124/><V131/><F7/><W112/><G112/><T8/><D8/><U29/><E29/><V118/><F111/><W32/><G32/><T54/><D22/><U36/><E36/><V90/><F118/><W109/><G109/><T18/><D28/><U10/><E10/><V19/><F19/><W24/><G65/><T56/><D18/><U87/><E89/><V57/><F90/><N who="3" m="51495" /><G59/><N who="2" m="22537" /><F61/><W86/><G72/><T23/><D56/><U30/><E30/><V14/><F131/><W15/><G15/><T37/><D128/><U117/><E117/><V108/><F108/><W82/><G86/><T121/><D129/><U133/><E133/><V103/><F103/><W91/><G91/><T45/><D121/><RYUUKYOKU ba="1,0" sc="370,-15,250,15,250,15,130,-15" hai1="3,9,38,40,46,50,51,73,79,81,87,88,95" hai2="6,11,14,41,43,78,84,92,98,100" /><INIT seed="1,2,0,3,3,59" ten="355,265,265,115" oya="1" hai0="126,37,124,29,14,116,12,78,50,103,45,81,121" hai1="128,95,11,113,115,8,35,123,125,80,48,31,39" hai2="109,26,1,21,135,97,88,76,101,53,94,27,32" hai3="5,91,6,56,122,89,99,85,61,83,63,0,30"/><U77/><E35/><V87/><F1/><W2/><G122/><T34/><D116/><U60/><E39/><V22/><F135/><W70/><G70/><T58/><D37/><U84/><E31/><V72/><F109/><W23/><G0/><T19/><D103/><U4/><E123/><V134/><F134/><W65/><G63/><T119/><D119/><U17/><E128/><V69/><F69/><W68/><G2/><T112/><D112/><U75/><E48/><V25/><F32/><W52/><G52/><N who="0" m="32023" /><D29/><U3/><E125/><N who="0" m="48233" /><D34/><U13/><E95/><V111/><F111/><W67/><G67/><T118/><D118/><U38/><E84/><V15/><F53/><W51/><G68/><T74/><D45/><U82/><E82/><N who="2" m="45319" /><F15/><W114/><G114/><T92/><D92/><U93/><E93/><V71/><F71/><W28/><G28/><T98/><D98/><U106/><E106/><AGARI ba="2,0" hai="21,22,25,26,27,87,88,94,97,101,106" m="45319" machi="106" ten="30,2000,0" yaku="24,1,54,1" doraHai="59" who="2" fromWho="1" sc="355,0,265,-26,265,26,115,0" /><INIT seed="2,0,0,5,1,50" ten="355,239,291,115" oya="2" hai0="93,135,27,91,68,45,85,58,69,42,83,39,129" hai1="65,7,75,17,102,89,113,61,5,2,32,18,8" hai2="28,104,12,121,115,6,1,10,66,13,73,43,22" hai3="19,24,70,26,38,133,62,11,134,76,110,48,125"/><V23/><F104/><W79/><G110/><T25/><D135/><N who="3" m="51721" /><G125/><T52/><D129/><U101/><E75/><V29/><F66/><N who="3" m="41303" /><G38/><T57/><D57/><U97/><E113/><V60/><F73/><W120/><G120/><T55/><D55/><U63/><E32/><V71/><F43/><W108/><G108/><T44/><D44/><U30/><E30/><N who="2" m="11883" /><F60/><W33/><G33/><T16/><D68/><U116/><E116/><V130/><F71/><W36/><G36/><T107/><D107/><U105/><E7/><V56/><F56/><W14/><G48/><T109/><D69/><U114/><E114/><V59/><F59/><W92/><G92/><T99/><D109/><U54/><E101/><V124/><F121/><W127/><G127/><T98/><D93/><U106/><E106/><V103/><F103/><W9/><G9/><T46/><D46/><U78/><E78/><V112/><F124/><W94/><G94/><T86/><D86/><U15/><E63/><V47/><F47/><W123/><G123/><T96/><REACH who="0" step="1"/><D16/><REACH who="0" ten="345,239,291,115" step="2"/><U82/><E65/><V37/><F115/><W0/><G0/><T74/><D74/><U72/><E72/><V126/><F112/><W35/><G35/><T100/><D100/><U64/><E64/><V131/><F126/><W4/><G79/><T31/><D31/><U49/><E61/><AGARI ba="0,1" hai="25,27,39,42,45,52,58,61,83,85,91,96,98,99" machi="61" ten="40,5200,0" yaku="1,1,52,1,54,1,53,0" doraHai="50" doraHaiUra="118" who="0" fromWho="1" sc="345,62,239,-52,291,0,115,0" /><INIT seed="3,0,0,3,3,60" ten="407,187,291,115" oya="3" hai0="132,89,92,42,117,128,78,55,67,104,76,77,79" hai1="83,25,2,30,113,82,12,32,70,102,52,64,112" hai2="39,130,43,40,105,80,15,13,19,75,36,57,72" hai3="121,6,17,120,37,97,119,111,115,87,66,54,8"/><W94/><G111/><T11/><D104/><U134/><E102/><V26/><F26/><W9/><G115/><T116/><D67/><U0/><E12/><V56/><F80/><W20/><G119/><T122/><D42/><U7/><E134/><V107/><REACH who="2" step="1"/><F19/><REACH who="2" ten="407,187,281,115" step="2"/><W125/><G66/><T90/><D116/><U85/><E112/><V35/><F35/><W99/><G87/><T81/><D81/><U129/><E113/><V71/><F71/><W21/><G94/><T100/><D92/><U86/><E129/><AGARI ba="0,1" hai="13,15,36,39,40,43,56,57,72,75,105,107,129,130" machi="129" ten="25,8000,1" yaku="1,1,22,2,53,2" doraHai="60" doraHaiUra="124" who="2" fromWho="1" sc="407,0,187,-80,281,90,115,0" /><INIT seed="4,0,0,3,4,109" ten="407,107,371,115" oya="0" hai0="97,123,133,30,100,7,76,37,84,68,49,25,13" hai1="58,24,115,94,99,21,27,22,119,39,122,69,98" hai2="57,108,82,111,12,88,65,95,38,50,55,34,129" hai3="75,78,103,96,11,8,90,83,48,116,6,62,117"/><T130/><D37/><U19/><E69/><V93/><F34/><W86/><G103/><T46/><D68/><U61/><E39/><V101/><F38/><W40/><G96/><T118/><D118/><U126/><E119/><V134/><F134/><W2/><G116/><T63/><D123/><U52/><E126/><V36/><F36/><W4/><G117/><T20/><D63/><U18/><E122/><V113/><F129/><W10/><G75/><T56/><D56/><U44/><E44/><V53/><F65/><W0/><G78/><T15/><D7/><U28/><E28/><V85/><F113/><W31/><G31/><T104/><D130/><U41/><E41/><V114/><F114/><W128/><G62/><T77/><D133/><U14/><E14/><V42/><F42/><W67/><G128/><T17/><D17/><U35/><E35/><V127/><F127/><W80/><G2/><T102/><D102/><U66/><E66/><V74/><F55/><W26/><G67/><T47/><D47/><U3/><E3/><V106/><F12/><W23/><G6/><T125/><D125/><U131/><E131/><V81/><F106/><W51/><G0/><T92/><D104/><U91/><E115/><V64/><F64/><W112/><G112/><T132/><D132/><U32/><E32/><V107/><F107/><W79/><G79/><N who="0" m="30283" /><D84/><AGARI ba="0,0" hai="18,19,21,22,24,27,52,58,61,84,91,94,98,99" machi="84" ten="30,7700,0" yaku="7,1,9,1,8,1,54,1" doraHai="109" who="1" fromWho="0" sc="407,-77,107,77,371,0,115,0" /><INIT seed="5,0,0,2,1,109" ten="330,184,371,115" oya="1" hai0="2,99,105,55,82,5,117,13,15,63,38,22,96" hai1="11,90,98,123,31,60,68,51,91,56,107,85,111" hai2="42,62,120,125,12,57,17,116,46,66,86,8,45" hai3="25,20,79,115,80,110,36,88,70,47,52,130,59"/><U73/><E111/><V72/><F72/><W44/><G115/><T53/><D38/><U7/><E73/><V10/><F120/><W49/><G110/><T103/><D117/><U108/><E123/><V134/><F134/><W133/><G130/><T14/><D96/><U87/><E68/><V132/><F132/><W26/><G133/><T95/><D105/><U113/><E108/><V69/><F116/><W97/><G70/><T114/><D114/><U121/><E121/><V35/><F35/><W67/><G36/><T3/><D82/><U119/><E119/><V28/><F28/><W33/><G67/><T78/><D78/><U23/><E107/><V39/><F46/><W30/><G33/><T106/><D106/><U32/><E32/><V76/><F125/><W71/><G79/><T24/><D5/><U41/><E41/><V127/><F127/><W64/><G71/><T48/><D63/><U54/><E23/><V58/><F10/><W102/><G64/><T65/><D65/><U6/><E31/><V83/><AGARI ba="0,0" hai="8,12,17,39,42,45,57,58,62,66,69,76,83,86" machi="83" ten="30,1100,0" yaku="0,1" doraHai="109" who="2" fromWho="2" sc="330,-3,184,-5,371,11,115,-3" /><INIT seed="6,0,0,1,5,115" ten="327,179,382,112" oya="2" hai0="132,23,118,11,82,9,21,56,105,20,65,37,89" hai1="57,62,93,35,22,117,59,130,86,76,116,44,96" hai2="14,45,131,43,102,84,52,94,16,104,15,6,133" hai3="27,74,63,54,25,87,46,110,34,122,67,68,31"/><V120/><F120/><W12/><G110/><T28/><D105/><U26/><E35/><V5/><F104/><W0/><G122/><T41/><D37/><U64/><E44/><V99/><F131/><W121/><G74/><T92/><D41/><U53/><E130/><V70/><F70/><W128/><G121/><T90/><D28/><U75/><E86/><V73/><F133/><W123/><G128/><T79/><D132/><U101/><E76/><V119/><F119/><W36/><G123/><T60/><D118/><U135/><E75/><V58/><F15/><W66/><G0/><T103/><D103/><U109/><E135/><V72/><F73/><W114/><G114/><T3/><D3/><U106/><E106/><V112/><F112/><W1/><G1/><T108/><D108/><U55/><E55/><V127/><F127/><W50/><G67/><T40/><D40/><U129/><E129/><V80/><F72/><W124/><G124/><T113/><D113/><U91/><E109/><V19/><F45/><W24/><G36/><T78/><D78/><U17/><REACH who="1" step="1"/><E101/><REACH who="1" ten="327,169,382,112" step="2"/><V4/><F43/><W88/><G12/><T39/><D79/><U48/><AGARI ba="0,1" hai="17,22,26,48,53,57,59,62,64,91,93,96,116,117" machi="48" ten="20,12000,2" yaku="1,1,2,1,0,1,7,1,52,2,53,1" doraHai="115" doraHaiUra="18" who="1" fromWho="1" sc="327,-30,169,130,382,-60,112,-30" /><INIT seed="7,0,0,3,1,94" ten="297,299,322,82" oya="3" hai0="49,122,126,15,103,84,120,91,36,3,50,129,106" hai1="31,86,53,68,63,105,5,42,135,82,30,39,115" hai2="2,125,131,47,90,41,59,6,134,51,121,78,65" hai3="40,20,60,93,110,14,89,127,58,21,92,12,32"/><W124/><G124/><T23/><D36/><U19/><E105/><V28/><F78/><W62/><G127/><T72/><D72/><U45/><E135/><V55/><F125/><W113/><G93/><T26/><D126/><U85/><E5/><V88/><F131/><W17/><G92/><T123/><D129/><U97/><E115/><V44/><F28/><W112/><G20/><T35/><D3/><U34/><E34/><V10/><F121/><W66/><G21/><T1/><D1/><U46/><E19/><V95/><F134/><W52/><G12/><T128/><D128/><U18/><E18/><V133/><F65/><W87/><G14/><T102/><D35/><U16/><E16/><V83/><F133/><W67/><G60/><T104/><D15/><U107/><E107/><V99/><F41/><W43/><G62/><T76/><D76/><U33/><E33/><V77/><F90/><W130/><G40/><T57/><D104/><U75/><E75/><AGARI ba="0,0" hai="2,6,10,44,47,51,55,59,75,77,83,88,95,99" machi="75" ten="30,3900,0" yaku="7,1,52,1,54,1" doraHai="94" who="2" fromWho="1" sc="297,0,299,-39,322,39,82,0" owari="297,9.7,260,-14.0,361,46.1,82,-41.8" /></mjloggm>