<mjloggm ver="2.3"><GO type="9" lobby="0"/><UN n0="%E2%93%9D%4C%75%63%6B%79%4A" n1="%E8%88%9E%E5%A6%93%E3%81%AE%E3%81%AF%E3%81%8F%E3%81%97%E3%82%87%E3%82%93" n2="%72%79%6F%73%75%6B%65" n3="%E5%8B%87%E8%80%85%E3%83%98%E3%83%83%E3%83%9D%E3%82%B3%E3%81%8F%E3%82%93" dan="9,5,8,11" rate="1780.01,1575.16,1745.38,1827.23" sx="M,M,M,M"/><TAIKYOKU oya="0"/><INIT seed="0,0,0,0,1,69" ten="250,250,250,250" oya="0" hai0="5,71,1,13,135,100,61,132,40,2,78,117,96" hai1="125,37,36,115,118,57,68,89,50,22,111,30,10" hai2="4,82,7,74,84,119,21,67,28,124,18,9,59" hai3="127,121,101,110,46,11,35,113,133,109,90,70,131"/><T42/><D78/><U43/><E68/><V58/><F124/><W80/><G90/><T32/><D117/><U88/><E118/><V77/><F119/><W23/><G101/><T91/><D13/><U122/><E122/><V64/><F28/><W54/><G80/><T47/><D42/><U62/><E125/><V24/><F74/><W104/><G54/><T33/><D91/><U134/><E10/><V75/><F75/><W76/><G46/><T45/><D5/><N who="2" m="2122" /><F9/><W72/><G76/><T126/><D47/><U41/><E111/><V114/><F114/><W123/><G23/><T103/><D103/><U83/><E115/><V27/><F27/><W0/><G11/><T48/><D126/><U12/><E134/><N who="0" m="51241" /><D61/><U8/><E43/><V63/><F59/><W66/><G66/><AGARI ba="0,0" hai="18,21,24,58,63,64,66,67,77,82,84" m="2122" machi="66" ten="30,1000,0" yaku="8,1" doraHai="69" who="2" fromWho="3" sc="250,0,250,0,250,10,250,-10" /><INIT seed="1,0,0,2,2,81" ten="250,250,260,240" oya="1" hai0="60,15,70,86,94,131,80,39,79,45,61,71,112" hai1="90,116,97,47,58,57,37,130,8,5,6,113,96" hai2="28,52,128,18,109,75,122,123,91,53,50,98,42" hai3="36,62,114,78,83,102,19,35,103,87,22,65,55"/><U66/><E116/><V93/><F75/><W74/><G36/><T46/><D112/><U20/><E113/><V30/><F128/><W118/><G35/><T41/><D131/><U101/><E130/><V120/><F109/><W76/><G118/><T54/><D15/><U95/><E20/><V132/><F132/><W68/><G114/><T29/><D29/><U117/><E117/><V88/><F53/><W13/><G74/><T67/><D94/><U32/><E32/><V56/><F42/><W0/><G0/><T2/><D2/><U134/><E134/><V89/><REACH who="2" step="1"/><F18/><REACH who="2" ten="250,250,250,240" step="2"/><W14/><G55/><T3/><D54/><U16/><E6/><V104/><F104/><W84/><G13/><T23/><D3/><U49/><E37/><V43/><F43/><W24/><G14/><T12/><D41/><U11/><E16/><V105/><F105/><W64/><G65/><T38/><D39/><U119/><E119/><V106/><F106/><W85/><G64/><T51/><D38/><U17/><E17/><V69/><F69/><W135/><G68/><T77/><D71/><U92/><E5/><V63/><F63/><W48/><G62/><T25/><D61/><U108/><E108/><V59/><F59/><N who="1" m="22537" /><E66/><V82/><F82/><N who="3" m="47175" /><G135/><T107/><D107/><U115/><E115/><V73/><F73/><W100/><G48/><T7/><D51/><U33/><E33/><V34/><F34/><W31/><G19/><N who="0" m="12543" /><D70/><U124/><E124/><V129/><F129/><W10/><G10/><N who="0" m="4191" /><D67/><U4/><E4/><V72/><F72/><W111/><G111/><T40/><D60/><RYUUKYOKU ba="0,1" sc="250,-30,250,10,250,10,240,10" hai1="8,11,47,49,90,92,95,96,97,101" hai2="28,30,50,52,56,88,89,91,93,98,120,122,123" hai3="22,24,31,78,83,85,87,100,102,103" /><INIT seed="1,1,1,1,1,107" ten="220,260,260,250" oya="1" hai0="95,99,55,73,118,32,54,60,102,77,89,129,35" hai1="69,2,121,83,65,64,22,90,132,115,123,34,48" hai2="76,56,84,105,101,130,52,98,42,13,116,120,58" hai3="111,131,47,17,53,38,9,1,67,104,61,41,10"/><U82/><E115/><V124/><F120/><W68/><G104/><T100/><D118/><U59/><E34/><V91/><F116/><W81/><G111/><T37/><D37/><U133/><E2/><V108/><F108/><W71/><G68/><T18/><D18/><U119/><E119/><V86/><F124/><W31/><G31/><T103/><D129/><U33/><E33/><V106/><F42/><W128/><G17/><T20/><D20/><U27/><E69/><V127/><F127/><W43/><G43/><T19/><D19/><U126/><E126/><V135/><F135/><W122/><G122/><T29/><D60/><U117/><E117/><V4/><F106/><W51/><G81/><T94/><D95/><U46/><E123/><V74/><F86/><W8/><REACH who="3" step="1"/><G1/><REACH who="3" ten="220,260,260,240" step="2"/><T40/><D40/><U112/><E121/><V3/><F3/><W78/><G78/><T23/><D35/><U87/><E112/><V79/><F79/><W39/><G39/><T72/><D32/><U70/><E70/><V97/><F4/><W36/><G36/><T49/><D77/><U24/><E133/><V96/><F76/><W88/><G88/><T26/><REACH who="0" step="1"/><D55/><REACH who="0" ten="210,260,260,240" step="2"/><U11/><E132/><V93/><F52/><W110/><G110/><T66/><D66/><U45/><E65/><V113/><F130/><W62/><G62/><T15/><D15/><U21/><E82/><V63/><F13/><W44/><AGARI ba="1,3" hai="8,9,10,38,41,44,47,51,53,61,67,71,128,131" machi="44" ten="30,2000,0" yaku="1,1,0,1,53,0" doraHai="107" doraHaiUra="0" who="3" fromWho="3" sc="210,-6,260,-11,260,-6,240,53" /><INIT seed="2,0,0,0,4,125" ten="204,249,254,293" oya="2" hai0="79,63,81,83,42,93,126,92,66,18,98,33,25" hai1="77,39,110,67,64,1,101,28,68,50,117,24,58" hai2="134,59,107,53,38,124,129,112,116,120,37,69,54" hai3="122,4,46,114,109,17,6,111,32,36,82,34,74"/><V3/><F59/><W94/><G122/><T22/><D126/><U88/><E117/><V121/><F53/><W72/><G94/><T78/><D33/><U44/><E110/><V49/><F49/><W61/><G61/><T105/><D105/><U70/><E1/><V91/><F91/><W56/><G56/><T31/><D42/><U47/><E77/><V103/><F54/><W27/><G82/><T40/><D40/><U20/><E101/><V51/><F51/><W62/><G62/><T30/><D93/><U43/><E88/><V97/><F97/><W26/><G17/><T16/><D31/><U99/><E99/><V113/><F103/><W71/><G46/><T45/><D45/><U85/><E85/><V0/><F113/><W100/><G100/><T13/><D83/><U9/><E9/><V35/><F3/><W60/><G60/><T133/><D133/><U102/><E102/><V119/><F37/><W130/><G71/><T108/><D108/><U29/><E29/><V127/><F127/><W123/><G123/><T7/><D7/><U89/><E89/><V57/><F57/><W23/><G23/><N who="0" m="11727" /><D30/><U118/><E118/><V48/><F48/><W87/><G87/><N who="0" m="48575" /><D78/><U8/><E8/><V84/><F84/><W19/><G19/><T65/><D63/><U73/><E73/><V90/><F90/><AGARI ba="0,0" hai="16,22,25,65,66,90,92,98" m="48575,11727" machi="90" ten="30,2000,0" yaku="8,1,54,1" doraHai="125" who="0" fromWho="2" sc="204,20,249,0,254,-20,293,0" /><INIT seed="3,0,0,4,4,101" ten="224,249,234,293" oya="3" hai0="34,47,132,68,24,53,123,86,122,82,88,111,79" hai1="124,49,4,0,28,96,50,106,128,12,20,135,131" hai2="46,70,102,108,41,23,5,21,55,74,17,62,104" hai3="84,22,7,27,66,81,36,85,38,18,63,26,13"/><W105/><G105/><T92/><D68/><U67/><E0/><V94/><F74/><W126/><G126/><T29/><D111/><U116/><E116/><V59/><F5/><W93/><G93/><T100/><D132/><U113/><E113/><V57/><F23/><W39/><G85/><T61/><D100/><U121/><E121/><V60/><F70/><W40/><G40/><T120/><D61/><U110/><E110/><V33/><F33/><W77/><REACH who="3" step="1"/><G7/><REACH who="3" ten="224,249,234,283" step="2"/><T72/><D123/><U118/><E124/><V109/><F109/><W16/><G16/><T35/><D122/><U42/><E118/><V19/><F104/><W2/><G2/><T65/><D120/><U6/><E135/><V15/><F19/><W130/><G130/><T73/><D73/><U43/><E28/><V80/><F108/><W97/><G97/><T91/><D72/><U32/><E96/><N who="2" m="59671" /><F80/><W107/><G107/><T87/><D82/><U98/><E98/><V25/><F41/><W10/><G10/><T75/><D75/><U69/><E106/><V44/><F25/><W76/><G76/><T103/><D79/><U95/><E95/><V11/><F11/><W134/><G134/><T78/><D78/><U112/><E112/><V89/><F89/><W9/><G9/><T48/><D103/><U14/><E6/><V99/><F99/><W58/><AGARI ba="0,1" hai="13,18,22,26,27,36,38,39,58,63,66,77,81,84" machi="58" ten="30,3000,0" yaku="1,1,0,1,53,0" doraHai="101" doraHaiUra="64" who="3" fromWho="3" sc="224,-10,249,-10,234,-10,283,40" /><INIT seed="3,1,0,2,1,29" ten="214,239,224,323" oya="3" hai0="123,119,108,135,16,115,101,117,26,2,72,20,62" hai1="114,106,54,88,82,3,90,112,59,105,6,133,55" hai2="8,21,53,42,104,36,69,79,113,116,74,32,30" hai3="19,86,129,110,109,25,0,41,130,122,127,94,78"/><W48/><G0/><T102/><D72/><U56/><E133/><V125/><F116/><W120/><G41/><T58/><D123/><U37/><E37/><V64/><F113/><W100/><G48/><T50/><D2/><U124/><E124/><V17/><F8/><W28/><G19/><T33/><D108/><N who="3" m="41577" /><G127/><T131/><D135/><U80/><E3/><V77/><F77/><W87/><G86/><T4/><D115/><U60/><E6/><V49/><F104/><W35/><G100/><T61/><D102/><U43/><E43/><V7/><F7/><W121/><G94/><T83/><D101/><U68/><E60/><V107/><F107/><W18/><G18/><T47/><D62/><U13/><E13/><V93/><F79/><W45/><G45/><T126/><D4/><U70/><AGARI ba="1,0" hai="54,55,56,59,68,70,80,82,88,90,105,106,112,114" machi="70" ten="25,6400,0" yaku="0,1,22,2,54,1" doraHai="29" who="1" fromWho="1" sc="214,-17,239,67,224,-17,323,-33" /><INIT seed="4,0,0,1,5,87" ten="197,306,207,290" oya="0" hai0="43,93,16,30,46,103,132,14,49,100,94,101,11" hai1="71,86,61,89,125,92,105,133,41,113,77,95,20" hai2="121,60,109,29,44,9,78,17,114,135,1,48,108" hai3="21,42,0,83,7,57,74,79,120,128,45,3,35"/><T18/><D132/><U15/><E133/><V98/><F121/><W66/><G35/><T80/><D30/><U38/><E105/><V12/><F114/><W107/><G128/><T85/><REACH who="0" step="1"/><D18/><REACH who="0" ten="187,306,207,290" step="2"/><U127/><E113/><V102/><F29/><W75/><G120/><T91/><AGARI ba="0,1" hai="11,14,16,43,46,49,80,85,91,93,94,100,101,103" machi="91" ten="30,18000,2" yaku="1,1,2,1,0,1,8,1,52,1,54,1,53,0" doraHai="87" doraHaiUra="134" who="0" fromWho="0" sc="187,190,306,-60,207,-60,290,-60" /><INIT seed="4,1,0,2,0,91" ten="377,246,147,230" oya="0" hai0="57,80,84,129,45,52,112,77,107,64,33,122,58" hai1="110,119,2,44,62,54,16,26,83,68,20,97,126" hai2="104,71,24,8,1,72,100,127,7,19,88,61,63" hai3="6,15,81,4,90,55,95,131,49,96,116,133,32"/><T66/><D122/><U53/><E119/><V21/><F72/><W85/><G131/><T23/><D33/><U132/><E110/><V120/><F120/><W17/><G133/><T29/><D107/><U75/><E132/><V11/><F127/><W115/><G115/><T34/><D34/><U27/><E2/><V42/><F42/><W18/><G32/><T102/><D102/><U12/><E126/><V43/><F43/><W48/><G116/><T56/><D129/><U73/><E97/><V47/><F47/><W93/><G49/><N who="0" m="28719" /><D112/><U99/><E99/><V128/><F128/><W78/><G95/><T59/><N who="0" m="14336" /><DORA hai="94" /><T82/><D82/><U37/><E75/><V69/><F69/><W50/><G18/><T106/><D106/><U3/><E3/><V10/><F71/><W40/><G40/><T79/><D79/><U109/><E109/><V22/><F11/><W25/><G25/><AGARI ba="1,0" hai="23,25,29,64,66,77,80,84" m="14336,28719" machi="25" ten="40,3900,0" yaku="8,1,54,1" doraHai="91,94" who="0" fromWho="3" sc="377,42,246,0,147,0,230,-42" /><INIT seed="4,2,0,3,3,37" ten="419,246,147,188" oya="0" hai0="23,130,74,6,27,44,40,69,8,113,46,51,14" hai1="126,95,5,28,128,2,49,96,116,56,133,61,10" hai2="25,59,30,20,45,118,39,97,9,127,31,104,85" hai3="111,13,132,4,71,54,88,24,82,19,38,121,86"/><T84/><D74/><U90/><E116/><V106/><F127/><W72/><G111/><T98/><D130/><U47/><E126/><V101/><F118/><W135/><G71/><T129/><D129/><U68/><E128/><V115/><F106/><W92/><G38/><T76/><D69/><U55/><E133/><N who="3" m="51274" /><G121/><T1/><D113/><U110/><E110/><V48/><F31/><W53/><G72/><T119/><D119/><U103/><E28/><V91/><F39/><W81/><G4/><T17/><D46/><U58/><E103/><V75/><F75/><W73/><G24/><T99/><D1/><U11/><E11/><V105/><F105/><W109/><G109/><T7/><D7/><U26/><E26/><V124/><F124/><W89/><G73/><T107/><D107/><U134/><E134/><V70/><F70/><W18/><G18/><T16/><D17/><U120/><E120/><V21/><F9/><N who="3" m="6575" /><G82/><AGARI ba="2,0" hai="6,8,14,16,23,27,40,44,51,76,82,84,98,99" machi="82" ten="40,12000,1" yaku="25,2,8,1,52,1,54,1" doraHai="37" who="0" fromWho="3" sc="419,126,246,0,147,0,188,-126" /><INIT seed="4,3,0,0,3,67" ten="545,246,147,62" oya="0" hai0="108,17,64,2,1,76,40,54,114,111,98,62,28" hai1="117,116,75,78,92,115,83,130,29,81,77,80,12" hai2="126,131,70,86,129,22,39,121,101,37,36,59,10" hai3="88,110,123,104,102,3,45,38,50,30,49,66,134"/><T11/><D40/><U15/><E130/><N who="2" m="49675" /><F121/><W19/><G3/><T55/><D76/><U89/><E29/><V103/><F10/><W106/><G110/><N who="0" m="42027" /><D114/><U26/><E26/><V112/><F112/><W56/><G134/><T118/><D118/><U85/><E115/><V82/><F59/><W21/><G30/><T128/><D98/><U24/><E24/><V84/><F84/><W90/><G123/><T97/><D97/><U91/><E15/><V18/><F70/><W133/><G38/><T0/><D28/><U8/><E116/><V105/><F105/><W48/><G133/><T72/><D72/><U120/><E120/><V44/><F44/><W25/><G106/><T47/><D47/><U6/><E117/><V63/><F63/><W79/><G79/><T135/><D135/><U7/><E83/><V122/><F122/><W13/><G102/><T46/><D46/><U100/><E6/><V53/><F53/><N who="0" m="19978" /><D128/><U99/><AGARI ba="3,0" hai="7,8,12,75,77,78,80,81,85,89,91,92,99,100" machi="99" ten="30,1100,0" yaku="0,1" doraHai="67" who="1" fromWho="1" sc="545,-8,246,20,147,-6,62,-6" /><INIT seed="5,0,0,1,5,134" ten="537,266,141,56" oya="1" hai0="35,79,26,40,125,34,72,45,69,11,53,23,98" hai1="88,52,44,38,124,56,67,105,30,94,129,104,33" hai2="91,36,71,83,100,62,65,109,43,27,117,66,85" hai3="51,108,25,82,0,80,133,10,74,130,32,89,81"/><U93/><E129/><V119/><F109/><W131/><G108/><T57/><D69/><U47/><E124/><V64/><F64/><W111/><G111/><T50/><D125/><U128/><E128/><N who="3" m="49194" /><G74/><T126/><D126/><U20/><E33/><V14/><F66/><W77/><G77/><T2/><D98/><U60/><E105/><V86/><F14/><W87/><G51/><T4/><D79/><U122/><E104/><V132/><F132/><W41/><G41/><T121/><D121/><U22/><E122/><V68/><F68/><W120/><G120/><T112/><D112/><U113/><E113/><V99/><F86/><W135/><G25/><T7/><D7/><U97/><E38/><V127/><F127/><W95/><G32/><T70/><D70/><U84/><E22/><V78/><F78/><N who="3" m="46487" /><G10/><T106/><D106/><U90/><E67/><V59/><F43/><W5/><G5/><T110/><D72/><U96/><E84/><V61/><F36/><W102/><G0/><T48/><REACH who="0" step="1"/><D110/><REACH who="0" ten="527,266,141,56" step="2"/><U115/><E115/><V103/><F71/><W101/><G135/><T6/><D6/><U17/><REACH who="1" step="1"/><E30/><AGARI ba="0,1" hai="2,4,11,23,26,30,34,35,40,45,48,50,53,57" machi="30" ten="30,7700,0" yaku="1,1,7,1,53,2" doraHai="134" doraHaiUra="31" who="0" fromWho="1" sc="527,87,266,-77,141,0,56,0" /><INIT seed="6,0,0,2,0,60" ten="614,189,141,56" oya="2" hai0="125,18,25,41,105,50,3,84,57,126,98,111,61" hai1="29,43,14,69,44,36,35,122,19,129,20,30,56" hai2="46,92,58,38,12,100,119,113,11,97,110,83,55" hai3="71,31,82,49,28,123,73,5,79,63,94,59,102"/><V127/><F119/><W114/><G123/><T52/><D3/><U54/><E69/><V81/><F127/><N who="0" m="48650" /><D84/><U134/><E129/><V99/><F113/><W10/><G49/><T47/><D18/><U72/><E72/><V2/><F2/><W109/><G71/><T89/><D25/><U68/><E122/><V13/><F13/><W22/><G109/><T37/><D89/><U85/><E68/><V70/><F70/><W23/><G114/><T15/><D15/><U0/><E0/><V48/><F110/><W42/><G42/><T67/><D98/><U27/><E134/><V120/><F120/><W6/><G5/><T26/><D26/><U112/><E112/><V106/><F46/><W65/><G31/><T101/><D101/><U88/><E35/><V39/><F39/><W21/><G10/><T108/><D105/><U118/><E118/><V121/><F121/><W62/><G6/><T128/><D128/><U104/><E104/><V77/><F77/><W107/><G63/><T95/><D95/><U116/><E116/><V33/><F33/><W130/><G130/><T16/><D16/><U24/><E24/><V8/><F38/><W76/><G76/><T132/><D132/><U87/><E87/><V91/><REACH who="2" step="1"/><F11/><REACH who="2" ten="614,189,131,56" step="2"/><W7/><G79/><T93/><D93/><U40/><E40/><V4/><AGARI ba="0,1" hai="4,8,12,48,55,58,81,83,91,92,97,99,100,106" machi="4" ten="20,12000,1" yaku="1,1,2,1,0,1,7,1,53,1" doraHai="60" doraHaiUra="53" who="2" fromWho="2" sc="614,-40,189,-40,131,130,56,-40" /><INIT seed="6,1,0,3,0,129" ten="574,149,261,16" oya="2" hai0="23,92,51,116,102,108,22,16,110,82,64,105,35" hai1="95,18,32,21,65,49,43,94,31,90,37,73,134" hai2="66,86,1,112,99,101,88,58,11,24,120,119,69" hai3="84,130,68,80,79,42,41,3,131,39,13,34,8"/><V52/><F120/><W103/><G34/><T57/><D35/><U83/><E37/><V125/><F119/><W76/><G68/><T47/><D105/><U85/><E65/><V72/><F72/><W25/><G3/><T36/><D36/><U106/><E106/><V122/><F122/><W4/><G103/><T10/><D116/><U78/><E134/><V19/><F125/><W97/><G97/><N who="0" m="59687" /><D82/><U114/><E114/><V6/><F112/><W115/><G39/><T33/><D33/><U20/><E32/><V45/><F45/><W44/><G115/><T113/><D110/><U14/><E31/><V128/><F128/><W118/><G118/><T96/><D96/><U91/><E43/><V111/><F111/><W48/><G42/><N who="0" m="25079" /><D108/><U0/><E49/><V7/><F7/><W133/><G79/><T17/><D10/><U107/><E107/><V61/><F24/><W38/><G38/><T59/><D64/><U2/><E20/><N who="0" m="7721" /><D113/><U89/><E90/><V30/><F30/><W5/><G25/><T124/><D124/><U87/><AGARI ba="1,0" hai="0,2,14,18,21,73,78,83,85,87,89,91,94,95" machi="87" ten="20,2700,0" yaku="0,1,7,1,9,1" doraHai="129" who="1" fromWho="1" sc="574,-8,149,30,261,-14,16,-8" /><INIT seed="7,0,0,0,1,80" ten="566,179,247,8" oya="3" hai0="78,92,107,33,101,71,74,30,109,99,4,103,133" hai1="106,62,12,28,44,75,85,121,132,8,34,53,86" hai2="123,35,45,94,54,127,22,134,15,5,128,0,76" hai3="23,48,69,18,36,116,42,64,10,117,19,73,114"/><W88/><G73/><T79/><D4/><U17/><E75/><V60/><F123/><W112/><G36/><T14/><D14/><U77/><E121/><V102/><F35/><W24/><G64/><T108/><D30/><U16/><E106/><V115/><F115/><N who="3" m="44075" /><G69/><T40/><D40/><U124/><E132/><V67/><F128/><W96/><G42/><T49/><D49/><N who="1" m="28839" /><E34/><V27/><F0/><W104/><G48/><T135/><D33/><U9/><E124/><V120/><F120/><W125/><G104/><T13/><D13/><N who="1" m="7207" /><E28/><V26/><F127/><W20/><G125/><T126/><D71/><U65/><E77/><N who="0" m="29193" /><D126/><U52/><E65/><V70/><F76/><W82/><G96/><N who="0" m="61927" /><D74/><U63/><E52/><V1/><F1/><W46/><G46/><T7/><D7/><U2/><E2/><V21/><F5/><W118/><G10/><T91/><D101/><U119/><E119/><N who="3" m="30466" /><W72/><DORA hai="81" /><G72/><T122/><D122/><U57/><E57/><V61/><F134/><AGARI ba="0,0" hai="91,92,99,108,109,133,134,135" m="61927,29193" machi="134" ten="30,3900,0" yaku="20,1,34,2" doraHai="80,81" who="0" fromWho="2" sc="566,39,179,0,247,-39,8,0" owari="605,70.5,179,-22.1,208,0.8,8,-49.2" /></mjloggm>