<mjloggm ver="2.3"><GO type="41" lobby="0"/><UN n0="%E2%93%9D%4C%75%63%6B%79%4A" n1="%E3%82%84%E3%82%81%E3%82%8B%E3%81%8B%EF%BC%9F" n2="%54%61%6B%6F%30%30%30" n3="%E3%81%BF%E3%81%8B%E3%82%93%E3%81%82%E3%82%81" dan="18,15,14,14" rate="2163.60,1923.30,1881.23,1934.27" sx="M,M,M,F"/><TAIKYOKU oya="0"/><INIT seed="0,0,0,1,2,103" ten="250,250,250,250" oya="0" hai0="78,101,93,67,8,1,76,38,110,128,65,22,49" hai1="102,25,62,39,131,15,6,109,133,61,124,99,44" hai2="42,91,115,73,70,95,56,98,108,120,60,81,31" hai3="86,80,68,90,125,30,75,74,87,88,17,16,123"/><T77/><D38/><U32/><E109/><V27/><F120/><W118/><G123/><T89/><D110/><U92/><E131/><V12/><F108/><W112/><G125/><T45/><D128/><U132/><E124/><V24/><F70/><W71/><G30/><T135/><D101/><U36/><E25/><V11/><F42/><W9/><G118/><T23/><D8/><N who="1" m="4503" /><E32/><V19/><F115/><W14/><G112/><T94/><D1/><U122/><E122/><V20/><F73/><W79/><G79/><T34/><D34/><U37/><E44/><V21/><F81/><W63/><G17/><T18/><D135/><AGARI ba="0,0" hai="36,37,39,61,62,92,99,102,132,133,135" m="4503" machi="135" ten="40,1300,0" yaku="20,1" doraHai="103" who="1" fromWho="0" sc="250,-13,250,13,250,0,250,0" /><INIT seed="1,0,0,3,0,99" ten="237,263,250,250" oya="1" hai0="7,82,90,130,10,88,84,23,112,96,34,100,22" hai1="53,36,132,32,55,14,12,46,51,33,52,120,114" hai2="113,68,118,27,63,30,42,102,95,106,44,66,54" hai3="80,26,21,70,83,126,2,61,105,39,92,109,18"/><U98/><E120/><V20/><F118/><W77/><G109/><T4/><D34/><U81/><E114/><V85/><F113/><W89/><G126/><T101/><D112/><U8/><E132/><V117/><F117/><W123/><G105/><T58/><D130/><U29/><E36/><V67/><F67/><W5/><G39/><T108/><D108/><U76/><E12/><V69/><F54/><W129/><G129/><T124/><D124/><U121/><E121/><V3/><F106/><W86/><G2/><T103/><D58/><U62/><E98/><N who="2" m="59743" /><F85/><W37/><G37/><T0/><REACH who="0" step="1"/><D7/><REACH who="0" ten="227,263,250,250" step="2"/><U131/><E131/><V17/><F69/><W93/><G5/><T11/><D11/><U50/><E62/><V64/><F63/><W41/><G123/><T78/><D78/><U40/><E33/><V97/><F68/><W133/><G133/><T48/><D48/><U127/><E127/><V13/><F66/><W125/><G125/><T19/><D19/><U94/><E51/><V43/><F64/><W74/><G70/><T135/><D135/><U128/><E128/><V28/><F17/><W72/><G61/><T25/><D25/><U79/><E32/><V60/><F27/><W73/><G77/><T134/><D134/><U1/><E76/><V65/><F60/><W38/><G38/><T87/><D87/><U35/><E79/><V49/><F49/><W107/><G74/><T15/><D15/><U59/><E14/><V122/><F13/><W57/><G73/><T47/><D47/><U31/><E46/><V116/><F122/><W110/><G72/><RYUUKYOKU ba="0,1" sc="227,30,263,-10,250,-10,250,-10" hai0="0,4,10,22,23,82,84,88,90,96,100,101,103" /><INIT seed="2,1,1,1,3,16" ten="257,253,240,240" oya="2" hai0="108,34,46,2,4,18,115,128,88,75,104,57,129" hai1="120,12,3,67,93,90,134,20,60,74,9,23,94" hai2="114,110,29,39,13,49,107,105,126,97,131,19,41" hai3="101,52,43,42,69,8,37,71,64,119,40,1,80"/><V121/><F114/><W51/><G1/><T59/><D115/><U36/><E36/><V66/><F121/><W123/><G101/><T112/><D34/><U83/><E3/><V56/><F39/><W55/><G80/><T84/><D75/><U48/><E134/><V26/><F131/><N who="0" m="50250" /><D104/><U17/><E48/><V45/><F126/><W89/><G89/><T44/><D108/><U130/><E120/><V58/><F110/><W27/><G8/><N who="0" m="2071" /><D18/><U91/><E130/><V31/><F31/><W118/><G37/><T116/><D116/><U35/><E35/><V109/><F109/><W117/><G123/><T125/><D125/><U76/><E91/><V21/><F66/><W47/><G27/><T73/><D73/><U14/><E14/><V72/><F72/><W54/><G64/><T70/><D70/><AGARI ba="1,1" hai="40,42,43,47,51,52,54,55,69,70,71,117,118,119" machi="70" ten="50,8000,1" yaku="34,3,54,1" doraHai="16" who="3" fromWho="0" sc="257,-83,253,0,240,0,240,93" /><INIT seed="3,0,0,5,1,60" ten="174,253,240,333" oya="3" hai0="113,102,111,94,106,107,80,20,135,92,12,43,41" hai1="99,25,131,90,39,4,29,64,87,105,109,34,55" hai2="33,119,98,91,120,130,27,128,22,16,116,57,58" hai3="101,89,3,0,123,125,24,31,47,81,50,96,36"/><W35/><G125/><T14/><D102/><U127/><E39/><V56/><F33/><W44/><G123/><T122/><D122/><U121/><E121/><V26/><F120/><W6/><G6/><T9/><D80/><U104/><E99/><V10/><F10/><W42/><G89/><T112/><D9/><U51/><E109/><V132/><F132/><W97/><G97/><T30/><D20/><U85/><E131/><V103/><F91/><W11/><G11/><T88/><D30/><U84/><E127/><V40/><F40/><W133/><G133/><T28/><D28/><U65/><E4/><V66/><F66/><W49/><G36/><T114/><D111/><U17/><E17/><V53/><F53/><W19/><G81/><T70/><D70/><U115/><E115/><V100/><F100/><W126/><G126/><T7/><D7/><U21/><E34/><V2/><F2/><W48/><G19/><T95/><D88/><U46/><REACH who="1" step="1"/><E90/><REACH who="1" ten="174,243,240,333" step="2"/><V45/><F45/><W13/><G96/><T52/><D135/><U32/><E32/><V78/><F27/><W67/><G101/><T18/><D18/><U82/><E82/><V74/><F130/><W108/><G35/><T76/><D114/><U110/><E110/><V1/><F128/><W71/><G108/><T129/><D129/><U79/><E79/><V75/><F78/><W38/><G38/><T63/><D76/><U124/><E124/><V62/><F119/><W68/><G31/><T93/><N who="0" m="23552" /><DORA hai="5" /><T117/><D113/><U8/><E8/><V83/><F116/><W59/><G0/><RYUUKYOKU ba="0,1" sc="174,-10,243,30,240,-10,333,-10" hai1="21,25,29,46,51,55,64,65,84,85,87,104,105" /><INIT seed="4,1,1,1,5,127" ten="164,273,230,323" oya="0" hai0="99,75,116,123,28,134,103,126,4,52,66,47,115" hai1="81,5,132,54,94,110,31,78,63,65,93,73,71" hai2="111,14,44,30,120,101,87,11,129,92,16,25,88" hai3="102,1,72,2,70,27,68,95,62,79,0,17,97"/><T56/><D123/><U128/><E110/><V107/><F120/><W135/><G135/><T114/><D75/><U76/><E132/><V57/><F129/><W40/><G40/><T59/><D134/><U131/><E76/><V113/><F113/><N who="0" m="43018" /><D4/><U32/><E5/><V133/><F133/><W41/><G41/><T82/><D28/><U64/><E64/><V42/><F57/><W33/><G72/><T35/><D35/><U10/><E10/><V21/><F111/><W29/><G79/><T119/><D82/><U125/><E125/><V8/><F107/><W86/><G86/><T51/><D126/><U12/><E12/><V84/><F101/><W124/><G124/><T89/><D89/><U121/><E121/><V13/><F87/><W117/><G117/><N who="0" m="45131" /><D66/><U50/><E31/><V96/><F96/><W15/><REACH who="3" step="1"/><G62/><REACH who="3" ten="164,273,230,313" step="2"/><T38/><D38/><U106/><E73/><V23/><REACH who="2" step="1"/><F14/><REACH who="2" ten="164,273,220,313" step="2"/><W18/><G18/><T100/><D103/><U49/><E63/><V7/><F7/><W74/><G74/><T26/><D26/><U46/><E128/><V108/><F108/><W118/><G118/><T20/><D99/><U37/><E131/><V43/><F43/><W77/><G77/><T6/><D6/><U69/><E78/><V55/><F55/><W61/><G61/><T36/><D52/><U24/><E54/><V112/><F112/><W91/><G91/><T58/><D100/><U34/><E24/><V105/><F105/><W3/><N who="3" m="0" /><DORA hai="130" /><W22/><AGARI ba="1,3" hai="15,17,22,27,29,33,68,70,95,97,102" m="0" machi="22" ten="60,8000,1" yaku="1,1,4,1,0,1,53,2" doraHai="127,130" doraHaiUra="122,67" who="3" fromWho="3" sc="164,-41,273,-21,220,-21,313,113" /><INIT seed="5,0,0,4,3,135" ten="123,252,199,426" oya="1" hai0="130,11,81,3,44,105,95,134,77,54,37,106,78" hai1="132,125,80,8,86,49,42,7,62,67,20,16,1" hai2="118,38,26,68,23,25,124,34,89,119,98,52,121" hai3="113,107,73,41,112,82,22,122,102,116,63,97,10"/><U13/><E132/><V46/><F121/><W36/><G122/><T28/><D28/><U71/><E42/><V50/><F68/><W92/><G116/><T131/><D54/><U64/><E64/><V27/><F34/><W12/><G22/><T14/><D95/><U56/><E49/><V59/><F23/><W120/><G120/><T9/><D134/><U93/><E93/><V133/><F133/><W129/><G129/><N who="0" m="49163" /><D78/><U75/><E75/><V83/><F98/><W19/><G63/><T104/><D14/><U15/><E125/><V69/><F69/><W96/><G82/><T32/><D32/><U66/><E66/><V117/><F89/><W114/><G73/><N who="0" m="43183" /><D3/><U65/><E65/><V5/><F5/><W126/><G126/><T55/><D55/><U101/><E71/><V18/><F18/><W51/><G51/><T123/><D123/><U109/><E101/><V58/><F83/><W45/><G97/><T70/><D70/><U72/><E72/><V94/><F94/><AGARI ba="0,0" hai="10,12,19,36,41,45,92,94,96,102,107,112,113,114" machi="94" ten="40,1300,0" yaku="15,1" doraHai="135" who="3" fromWho="2" sc="123,0,252,0,199,-13,426,13" /><INIT seed="6,0,0,1,0,115" ten="123,252,186,439" oya="2" hai0="133,37,62,89,81,120,57,10,1,75,8,117,52" hai1="3,42,53,99,91,63,125,80,88,93,0,103,32" hai2="104,95,27,21,25,18,83,74,46,71,6,69,132" hai3="109,106,14,59,77,127,97,47,100,40,129,55,11"/><V66/><F104/><W124/><G109/><T17/><D120/><U107/><E32/><V130/><F130/><W7/><G129/><T34/><D34/><U65/><E42/><V16/><F132/><W123/><G123/><T98/><D37/><U86/><E53/><V72/><F95/><W60/><REACH who="3" step="1"/><G77/><REACH who="3" ten="123,252,186,429" step="2"/><T92/><D133/><U96/><E125/><V85/><F74/><W9/><G9/><T126/><D126/><U119/><E119/><V4/><F72/><W36/><AGARI ba="0,1" hai="7,11,14,36,40,47,55,59,60,97,100,106,124,127" machi="36" ten="30,7900,0" yaku="1,1,0,1,53,2" doraHai="115" doraHaiUra="134" who="3" fromWho="3" sc="123,-20,252,-20,186,-39,429,89" /><INIT seed="7,0,0,5,1,13" ten="103,232,147,518" oya="3" hai0="1,4,33,24,28,30,55,73,23,120,126,69,0" hai1="32,40,93,31,94,48,45,82,15,49,20,68,128" hai2="112,8,2,110,103,97,54,123,19,7,89,108,129" hai3="96,3,59,18,61,105,111,17,80,115,79,29,104"/><W127/><G115/><T12/><D69/><U86/><E32/><V43/><F43/><W11/><G127/><T84/><D73/><U119/><E68/><V46/><F112/><W85/><G111/><T39/><D39/><U36/><E36/><V135/><F135/><W53/><G29/><T124/><D84/><U21/><E21/><V118/><F118/><W91/><G3/><T60/><D60/><U41/><E15/><V81/><F129/><W100/><G105/><T63/><D63/><U76/><E128/><V87/><F123/><W56/><G11/><N who="0" m="4199" /><D55/><U116/><E48/><V72/><F72/><W131/><G131/><T64/><D64/><U34/><E40/><V37/><F19/><W101/><G101/><T102/><D102/><U109/><E93/><V78/><F78/><W65/><G79/><T122/><D30/><U132/><E94/><V44/><F44/><W35/><G35/><T75/><D75/><U106/><E49/><AGARI ba="0,0" hai="17,18,49,53,56,59,61,65,80,85,91,96,100,104" machi="49" ten="30,5800,0" yaku="7,1,52,2" doraHai="13" who="3" fromWho="1" sc="103,0,232,-58,147,0,518,58" owari="103,-39.7,174,-2.6,147,-25.3,576,67.6" /></mjloggm>