<mjloggm ver="2.3"><GO type="137" lobby="0"/><UN n0="%E6%AD%A3%E6%81%A9%31%30%E5%8F%B7" n1="%E2%93%9D%4C%75%63%6B%79%4A" n2="%73%75%75" n3="%E3%81%BB%E3%81%A6%E3%81%BB%E3%81%A6%E3%81%BB%E3%81%A6" dan="10,12,12,11" rate="1680.37,1834.93,1759.59,1564.57" sx="M,M,M,M"/><TAIKYOKU oya="0"/><INIT seed="0,0,0,4,0,68" ten="250,250,250,250" oya="0" hai0="57,33,38,6,0,125,93,53,84,32,88,102,27" hai1="37,14,69,132,50,58,108,41,1,65,92,91,78" hai2="3,83,95,22,110,21,47,54,111,97,67,52,11" hai3="25,59,96,5,72,105,30,48,56,66,51,23,49"/><T115/><D115/><U61/><E1/><V18/><F67/><W28/><G72/><T10/><D125/><U40/><E78/><V7/><F83/><W75/><G75/><T107/><D27/><U134/><E14/><V106/><F106/><W113/><G113/><T98/><REACH who="0" step="1"/><D38/><REACH who="0" ten="240,250,250,250" step="2"/><U104/><E37/><V16/><F111/><W101/><G30/><T128/><D128/><U86/><E108/><V100/><F110/><W2/><G66/><T9/><D9/><U60/><E134/><V109/><F109/><W116/><G116/><T87/><D87/><U39/><E39/><V124/><F124/><W29/><G29/><T34/><D34/><U13/><E132/><V70/><F70/><W15/><G2/><T79/><D79/><U35/><E35/><V4/><F4/><W80/><G5/><T73/><D73/><U131/><E131/><V118/><F118/><W77/><REACH who="3" step="1"/><G15/><REACH who="3" ten="240,250,250,240" step="2"/><T94/><D94/><U129/><E92/><V19/><REACH who="2" step="1"/><F47/><REACH who="2" ten="240,250,240,240" step="2"/><W119/><G119/><T20/><D20/><AGARI ba="0,3" hai="3,7,11,16,18,19,20,21,22,52,54,95,97,100" machi="20" ten="40,8000,1" yaku="1,1,2,1,54,2,53,0" doraHai="68" doraHaiUra="117" who="2" fromWho="0" sc="240,-80,250,0,240,110,240,0" /><INIT seed="1,0,0,2,1,28" ten="160,250,350,240" oya="1" hai0="21,54,38,111,103,112,74,17,25,1,48,3,122" hai1="84,67,49,31,30,135,53,18,126,5,16,33,34" hai2="64,95,75,51,81,63,76,37,73,79,27,55,107" hai3="42,62,68,87,128,108,86,78,90,133,35,59,106"/><U130/><E67/><V56/><F107/><W45/><G108/><T50/><D111/><U32/><E130/><V47/><F37/><W44/><G128/><T13/><D38/><U29/><E135/><V65/><F27/><W80/><G133/><T131/><D131/><U66/><E66/><V43/><REACH who="2" step="1"/><F95/><REACH who="2" ten="160,250,340,240" step="2"/><W89/><G106/><T117/><D25/><U101/><E126/><V116/><F116/><W6/><G68/><T104/><D117/><U105/><E5/><V92/><F92/><W96/><G96/><T83/><D104/><U41/><E41/><V123/><F123/><W23/><G78/><T71/><D122/><U40/><E40/><V36/><F36/><W9/><G42/><T11/><D71/><U26/><E26/><V98/><F98/><W24/><G35/><T2/><D112/><U14/><E84/><V109/><F109/><W93/><G24/><T121/><D121/><U119/><E119/><V77/><F77/><W134/><G134/><T4/><D4/><U39/><E39/><V127/><F127/><W125/><G125/><T120/><D120/><U7/><E7/><V91/><F91/><W113/><G113/><T46/><D74/><U110/><E110/><V115/><F115/><W129/><G129/><T118/><D118/><U0/><E0/><V57/><F57/><W124/><G124/><T85/><D85/><U100/><E105/><V58/><F58/><W60/><G23/><T132/><D132/><U52/><E34/><V88/><F88/><W12/><G59/><T20/><D21/><U82/><E33/><V69/><F69/><RYUUKYOKU ba="0,1" sc="160,-15,250,-15,340,15,240,15" hai2="43,47,51,55,56,63,64,65,73,75,76,79,81" hai3="6,9,12,44,45,60,62,80,86,87,89,90,93" /><INIT seed="2,1,1,2,0,87" ten="145,235,355,255" oya="2" hai0="105,77,64,3,49,98,97,21,42,62,88,61,92" hai1="71,57,58,14,41,15,99,40,1,106,5,91,112" hai2="11,13,44,76,28,9,36,82,31,63,86,33,23" hai3="110,130,120,55,26,78,125,70,52,114,59,48,29"/><V80/><F33/><W8/><G120/><T43/><D3/><U81/><E71/><V108/><F63/><W37/><G110/><T118/><D118/><U107/><E1/><V34/><F34/><W128/><G125/><T79/><D21/><U67/><E81/><V10/><F108/><W53/><G114/><T50/><D43/><U104/><E5/><V95/><F95/><W129/><G78/><T16/><D62/><U35/><E35/><V54/><F80/><W32/><G8/><T90/><D16/><U111/><E67/><V84/><F84/><W119/><G119/><T132/><D132/><U122/><E112/><V56/><F44/><W124/><G124/><T116/><D116/><U133/><E122/><V2/><F36/><W65/><G37/><T0/><D0/><U12/><E133/><V102/><F102/><W131/><N who="3" m="32768" /><DORA hai="127" /><W113/><REACH who="3" step="1"/><G113/><REACH who="3" ten="145,235,355,245" step="2"/><T94/><D79/><U74/><E111/><V4/><F9/><W69/><G69/><T7/><D77/><U135/><E135/><V22/><F10/><W17/><G17/><T51/><D7/><U134/><E134/><V24/><F11/><W93/><G93/><T68/><D42/><U47/><E41/><V25/><F4/><W85/><G85/><T20/><D20/><U117/><E117/><V83/><F2/><W100/><G100/><T123/><D123/><U73/><E74/><V72/><F72/><W45/><G45/><T101/><REACH who="0" step="1"/><D105/><REACH who="0" ten="135,235,355,245" step="2"/><U109/><E109/><V6/><F6/><W89/><G89/><AGARI ba="1,3" hai="49,50,51,61,64,68,88,89,90,92,94,97,98,101" machi="89" ten="40,12000,2" yaku="1,1,2,1,52,3,54,1,53,0" doraHai="87,127" doraHaiUra="121,18" who="0" fromWho="3" sc="135,153,235,0,355,0,245,-123" /><INIT seed="3,0,0,5,1,41" ten="288,235,355,122" oya="3" hai0="0,23,99,14,135,106,74,15,34,61,131,113,95" hai1="1,128,81,3,120,57,108,73,28,127,102,126,123" hai2="2,96,118,32,80,59,124,54,103,42,75,105,58" hai3="16,55,64,77,107,98,68,122,43,129,21,51,12"/><W31/><G122/><N who="1" m="46634" /><E102/><V62/><F2/><N who="1" m="521" /><E57/><V119/><F32/><W70/><G129/><T8/><D131/><U82/><E128/><V60/><F124/><N who="1" m="47657" /><E28/><V25/><F42/><W88/><G77/><T78/><D78/><N who="1" m="44367" /><E81/><V133/><F133/><W134/><G134/><T50/><D135/><U132/><E132/><V29/><F75/><W111/><G31/><T4/><D74/><U13/><E13/><V91/><F80/><W24/><G24/><T10/><D0/><U100/><E100/><V46/><F46/><W45/><G64/><T47/><D47/><U104/><E108/><V112/><F91/><W84/><G111/><T94/><D15/><U5/><E5/><V20/><REACH who="2" step="1"/><F112/><REACH who="2" ten="288,235,345,122" step="2"/><W115/><G115/><T38/><D113/><U53/><E53/><AGARI ba="0,1" hai="20,25,29,53,54,58,59,60,62,96,103,105,118,119" machi="53" ten="30,8000,1" yaku="1,1,2,1,7,1,9,1,53,1" doraHai="41" doraHaiUra="18" who="2" fromWho="1" sc="288,0,235,-80,345,90,122,0" /><INIT seed="4,0,0,5,3,113" ten="288,155,435,122" oya="0" hai0="59,81,61,134,123,91,135,93,97,87,100,70,19" hai1="21,11,104,33,112,102,27,13,49,72,60,56,51" hai2="133,114,105,62,14,24,80,117,31,75,121,99,85" hai3="30,39,22,78,126,98,55,18,128,83,109,44,6"/><T53/><D123/><U20/><E72/><V23/><F114/><W38/><G109/><T116/><D116/><U124/><E112/><V1/><F1/><W108/><G108/><T5/><D5/><U96/><E33/><V2/><F2/><W69/><G128/><T32/><D32/><U106/><E106/><V132/><F75/><W47/><G126/><T115/><D115/><U28/><E21/><V35/><F121/><W64/><G6/><T92/><D70/><U101/><E102/><N who="2" m="62687" /><F62/><W88/><G30/><T10/><REACH who="0" step="1"/><D93/><REACH who="0" ten="278,155,435,122" step="2"/><U107/><E107/><V52/><F35/><W42/><G69/><T17/><D17/><U65/><REACH who="1" step="1"/><E124/><REACH who="1" ten="278,145,435,122" step="2"/><V74/><F132/><W129/><G129/><T73/><D73/><U118/><E118/><V37/><F117/><W120/><G120/><T119/><D119/><U63/><E63/><V54/><F74/><W15/><G38/><T131/><D131/><U7/><AGARI ba="0,2" hai="7,11,13,20,27,28,49,51,56,60,65,96,101,104" machi="7" ten="20,5200,0" yaku="1,1,0,1,7,1,53,1" doraHai="113" doraHaiUra="95" who="1" fromWho="1" sc="278,-26,145,72,435,-13,122,-13" /><INIT seed="5,0,0,0,3,53" ten="252,217,422,109" oya="1" hai0="95,106,94,124,8,87,99,51,79,19,21,15,93" hai1="2,36,72,85,130,76,26,89,75,115,27,37,120" hai2="97,45,123,84,6,83,16,66,43,126,1,135,0" hai3="133,119,62,110,61,3,39,78,116,96,65,92,5"/><U46/><E120/><V44/><F123/><W47/><G110/><T121/><D121/><U11/><E76/><V105/><F135/><W30/><G133/><T111/><D111/><U10/><E46/><V22/><F66/><W68/><G30/><T112/><D124/><U63/><E63/><V31/><F31/><W13/><G3/><T131/><D131/><U58/><E89/><V12/><F126/><W35/><G35/><T52/><D112/><U56/><E85/><V108/><F108/><W118/><G78/><T41/><D41/><U49/><E49/><V103/><F6/><W64/><G39/><T28/><D79/><U17/><E17/><V34/><F34/><W20/><G47/><T4/><D28/><U32/><E32/><V42/><F44/><W132/><G132/><T77/><D77/><U114/><E2/><V129/><F129/><AGARI ba="0,0" hai="10,11,26,27,36,37,56,58,72,75,114,115,129,130" machi="129" ten="25,9600,0" yaku="22,2,52,2" doraHai="53" who="1" fromWho="2" sc="252,0,217,96,422,-96,109,0" /><INIT seed="5,1,0,1,2,52" ten="252,313,326,109" oya="1" hai0="104,33,62,36,74,67,89,34,122,97,9,111,116" hai1="76,18,6,70,63,65,59,64,108,39,26,72,118" hai2="17,23,94,69,37,47,91,0,119,114,79,38,22" hai3="106,58,128,132,127,21,130,50,93,86,7,66,115"/><U44/><E118/><V109/><F119/><W30/><G115/><T42/><D116/><U1/><E108/><V8/><F109/><W83/><G106/><T29/><D111/><U95/><E1/><V60/><F114/><W81/><G127/><T129/><D129/><N who="3" m="49769" /><G132/><T10/><D74/><U3/><E6/><V78/><F0/><W11/><G93/><T24/><D122/><U53/><E3/><V40/><F38/><W4/><G11/><T12/><D34/><U112/><E72/><V88/><F69/><W133/><G133/><T28/><D29/><U32/><E76/><V103/><F103/><W134/><G134/><T121/><D121/><U99/><E70/><V31/><F8/><W107/><G107/><T92/><D104/><U120/><E120/><V101/><F101/><W27/><G83/><T49/><D36/><U131/><E112/><V123/><F123/><W61/><G50/><T84/><D97/><U16/><E131/><V46/><F46/><W25/><G25/><T117/><D117/><U87/><E39/><V2/><F2/><W135/><G135/><T20/><D33/><U19/><E44/><V110/><F110/><W51/><G51/><T68/><REACH who="0" step="1"/><D12/><REACH who="0" ten="242,313,326,109" step="2"/><U113/><E113/><V35/><F35/><W5/><G86/><T15/><D15/><U56/><E87/><V48/><F37/><W14/><G14/><T82/><D82/><U71/><E32/><V98/><F31/><W124/><G81/><T102/><D102/><N who="1" m="60799" /><E26/><V75/><F75/><W96/><G124/><T73/><D73/><U57/><E71/><V13/><F13/><RYUUKYOKU ba="1,1" sc="242,10,313,10,326,-30,109,10" hai0="9,10,20,24,28,42,49,62,67,68,84,89,92" hai1="16,18,19,53,56,57,59,63,64,65" hai3="4,5,7,21,27,30,58,61,66,96" /><INIT seed="5,2,1,0,4,45" ten="252,323,296,119" oya="1" hai0="103,100,63,29,90,12,30,70,78,79,42,25,126" hai1="69,23,92,133,15,3,116,120,43,8,107,60,24" hai2="16,117,11,122,20,44,125,115,127,5,71,65,106" hai3="54,40,99,124,129,58,109,85,81,38,2,93,49"/><U6/><E107/><V119/><F106/><W67/><G109/><T34/><D126/><N who="2" m="48138" /><F122/><W111/><G111/><T28/><D90/><U77/><E116/><N who="2" m="44619" /><F65/><W57/><G124/><T72/><D12/><U132/><E43/><V22/><F71/><W110/><G110/><T32/><D42/><U39/><E39/><V83/><F83/><W97/><G129/><T104/><D72/><U66/><E120/><V1/><F115/><W130/><G2/><T59/><D70/><U9/><E77/><V61/><F61/><W75/><G75/><T98/><D103/><U113/><E92/><V82/><F82/><W121/><G121/><T31/><REACH who="0" step="1"/><D34/><REACH who="0" ten="242,323,296,119" step="2"/><U36/><E113/><V96/><F96/><W135/><G99/><T55/><AGARI ba="2,2" hai="25,28,29,30,31,32,55,59,63,78,79,98,100,104" machi="55" ten="30,4000,0" yaku="1,1,2,1,0,1,53,0" doraHai="45" doraHaiUra="17" who="0" fromWho="0" sc="242,66,323,-22,296,-12,119,-12" /><INIT seed="6,0,0,4,4,127" ten="308,301,284,107" oya="2" hai0="16,4,19,68,2,10,17,45,77,135,123,3,37" hai1="71,7,111,39,0,129,50,38,121,55,46,89,91" hai2="15,73,56,94,124,52,98,125,63,105,41,1,99" hai3="97,110,11,6,69,43,92,76,21,59,44,108,14"/><V118/><F73/><W13/><G69/><T24/><D123/><U31/><E111/><V119/><F1/><W134/><G134/><T62/><D135/><U28/><E71/><V112/><F41/><W40/><G76/><T22/><D77/><U9/><E121/><V33/><F33/><W47/><G108/><T113/><D3/><U57/><E129/><V67/><F105/><W102/><G110/><T30/><D113/><U29/><REACH who="1" step="1"/><E46/><REACH who="1" ten="308,291,284,107" step="2"/><V106/><F112/><W66/><G44/><T51/><D68/><U101/><E101/><N who="2" m="62775" /><F118/><W70/><G47/><T42/><REACH who="0" step="1"/><D62/><REACH who="0" ten="298,291,284,107" step="2"/><U74/><E74/><V82/><F119/><W85/><G70/><T75/><D75/><U93/><E93/><V109/><F109/><W131/><G131/><T126/><D126/><N who="2" m="48746" /><F82/><W26/><G85/><T8/><D8/><U120/><E120/><V83/><F83/><W64/><G14/><T32/><D32/><U12/><E12/><V35/><F15/><W95/><G95/><T61/><D61/><U115/><E115/><V27/><F27/><W96/><G96/><T132/><D132/><U49/><E49/><AGARI ba="0,2" hai="2,4,10,16,17,19,22,24,30,37,42,45,49,51" machi="49" ten="40,2600,0" yaku="1,1,54,1,53,0" doraHai="127" doraHaiUra="116" who="0" fromWho="1" sc="298,46,291,-26,284,0,107,0" /><INIT seed="7,0,0,1,4,92" ten="344,265,284,107" oya="3" hai0="73,49,133,9,50,79,124,21,6,1,51,47,102" hai1="28,12,115,100,84,40,108,62,95,90,104,121,120" hai2="23,15,75,89,63,35,4,65,64,22,129,14,3" hai3="18,39,68,96,71,0,127,131,58,60,113,93,11"/><W13/><G127/><T77/><D124/><U29/><E40/><V33/><F75/><W44/><G131/><T5/><D133/><U98/><E108/><V54/><F129/><W110/><G113/><T59/><D73/><U97/><E12/><V38/><F54/><W85/><G110/><T24/><D6/><U126/><E126/><V31/><F4/><W82/><G0/><T17/><D47/><U72/><E29/><V61/><F3/><W53/><G39/><T119/><D119/><U81/><E28/><V26/><F89/><W86/><G44/><T134/><D134/><U91/><E62/><V99/><F38/><W118/><G118/><T20/><D59/><U34/><E34/><V132/><F132/><W52/><G53/><T30/><REACH who="0" step="1"/><D102/><REACH who="0" ten="334,265,284,107" step="2"/><U25/><E25/><AGARI ba="0,1" hai="1,5,9,17,20,21,24,25,30,49,50,51,77,79" machi="25" ten="40,2600,0" yaku="1,1,2,1,53,0" doraHai="92" doraHaiUra="8" who="0" fromWho="1" sc="334,36,265,-26,284,0,107,0" owari="370,47.0,239,-16.1,284,8.4,107,-39.3" /></mjloggm>