<mjloggm ver="2.3"><GO type="41" lobby="0"/><UN n0="%E3%81%BB%E3%83%BC%E3%82%8A%E3%83%BC%E3%82%89%E3%81%84%E3%81%99" n1="%E2%93%9D%4C%75%63%6B%79%4A" n2="%50%61%6C%69%6F%74%6F%6C" n3="%E7%A2%81%E5%A4%AA%E9%83%8E%EF%BC%93%EF%BC%97" dan="14,15,13,14" rate="1893.85,2132.68,1905.58,1873.69" sx="M,M,M,M"/><TAIKYOKU oya="0"/><INIT seed="0,0,0,1,0,37" ten="250,250,250,250" oya="0" hai0="58,43,79,0,135,11,6,71,40,105,74,14,132" hai1="9,70,126,53,121,82,15,31,118,116,4,73,46" hai2="85,76,106,89,34,3,91,24,83,100,81,48,5" hai3="109,13,78,119,84,18,10,54,28,38,134,104,45"/><T55/><D71/><U124/><E70/><V108/><F108/><W50/><G119/><N who="1" m="45610" /><E82/><V29/><F5/><W117/><G117/><T94/><D105/><U16/><E73/><V64/><F3/><W129/><G104/><T12/><D74/><U65/><E65/><V69/><F48/><W90/><G109/><T39/><D39/><U52/><E31/><V115/><F115/><W23/><G129/><T35/><D79/><U20/><E46/><V87/><F69/><W77/><G38/><T88/><D35/><U93/><E93/><V107/><F64/><W56/><G56/><T101/><D101/><U36/><E36/><V30/><F100/><W86/><G86/><T98/><D0/><N who="1" m="135" /><E121/><V125/><F125/><AGARI ba="0,0" hai="15,16,20,52,53,124,125,126" m="135,45610" machi="125" ten="30,3900,0" yaku="18,1,54,2" doraHai="37" who="1" fromWho="2" sc="250,0,250,39,250,-39,250,0" /><INIT seed="1,0,0,1,0,23" ten="250,289,211,250" oya="1" hai0="90,51,67,84,92,89,80,63,117,122,49,88,38" hai1="68,95,115,60,112,134,120,39,34,12,50,28,13" hai2="126,17,46,73,110,113,36,101,82,87,26,37,91" hai3="69,133,96,77,127,45,8,25,86,105,18,74,125"/><U72/><E39/><V131/><F110/><W108/><G69/><T64/><D117/><U81/><E120/><V130/><F73/><W132/><G108/><T27/><D38/><U11/><E95/><V15/><F126/><W98/><G74/><T85/><D122/><U109/><E50/><N who="0" m="18953" /><D63/><U114/><E109/><V24/><F101/><W118/><G118/><T94/><D27/><N who="2" m="10282" /><F46/><W106/><G45/><T124/><D124/><N who="3" m="47689" /><G8/><T16/><D16/><U19/><E19/><V103/><F103/><W76/><G25/><T41/><D41/><U0/><E115/><V135/><F113/><W104/><G18/><T33/><D33/><U32/><E34/><V55/><F55/><W111/><G111/><T107/><D107/><U100/><E32/><V6/><F6/><W7/><G7/><T21/><D21/><U53/><E114/><V59/><F59/><W62/><G62/><T66/><D80/><U116/><E81/><V97/><F97/><N who="3" m="37483" /><G86/><AGARI ba="0,0" hai="64,66,67,84,85,86,88,89,90,92,94" m="18953" machi="86" ten="40,8000,1" yaku="28,2,8,1,54,1" doraHai="23" who="0" fromWho="3" sc="250,80,289,0,211,0,250,-80" /><INIT seed="2,0,0,4,3,65" ten="330,289,211,170" oya="2" hai0="62,121,124,32,96,118,130,17,109,52,102,88,23" hai1="82,63,10,28,73,60,86,122,8,70,113,134,34" hai2="90,91,97,58,1,80,77,135,30,64,110,55,7" hai3="19,49,39,120,106,0,87,66,107,50,128,45,44"/><V93/><F135/><W11/><G120/><T46/><D32/><U18/><E113/><V94/><F30/><W79/><G39/><T68/><D121/><U99/><E73/><V24/><F110/><W15/><G0/><T123/><D123/><U72/><E72/><V54/><F24/><W56/><G128/><T115/><D115/><U12/><E134/><V21/><F21/><W36/><G36/><T27/><D130/><U22/><E99/><V25/><F25/><W6/><G6/><T111/><D102/><U112/><E112/><V131/><F131/><W78/><G66/><N who="0" m="41047" /><D124/><U125/><E125/><V47/><F7/><W81/><G56/><T103/><D103/><U85/><E86/><N who="2" m="48399" /><F1/><W129/><G129/><T14/><D118/><U116/><E116/><V101/><F64/><W29/><G29/><T57/><D46/><U95/><E28/><V69/><F69/><W100/><G100/><T127/><D127/><U105/><E122/><V76/><F76/><W71/><G71/><T67/><D67/><U98/><E70/><V89/><F47/><W38/><G38/><T33/><D33/><U41/><E34/><V74/><F74/><W42/><REACH who="3" step="1"/><G78/><REACH who="3" ten="330,289,211,160" step="2"/><T3/><D3/><U9/><E18/><V53/><F58/><W26/><G26/><T84/><D27/><U4/><E4/><V40/><F40/><AGARI ba="0,1" hai="11,15,19,40,42,44,45,49,50,79,81,87,106,107" machi="40" ten="30,3900,0" yaku="1,1,7,1,9,1,53,0" doraHai="65" doraHaiUra="51" who="3" fromWho="2" sc="330,0,289,0,211,-39,160,49" /><INIT seed="3,0,0,0,4,24" ten="330,289,172,209" oya="3" hai0="36,65,20,126,92,77,18,120,25,14,100,134,6" hai1="19,108,82,71,17,124,113,103,4,51,45,93,11" hai2="26,127,57,135,55,91,106,68,86,78,64,116,8" hai3="121,72,74,111,21,34,59,75,49,76,10,66,3"/><W58/><G121/><T7/><D120/><U90/><E113/><V54/><F116/><W119/><G76/><T107/><D36/><U79/><E71/><V1/><F106/><W16/><G119/><T88/><D126/><U129/><E103/><V27/><F127/><W0/><G111/><T118/><D118/><U125/><E108/><V60/><F78/><W13/><G34/><T29/><D65/><U95/><E95/><V15/><F1/><W69/><G69/><T87/><D134/><U89/><E90/><V50/><F55/><W53/><G66/><T102/><D77/><U73/><E129/><V2/><F2/><W30/><REACH who="3" step="1"/><G58/><REACH who="3" ten="330,289,172,199" step="2"/><T37/><D37/><U67/><E67/><V48/><F135/><W5/><G5/><N who="0" m="1547" /><D107/><U33/><E125/><V52/><F68/><W94/><G94/><T99/><D99/><U104/><E124/><V115/><F115/><W130/><G130/><T41/><D92/><U97/><E33/><V35/><F35/><W105/><G105/><T96/><D96/><U39/><E104/><V43/><F64/><W31/><G31/><T12/><D29/><U80/><E82/><V22/><F86/><W70/><G70/><T42/><D42/><U132/><E132/><V85/><F43/><W56/><G56/><T63/><D41/><U38/><E97/><V32/><F32/><W62/><G62/><T131/><D63/><U123/><E123/><V84/><F60/><W61/><G61/><T83/><D131/><U23/><E93/><V98/><F98/><W40/><G40/><T114/><D114/><U46/><E39/><RYUUKYOKU ba="0,1" sc="330,15,289,-15,172,-15,199,15" hai0="12,14,18,20,25,83,87,88,100,102" hai3="0,3,10,13,16,21,30,49,53,59,72,74,75" /><INIT seed="3,1,1,3,0,68" ten="345,274,157,214" oya="3" hai0="123,127,93,45,73,50,11,109,121,108,36,0,18" hai1="124,126,94,71,40,107,67,52,70,24,69,86,33" hai2="44,130,106,30,17,42,99,29,91,128,78,54,2" hai3="57,120,13,56,105,1,85,5,43,14,46,41,21"/><W104/><G120/><T55/><D73/><U53/><E107/><V3/><F78/><W23/><G1/><T113/><D127/><N who="1" m="48683" /><E40/><V88/><F54/><N who="1" m="21097" /><E94/><V76/><F76/><W134/><G85/><T74/><D74/><U22/><E33/><V75/><F75/><W66/><G46/><T132/><D113/><U100/><E100/><V80/><F17/><W95/><G95/><T83/><D83/><U59/><E86/><V125/><F125/><W131/><G5/><T49/><D93/><U117/><E117/><V25/><F99/><W48/><G48/><T97/><D97/><U90/><E90/><V15/><F15/><W6/><G6/><T110/><D0/><N who="2" m="42" /><F106/><W4/><G4/><T111/><D132/><U38/><E59/><V103/><F103/><W62/><G62/><T96/><D96/><U19/><E38/><N who="2" m="21591" /><F80/><W72/><G134/><T34/><D111/><U81/><E81/><V114/><F114/><W118/><G72/><T28/><D109/><U116/><E116/><V101/><F101/><W84/><G84/><T82/><D123/><U51/><E51/><V26/><F29/><W35/><G118/><T122/><D50/><U89/><E89/><N who="2" m="34379" /><F30/><W112/><G66/><AGARI ba="1,1" hai="19,22,24,66,67,69,70,71" m="21097,48683" machi="66" ten="40,2600,0" yaku="18,1,54,1" doraHai="68" who="1" fromWho="3" sc="345,0,274,39,157,0,214,-29" /><INIT seed="4,0,0,1,4,115" ten="345,313,157,185" oya="0" hai0="18,69,76,54,30,79,122,55,28,14,80,78,130" hai1="24,72,9,73,124,20,94,103,117,128,82,47,119" hai2="25,8,19,98,2,6,86,109,0,1,93,4,39" hai3="48,129,34,36,11,16,134,132,77,81,85,113,110"/><T62/><D122/><U71/><E71/><V91/><F39/><W67/><G36/><T33/><D130/><U56/><E9/><V35/><F109/><W88/><G113/><T10/><D80/><U118/><E128/><V15/><F35/><W13/><G129/><T26/><REACH who="0" step="1"/><D30/><REACH who="0" ten="335,313,157,185" step="2"/><U64/><E82/><V51/><F25/><W116/><G116/><T12/><D12/><U131/><E131/><V92/><REACH who="2" step="1"/><F51/><REACH who="2" ten="335,313,147,185" step="2"/><W68/><G34/><T7/><D7/><U126/><E119/><V58/><F58/><W74/><G110/><T3/><D3/><U135/><E118/><V43/><F43/><W125/><G125/><T31/><D31/><U112/><E126/><V57/><F57/><W63/><REACH who="3" step="1"/><G48/><REACH who="3" ten="335,313,147,175" step="2"/><T108/><D108/><U23/><E124/><V96/><F96/><W83/><AGARI ba="0,3" hai="11,13,16,63,67,68,74,77,81,83,85,88,132,134" machi="83" ten="30,8000,1" yaku="1,1,2,1,0,1,54,2,53,0" doraHai="115" doraHaiUra="53" who="3" fromWho="3" sc="335,-40,313,-20,147,-20,175,110" /><INIT seed="5,0,0,0,4,14" ten="295,293,127,285" oya="1" hai0="13,12,66,43,130,84,124,99,92,28,81,21,30" hai1="110,118,1,122,103,129,19,41,53,116,120,113,126" hai2="104,105,11,17,70,55,125,112,4,131,2,52,119" hai3="93,91,50,29,16,77,54,135,25,78,18,88,72"/><U123/><E41/><V27/><F119/><N who="1" m="45609" /><E103/><V26/><F70/><W56/><G135/><T24/><D124/><U47/><E1/><V64/><F125/><W133/><G133/><T38/><D130/><U39/><E126/><V15/><F64/><W107/><G107/><T80/><D43/><N who="1" m="23039" /><E19/><N who="3" m="7210" /><G72/><T98/><D38/><U97/><E97/><V63/><F131/><W58/><G58/><T8/><D66/><U111/><E129/><V134/><F134/><W87/><G91/><T33/><D33/><U44/><E113/><V127/><F112/><W10/><G10/><T85/><D8/><U100/><E100/><V108/><F108/><N who="1" m="41513" /><E123/><V128/><F128/><W67/><G67/><T36/><D36/><U59/><E44/><V60/><F127/><W7/><G7/><T9/><D9/><U62/><AGARI ba="0,0" hai="53,59,62,120,122" m="41513,23039,45609" machi="62" ten="30,6000,0" yaku="10,1,34,2" doraHai="14" who="1" fromWho="1" sc="295,-20,293,60,127,-20,285,-20" /><INIT seed="5,1,0,0,0,73" ten="275,353,107,265" oya="1" hai0="3,99,56,69,64,105,31,117,77,84,135,25,132" hai1="66,134,70,18,81,121,92,58,54,16,128,11,94" hai2="68,29,49,76,67,1,42,111,6,123,130,43,100" hai3="118,95,88,37,80,33,107,50,65,12,108,96,71"/><U52/><E121/><V89/><F111/><W47/><G108/><T8/><D117/><U131/><E70/><V20/><F123/><W83/><G37/><T53/><D3/><U15/><E66/><V124/><F100/><W63/><G118/><T45/><D45/><U102/><E134/><N who="0" m="51241" /><D8/><U116/><E116/><V122/><F122/><W129/><G33/><N who="0" m="20719" /><D84/><U57/><E81/><V10/><F130/><N who="1" m="49705" /><E18/><V27/><F67/><W62/><G62/><N who="0" m="40087" /><D77/><U32/><E32/><V133/><F68/><W85/><G129/><T48/><D99/><N who="1" m="59767" /><E92/><V19/><F133/><W9/><G107/><AGARI ba="1,0" hai="48,53,56,105,107" m="40087,20719,51241" machi="107" ten="30,1000,0" yaku="20,1" doraHai="73" who="0" fromWho="3" sc="275,13,353,0,107,0,265,-13" /><INIT seed="6,0,0,5,1,113" ten="288,353,107,252" oya="2" hai0="4,31,29,114,42,27,0,118,35,58,21,34,74" hai1="104,46,94,36,13,93,67,132,55,100,86,38,126" hai2="92,65,23,26,91,15,72,20,48,88,115,84,44" hai3="12,53,2,8,117,56,32,81,71,37,66,107,101"/><V106/><F106/><W75/><G117/><T9/><D74/><U39/><E67/><V85/><F72/><W131/><G131/><T59/><D114/><U95/><E132/><V63/><F115/><W40/><G32/><T97/><D42/><U22/><E126/><V51/><F15/><W30/><G30/><T82/><D82/><U78/><E104/><V76/><F76/><W120/><G120/><T52/><D59/><U121/><E100/><V54/><F51/><W68/><G2/><T110/><D110/><U98/><E98/><V127/><F127/><W112/><G112/><T7/><D7/><U49/><E121/><V109/><F109/><W135/><G135/><T108/><D108/><U57/><E78/><V1/><F1/><W122/><G122/><T124/><D124/><U50/><E86/><V60/><F65/><W111/><G66/><T6/><D6/><U41/><E22/><V5/><F5/><W116/><G111/><T83/><D83/><U102/><E102/><V130/><F130/><W16/><G116/><T64/><D64/><U61/><REACH who="1" step="1"/><E13/><REACH who="1" ten="288,343,107,252" step="2"/><V17/><REACH who="2" step="1"/><F23/><REACH who="2" ten="288,343,97,252" step="2"/><W105/><G107/><T14/><D118/><U133/><E133/><V79/><F79/><W89/><G105/><T28/><D35/><U19/><E19/><V10/><F10/><W3/><G3/><T69/><D0/><U25/><E25/><V45/><F45/><W125/><G8/><T33/><D34/><U119/><E119/><V73/><F73/><W129/><G75/><T128/><D33/><U43/><E43/><V96/><F96/><W70/><G125/><RYUUKYOKU ba="0,2" sc="288,-15,343,15,97,15,252,-15" hai1="36,38,39,41,46,49,50,55,57,61,93,94,95" hai2="17,20,26,44,48,54,60,63,84,85,88,91,92" /><INIT seed="6,1,2,5,5,32" ten="273,358,112,237" oya="2" hai0="103,43,30,60,11,8,31,95,119,77,0,15,19" hai1="45,129,127,2,24,5,56,59,42,55,128,67,126" hai2="92,54,101,26,134,33,74,120,75,20,97,18,112" hai3="79,4,62,96,105,37,25,104,9,80,73,7,63"/><V108/><F120/><W99/><G37/><T125/><D43/><U23/><E67/><V87/><F33/><W68/><G25/><T76/><D125/><N who="1" m="47627" /><E55/><V3/><F112/><W41/><G41/><T61/><D60/><U84/><E84/><V109/><F134/><W27/><G27/><T1/><D11/><N who="1" m="2487" /><E59/><V36/><F36/><W48/><G4/><T71/><D30/><N who="1" m="17695" /><E56/><V14/><F54/><W106/><G48/><AGARI ba="1,2" hai="42,45,48,128,129" m="17695,2487,47627" machi="48" ten="30,2000,0" yaku="18,1,52,1" doraHai="32" who="1" fromWho="3" sc="273,0,358,43,112,0,237,-23" /><INIT seed="7,0,0,1,2,91" ten="273,401,112,214" oya="3" hai0="37,123,24,46,92,49,62,3,130,133,75,117,58" hai1="40,19,23,36,18,110,83,16,8,94,82,100,56" hai2="129,86,70,126,38,132,97,5,90,67,15,59,121" hai3="104,96,39,44,68,99,107,124,64,47,45,55,4"/><W80/><G124/><T135/><D75/><U1/><E36/><V93/><F126/><W48/><G4/><T74/><D74/><U30/><E40/><V113/><F38/><W106/><G80/><T21/><D117/><U57/><E110/><V7/><F113/><W116/><G39/><T119/><D119/><U112/><E1/><V89/><F70/><W50/><G116/><T115/><D123/><U17/><E30/><V88/><F129/><W66/><G68/><T122/><D122/><U10/><E112/><V28/><F132/><N who="0" m="50762" /><D3/><U114/><E114/><V108/><F108/><W65/><REACH who="3" step="1"/><G55/><REACH who="3" ten="273,401,112,204" step="2"/><T125/><D125/><U95/><E83/><V31/><F5/><W103/><G103/><T71/><D71/><U42/><E82/><V13/><F121/><W22/><G22/><T81/><D81/><U6/><E6/><V77/><F77/><W61/><G61/><T60/><D62/><U72/><E100/><V11/><F90/><W9/><G9/><N who="1" m="3690" /><E72/><V33/><F33/><W101/><G101/><T118/><D60/><U27/><E42/><V120/><F120/><W53/><G53/><T0/><D21/><U52/><E57/><V14/><F67/><W76/><G76/><T111/><D58/><U131/><E131/><V26/><F59/><W25/><G25/><T73/><D118/><U34/><E34/><V105/><F105/><W85/><G85/><T79/><D24/><U98/><E98/><AGARI ba="0,1" hai="44,45,47,48,50,64,65,66,96,98,99,104,106,107" machi="98" ten="50,24000,3" yaku="1,1,29,2,28,2,53,3" doraHai="91" doraHaiUra="63" who="3" fromWho="1" sc="273,0,401,-240,112,0,204,250" owari="273,7.3,161,-23.9,112,-38.8,454,55.4" /></mjloggm>