<mjloggm ver="2.3"><GO type="41" lobby="0"/><UN n0="%E3%81%A1%E3%81%91%E3%81%A3%E3%81%A8" n1="%E9%87%A3%E3%82%8A%E3%81%8A%E3%82%84%E3%81%98%EF%BC%B3%EF%BC%B4" n2="%E2%93%9D%4C%75%63%6B%79%4A" n3="%7A%32%50%48%75%76" dan="15,14,17,15" rate="2021.32,1898.35,2154.98,1920.07" sx="M,M,M,M"/><TAIKYOKU oya="0"/><INIT seed="0,0,0,1,2,29" ten="250,250,250,250" oya="0" hai0="101,36,75,44,10,127,14,76,30,43,95,22,37" hai1="61,98,117,113,19,0,77,25,84,104,31,94,73" hai2="9,63,13,57,49,67,69,68,90,85,51,41,20" hai3="116,92,80,17,105,87,93,79,70,24,114,42,55"/><T97/><D127/><U4/><E117/><V123/><F123/><W2/><G116/><T134/><D134/><U27/><E113/><V18/><F69/><W129/><G114/><T71/><D71/><U59/><E104/><V109/><F109/><W132/><G2/><T121/><D121/><U33/><E73/><V82/><F68/><W103/><G70/><T60/><D60/><U128/><E4/><V1/><F1/><W122/><G132/><T3/><D36/><U124/><E124/><V23/><REACH who="2" step="1"/><F51/><REACH who="2" ten="250,250,240,250" step="2"/><W7/><G122/><T39/><D3/><U131/><E0/><V99/><F99/><W40/><G129/><T11/><D39/><U111/><E111/><V15/><F15/><W34/><G24/><T106/><D14/><U54/><E131/><V110/><F110/><W130/><G130/><T81/><REACH who="0" step="1"/><D106/><REACH who="0" ten="240,250,240,250" step="2"/><U125/><E125/><V16/><F16/><W135/><G17/><T26/><AGARI ba="0,2" hai="10,11,22,26,30,37,43,44,75,76,81,95,97,101" machi="26" ten="30,6000,0" yaku="1,1,2,1,0,1,53,0" doraHai="29" doraHaiUra="62" who="0" fromWho="0" sc="240,80,250,-20,240,-20,250,-20" /><INIT seed="0,1,0,5,2,129" ten="320,230,220,230" oya="0" hai0="0,130,71,124,47,28,42,82,16,7,69,120,38" hai1="98,127,31,36,131,91,100,88,30,25,10,45,65" hai2="64,74,115,72,134,39,13,76,116,54,14,135,92" hai3="63,62,59,17,55,77,106,68,90,89,126,85,109"/><T22/><D130/><U52/><E131/><V53/><F115/><W84/><G109/><T99/><D120/><U67/><E127/><V133/><F39/><W79/><G106/><T46/><D124/><U108/><E108/><V21/><F64/><W93/><G126/><T44/><D28/><U60/><E31/><V104/><F104/><W1/><G1/><T97/><D44/><U66/><E10/><V118/><F92/><W32/><G32/><T112/><D112/><U33/><E36/><V18/><F14/><W73/><G73/><N who="2" m="28265" /><F76/><W51/><G68/><T102/><D46/><U57/><REACH who="1" step="1"/><E45/><REACH who="1" ten="320,220,220,230" step="2"/><V101/><F101/><W29/><G29/><T40/><D40/><U117/><E117/><AGARI ba="1,1" hai="13,18,21,53,54,116,117,118,133,134,135" m="28265" machi="117" ten="40,8000,1" yaku="12,1,20,1,52,3" doraHai="129" who="2" fromWho="1" sc="320,0,220,-83,220,93,230,0" /><INIT seed="1,0,0,1,4,91" ten="320,137,313,230" oya="1" hai0="127,35,29,32,56,23,6,41,31,61,111,50,106" hai1="55,87,130,14,5,37,36,15,86,80,7,78,39" hai2="90,17,81,58,19,79,38,12,43,89,4,63,34" hai3="123,76,1,66,103,100,45,70,20,2,25,21,101"/><U133/><E130/><V92/><F34/><W118/><G123/><T107/><D127/><U97/><E133/><V11/><F90/><W74/><G118/><T27/><D6/><U24/><E24/><V26/><F38/><W105/><G105/><T44/><D111/><U68/><E68/><V108/><F43/><W126/><G126/><T22/><D107/><U94/><E86/><N who="2" m="48447" /><F26/><W0/><G45/><T120/><D106/><U46/><E7/><V125/><F108/><W77/><G70/><T112/><D120/><U104/><E5/><V71/><F71/><W42/><G42/><T93/><D112/><U53/><E104/><V30/><F30/><W114/><G114/><T40/><D40/><U134/><E134/><V52/><F125/><W64/><G74/><T88/><D22/><N who="3" m="8809" /><G25/><T129/><D35/><U72/><E72/><V60/><F63/><W75/><G75/><T124/><D124/><U83/><E83/><V113/><F113/><W135/><G135/><T28/><D32/><U10/><E46/><V85/><AGARI ba="0,0" hai="4,11,12,17,19,52,58,60,85,89,92" m="48447" machi="85" ten="30,4000,0" yaku="8,1,52,1,54,1" doraHai="91" who="2" fromWho="2" sc="320,-10,137,-20,313,40,230,-10" /><INIT seed="2,0,0,1,2,54" ten="310,117,353,220" oya="2" hai0="117,64,47,15,135,95,31,72,79,30,89,38,23" hai1="82,11,133,107,76,113,10,114,97,118,85,83,80" hai2="81,44,78,25,115,21,91,103,77,56,28,90,94" hai3="74,13,130,93,100,34,40,29,18,26,99,49,1"/><V20/><F115/><W116/><G116/><T55/><D135/><U51/><E118/><V45/><F103/><W16/><G74/><T60/><D117/><U73/><E51/><V0/><F0/><W69/><G69/><T131/><D131/><U35/><E35/><V2/><F2/><W92/><G1/><T110/><D110/><U119/><E119/><V84/><F21/><W36/><G36/><T128/><D128/><U86/><E11/><V39/><F39/><W106/><G130/><T127/><D127/><U24/><E24/><V126/><F126/><W109/><G109/><T7/><D79/><U67/><E10/><V6/><F6/><W111/><G111/><T12/><D72/><U124/><E67/><V14/><F14/><W70/><G70/><T46/><D46/><N who="2" m="18026" /><F56/><W68/><G68/><T104/><D104/><U132/><E124/><V3/><F3/><W129/><G129/><T8/><D15/><U57/><E73/><V75/><F75/><W122/><G122/><T61/><D23/><U134/><E76/><V50/><F50/><W66/><G66/><T5/><D5/><U53/><E107/><V101/><F101/><W48/><G13/><T98/><D64/><U112/><E97/><AGARI ba="0,0" hai="20,25,28,77,78,81,84,90,91,94,97" m="18026" machi="97" ten="30,1500,0" yaku="8,1" doraHai="54" who="2" fromWho="1" sc="310,0,117,-15,353,15,220,0" /><INIT seed="2,1,0,1,3,115" ten="310,102,368,220" oya="2" hai0="101,13,22,14,38,83,43,9,41,128,30,78,7" hai1="45,110,18,98,50,132,33,68,113,99,105,57,37" hai2="11,109,108,102,58,51,74,56,104,127,60,133,17" hai3="63,106,111,89,48,25,10,73,87,129,66,100,29"/><V71/><F74/><W5/><G111/><N who="2" m="42569" /><F104/><W27/><G73/><T92/><D128/><U19/><E110/><V24/><F102/><W96/><G129/><T46/><D41/><U16/><E33/><V1/><F127/><W82/><G48/><T26/><D92/><U61/><E68/><V28/><F133/><W80/><G80/><T21/><D101/><U76/><E132/><V107/><F107/><W97/><G97/><T91/><D91/><U122/><E113/><V8/><F17/><W64/><G64/><T42/><D42/><U77/><E105/><V130/><F1/><W79/><G79/><N who="1" m="30282" /><E37/><V81/><F81/><W116/><G29/><T65/><D65/><N who="1" m="39087" /><E122/><V121/><F121/><W131/><G131/><T93/><D93/><U119/><E119/><V62/><F71/><W103/><G103/><T39/><D39/><U88/><E50/><V134/><F51/><W35/><G35/><T15/><D21/><U112/><E112/><V118/><F118/><W95/><G106/><T114/><D114/><U120/><E45/><V47/><F47/><W55/><G116/><T72/><AGARI ba="1,0" hai="7,9,13,14,15,22,26,30,38,43,46,72,78,83" machi="72" ten="20,1500,0" yaku="0,1,7,1" doraHai="115" who="0" fromWho="0" sc="310,18,102,-5,368,-8,220,-5" /><INIT seed="3,0,0,4,1,27" ten="328,97,360,215" oya="3" hai0="61,37,30,93,31,39,79,14,87,65,106,78,113" hai1="56,128,66,24,88,114,53,20,116,64,132,1,83" hai2="121,129,46,33,70,7,76,23,73,13,125,47,123" hai3="72,52,122,43,92,40,36,62,32,67,104,96,108"/><W59/><G122/><N who="2" m="46601" /><F33/><W22/><G72/><T57/><D106/><U112/><E1/><V105/><F70/><W75/><G75/><T58/><D113/><U41/><E128/><V63/><F63/><W68/><G32/><T80/><D37/><U107/><E107/><V130/><F105/><W81/><G108/><T101/><D39/><U97/><E132/><V102/><F102/><W126/><G126/><T28/><D57/><U99/><E41/><V48/><F7/><W82/><G104/><T110/><D110/><U119/><E99/><V85/><F85/><W60/><G22/><T16/><D79/><U42/><E42/><V38/><F38/><W17/><G17/><T124/><D124/><U94/><E83/><N who="2" m="45455" /><F48/><W35/><G35/><T77/><D77/><U71/><E71/><V127/><F127/><W44/><REACH who="3" step="1"/><G40/><REACH who="3" ten="328,97,360,205" step="2"/><T49/><D49/><N who="1" m="30767" /><E114/><V54/><F125/><W131/><G131/><T109/><D109/><U117/><E112/><V29/><F130/><W15/><G15/><T91/><D101/><AGARI ba="0,1" hai="36,43,44,52,59,60,62,67,68,81,82,92,96,101" machi="101" ten="30,11600,0" yaku="1,1,7,1,54,1,53,1" doraHai="27" doraHaiUra="55" who="3" fromWho="0" sc="328,-116,97,0,360,0,205,126" /><INIT seed="3,1,0,3,3,55" ten="212,97,360,331" oya="3" hai0="114,20,18,119,6,21,68,16,91,78,125,63,72" hai1="22,128,65,89,41,36,33,35,105,113,135,96,12" hai2="98,10,62,32,61,9,28,39,49,102,53,11,94" hai3="40,99,123,26,86,50,85,60,69,67,46,38,124"/><W115/><G115/><T90/><D114/><U27/><E113/><V37/><F32/><W120/><G26/><T75/><D119/><U126/><E41/><V80/><F28/><W2/><G2/><T7/><D63/><U71/><E65/><V51/><F51/><W70/><G99/><T104/><D78/><U15/><E71/><N who="3" m="27146" /><G85/><T30/><D68/><U88/><E36/><V79/><F39/><W84/><G84/><T97/><D97/><U127/><E135/><V116/><F37/><W108/><G86/><T87/><D87/><U59/><E59/><V73/><REACH who="2" step="1"/><F116/><REACH who="2" ten="212,97,350,331" step="2"/><W74/><G124/><N who="1" m="47658" /><E128/><V112/><F112/><W134/><G134/><T0/><D125/><U121/><E121/><V14/><F14/><N who="1" m="5161" /><E105/><V100/><F100/><W103/><G103/><T17/><D104/><U101/><E101/><V54/><F54/><W56/><G123/><T4/><D30/><N who="1" m="17783" /><E96/><V52/><F52/><W31/><G31/><T95/><D0/><U76/><E76/><V24/><F24/><W45/><G120/><T106/><D106/><U47/><E47/><AGARI ba="1,1" hai="9,10,11,47,49,53,61,62,73,79,80,94,98,102" machi="47" ten="40,2600,0" yaku="1,1,53,1" doraHai="55" doraHaiUra="93" who="2" fromWho="1" sc="212,0,97,-29,350,39,331,0" /><INIT seed="4,0,0,5,4,30" ten="212,68,389,331" oya="0" hai0="78,10,85,48,2,68,52,84,91,114,4,12,6" hai1="120,36,107,133,1,19,83,98,90,0,82,37,87" hai2="28,126,40,94,53,109,118,66,123,55,25,35,106" hai3="69,20,103,105,59,13,99,131,121,130,49,112,96"/><T64/><D114/><U101/><E120/><V88/><F123/><W22/><G112/><T24/><D68/><U76/><E133/><V3/><F106/><W70/><G121/><T92/><D64/><U39/><REACH who="1" step="1"/><E19/><REACH who="1" ten="212,58,389,331" step="2"/><V26/><F109/><W97/><G105/><T60/><D2/><U135/><E135/><V17/><F17/><W29/><G29/><T125/><D125/><U8/><E8/><V134/><F134/><W63/><G103/><T18/><D24/><U61/><E61/><V14/><F26/><W127/><G127/><T72/><D60/><U23/><E23/><V56/><F25/><W34/><G22/><T116/><D116/><U124/><E124/><V73/><F118/><W9/><G20/><T100/><D100/><U15/><E15/><V21/><F14/><W71/><G13/><T45/><REACH who="0" step="1"/><D72/><AGARI ba="0,1" hai="0,1,36,37,39,72,76,82,83,87,90,98,101,107" machi="72" ten="40,5200,0" yaku="1,1,53,2" doraHai="30" doraHaiUra="32" who="1" fromWho="0" sc="212,-52,58,62,389,0,331,0" /><INIT seed="5,0,0,0,3,92" ten="160,120,389,331" oya="1" hai0="60,124,15,119,81,109,22,46,121,133,32,113,89" hai1="122,95,40,85,132,5,72,110,17,130,96,126,61" hai2="24,28,23,45,68,103,108,13,71,116,34,65,104" hai3="53,57,94,135,27,106,64,66,123,50,70,80,73"/><U77/><E122/><V7/><F116/><W44/><G106/><T76/><D32/><U74/><E5/><V118/><F108/><W11/><G123/><T4/><D89/><U55/><E40/><V51/><F118/><W29/><G135/><T131/><D60/><U99/><E17/><V52/><F65/><W125/><G125/><T47/><D22/><U1/><E1/><V78/><F78/><W69/><G11/><T31/><D81/><N who="1" m="47279" /><E55/><V36/><F36/><W117/><G117/><T0/><D4/><U67/><E67/><V100/><F104/><W87/><G73/><N who="1" m="28266" /><E61/><V59/><F71/><W38/><G66/><T98/><D31/><U134/><E126/><V112/><F68/><W63/><G29/><T16/><D15/><U115/><E110/><V79/><F7/><W3/><G27/><T88/><D16/><U102/><E130/><V9/><F13/><W114/><G3/><T56/><D0/><U105/><E115/><V35/><F112/><W58/><G58/><T84/><D113/><U111/><E111/><V14/><F59/><W30/><G30/><T19/><D109/><U128/><E128/><V43/><F35/><W91/><G114/><T12/><D131/><U8/><E8/><V49/><F34/><W20/><G20/><T2/><D124/><U107/><E107/><V18/><F51/><W75/><G38/><T86/><D2/><U93/><E105/><V37/><F37/><W82/><G75/><T6/><D121/><U90/><AGARI ba="0,0" hai="90,93,95,96,99,102,132,134" m="28266,47279" machi="90" ten="30,11700,0" yaku="34,2,52,2" doraHai="92" who="1" fromWho="1" sc="160,-39,120,117,389,-39,331,-39" /><INIT seed="5,1,0,2,5,90" ten="121,237,350,292" oya="1" hai0="109,78,104,52,127,99,1,59,98,61,31,34,38" hai1="36,117,121,65,93,43,7,94,105,17,124,67,115" hai2="42,116,18,81,47,58,13,26,88,132,32,50,4" hai3="29,10,133,71,33,40,73,70,131,111,66,119,84"/><U103/><E121/><V55/><F116/><W0/><G40/><T118/><D38/><U56/><E7/><V72/><F132/><W23/><G84/><T21/><D1/><U5/><E117/><V20/><F32/><W41/><G41/><T110/><D127/><U69/><E124/><V57/><F72/><W45/><G45/><T22/><D118/><U97/><E115/><V25/><F58/><W135/><G23/><T112/><D112/><U48/><E5/><V102/><F102/><W128/><G73/><T96/><D104/><U80/><E67/><V8/><F81/><W83/><G83/><T53/><D78/><U129/><E129/><N who="3" m="49738" /><G119/><T130/><D130/><U19/><E80/><V123/><F123/><W86/><G86/><T108/><REACH who="0" step="1"/><D53/><REACH who="0" ten="111,237,350,292" step="2"/><U28/><E36/><V79/><F79/><W120/><G120/><T87/><D87/><U126/><E126/><V63/><REACH who="2" step="1"/><F88/><REACH who="2" ten="111,237,340,292" step="2"/><W54/><G135/><T9/><D9/><U95/><E105/><V107/><F107/><W122/><G133/><T27/><AGARI ba="1,2" hai="21,22,27,31,34,52,59,61,96,98,99,108,109,110" machi="27" ten="40,8000,1" yaku="1,1,0,1,54,1,53,1" doraHai="90" doraHaiUra="49" who="0" fromWho="0" sc="111,103,237,-41,340,-21,292,-21" /><INIT seed="6,0,0,0,2,130" ten="214,196,319,271" oya="2" hai0="48,52,133,42,118,23,127,63,15,64,89,66,79" hai1="11,92,128,94,21,22,97,69,65,100,106,84,5" hai2="112,14,54,120,38,50,95,115,26,104,29,41,103" hai3="31,132,105,19,91,78,88,10,58,70,49,0,55"/><V18/><F38/><W60/><G105/><T83/><D127/><U73/><E73/><V126/><F41/><W129/><G129/><T124/><D118/><U87/><E128/><V4/><F104/><W76/><G31/><T114/><D124/><U67/><E69/><V9/><F103/><W59/><G70/><T20/><D114/><N who="2" m="43562" /><F95/><W61/><G0/><T101/><D42/><U134/><E106/><V1/><F54/><W102/><G102/><T46/><D101/><U39/><E39/><V110/><F50/><W62/><G132/><T68/><D133/><U72/><E72/><V56/><F56/><W34/><G34/><T119/><D66/><U7/><E100/><V51/><F51/><W121/><G121/><T40/><D89/><N who="3" m="34377" /><G59/><T96/><D96/><U75/><E75/><V113/><N who="2" m="43570" /><V37/><DORA hai="135" /><F37/><W71/><G71/><T90/><D90/><U125/><E134/><V117/><F126/><W8/><G8/><T131/><D131/><U13/><E125/><V12/><F120/><W81/><G81/><T2/><D2/><U111/><E97/><V27/><F117/><W99/><G99/><T3/><D3/><U85/><E111/><V74/><F74/><W24/><G10/><T80/><D119/><U86/><N who="1" m="21504" /><DORA hai="25" /><U123/><E123/><V93/><F93/><N who="1" m="35945" /><E5/><V82/><F82/><N who="0" m="31274" /><D79/><U33/><E33/><N who="2" m="20671" /><F110/><W47/><G58/><T17/><D40/><U30/><E22/><AGARI ba="0,0" hai="1,4,9,12,14,18,22,26" m="20671,43570" machi="22" ten="40,12000,1" yaku="15,1,34,2,52,1" doraHai="130,135,25" who="2" fromWho="1" sc="214,0,196,-120,319,120,271,0" /><AGARI ba="0,0" hai="19,22,24,47,49,55,60,61,62,76,78" m="34377" machi="22" ten="30,2000,0" yaku="8,1,54,1" doraHai="130,135,25" who="3" fromWho="1" sc="214,0,76,-20,439,0,271,20" /><INIT seed="6,1,0,5,0,76" ten="214,56,439,291" oya="2" hai0="90,127,29,98,120,44,92,102,94,84,107,123,72" hai1="23,118,129,103,135,46,80,14,100,126,47,112,15" hai2="40,58,1,62,71,110,70,33,106,31,114,78,113" hai3="18,93,3,68,131,59,0,52,54,16,56,109,124"/><V132/><F1/><W41/><G68/><N who="2" m="26153" /><F106/><W27/><G109/><T89/><D29/><U116/><E116/><V24/><F40/><W77/><G131/><T104/><D44/><U43/><E43/><V85/><F78/><W67/><G67/><T122/><D127/><U45/><E45/><V10/><F10/><W61/><G124/><T8/><D72/><U134/><E134/><V6/><F6/><W51/><G41/><T96/><REACH who="0" step="1"/><D8/><REACH who="0" ten="204,56,439,291" step="2"/><U11/><E11/><V121/><F31/><W108/><G108/><T34/><D34/><U49/><E49/><V50/><F50/><W73/><G73/><T32/><D32/><U88/><E88/><V60/><F33/><W63/><G51/><T105/><AGARI ba="1,1" hai="84,89,90,92,94,96,98,102,104,105,107,120,122,123" machi="105" ten="40,8000,1" yaku="1,1,0,1,34,3,53,0" doraHai="76" doraHaiUra="28" who="0" fromWho="0" sc="204,93,56,-21,439,-41,291,-21" /><INIT seed="7,0,0,1,5,32" ten="297,35,398,270" oya="3" hai0="102,116,134,52,66,124,61,65,117,12,77,58,71" hai1="78,108,99,14,6,69,76,7,2,106,60,42,103" hai2="97,39,5,93,37,110,47,30,9,70,126,118,57" hai3="135,43,83,100,121,122,123,80,62,111,34,38,26"/><W10/><G135/><T0/><D134/><U22/><E22/><V8/><F70/><W44/><G111/><T54/><D0/><U96/><E96/><V107/><F107/><W82/><G100/><T128/><D102/><U23/><E23/><V131/><F131/><W55/><G10/><T25/><D25/><U18/><E18/><V85/><F118/><W3/><G62/><T53/><D77/><U1/><E1/><V79/><F126/><W115/><G115/><T94/><D94/><U33/><E33/><V129/><F57/><W114/><G114/><T36/><D124/><U92/><E92/><V29/><F9/><W15/><G15/><T133/><D133/><U40/><E40/><V87/><F129/><W27/><G55/><N who="0" m="21003" /><D128/><U64/><E64/><N who="0" m="24681" /><D12/><U31/><E31/><V35/><F30/><W20/><G34/><T90/><D90/><U46/><E46/><V105/><F47/><W4/><REACH who="3" step="1"/><G20/><REACH who="3" ten="297,35,398,260" step="2"/><T109/><D109/><U104/><E104/><V17/><F105/><W84/><G84/><T112/><D112/><U11/><E11/><V95/><F8/><W127/><G127/><T24/><D24/><U88/><E88/><N who="2" m="55527" /><F110/><W19/><G19/><T28/><D71/><U72/><E72/><V45/><F17/><W89/><G89/><T41/><D28/><U74/><E74/><V125/><F125/><W130/><G130/><T68/><D68/><U13/><E13/><V91/><F29/><W81/><N who="3" m="20480" /><DORA hai="101" /><W98/><G98/><T49/><D36/><N who="2" m="13898" /><F35/><W50/><G50/><T21/><D21/><U67/><E67/><V16/><F16/><RYUUKYOKU ba="0,1" sc="297,15,35,-15,398,-15,260,15" hai0="41,49,52,58,61,116,117" hai3="3,4,26,27,38,43,44,121,122,123" /><INIT seed="7,1,1,3,4,51" ten="312,20,383,275" oya="3" hai0="124,81,46,33,121,82,62,42,105,132,76,120,67" hai1="88,74,61,59,102,12,86,25,107,100,116,39,97" hai2="20,52,65,71,94,135,41,106,64,38,43,1,119" hai3="122,40,37,96,44,18,91,89,126,110,109,84,55"/><W26/><G122/><T77/><D33/><U108/><E108/><N who="3" m="41578" /><G126/><T35/><D132/><U80/><E80/><V85/><F106/><W24/><G96/><T118/><D124/><U13/><E13/><V11/><F38/><W50/><G18/><T36/><D35/><U113/><E113/><V79/><F71/><W54/><G91/><T73/><D105/><U57/><E57/><V72/><F94/><N who="3" m="54567" /><G37/><T92/><D92/><U117/><E117/><V32/><F119/><W93/><G93/><T16/><D118/><U31/><E31/><V27/><F85/><W130/><G130/><T45/><D45/><U104/><E104/><V68/><F135/><W127/><G127/><T3/><D3/><U101/><E101/><V128/><F1/><W47/><G47/><T114/><D114/><U125/><E125/><V87/><F128/><W95/><G95/><T83/><D83/><U111/><E111/><V6/><F87/><W8/><G8/><T69/><REACH who="0" step="1"/><D16/><REACH who="0" ten="302,20,383,275" step="2"/><U115/><E115/><V123/><F11/><W99/><G99/><T58/><D58/><U21/><E21/><V90/><F20/><W103/><G103/><T5/><D5/><U10/><E10/><V70/><F6/><W28/><G28/><T78/><D78/><U17/><E17/><V34/><F90/><W63/><G40/><T98/><D98/><U75/><E75/><AGARI ba="1,2" hai="36,42,46,62,67,69,73,75,76,77,81,82,120,121" machi="75" ten="30,8000,1" yaku="1,1,7,1,9,1,23,2,53,0" doraHai="51" doraHaiUra="134" who="0" fromWho="1" sc="302,103,20,-83,383,0,275,0" owari="405,50.5,-63,-56.3,383,18.3,275,-12.5" /></mjloggm>