<mjloggm ver="2.3"><GO type="41" lobby="0"/><UN n0="%E5%8D%8A%E7%86%9F%E7%85%AE%E5%8D%B5" n1="%E2%93%9D%4C%75%63%6B%79%4A" n2="%E2%80%BB%E5%B1%B1%E6%9C%AC%E5%AF%9B%E5%AF%BF%E2%80%BB" n3="%E9%AB%98%E5%9F%8E%E5%8D%83%E7%A0%82" dan="14,16,14,13" rate="1953.30,2157.56,1973.44,1905.58" sx="M,M,M,F"/><TAIKYOKU oya="0"/><INIT seed="0,0,0,5,5,89" ten="250,250,250,250" oya="0" hai0="92,27,30,19,67,121,94,56,106,36,82,71,103" hai1="68,95,101,52,96,88,76,127,125,29,109,2,90" hai2="133,12,11,18,38,62,70,25,114,112,31,134,131" hai3="39,104,40,81,61,17,120,46,55,45,84,132,4"/><T129/><D121/><U13/><E2/><V108/><F38/><W21/><G120/><T14/><D36/><U111/><E68/><V107/><F107/><W32/><G132/><N who="2" m="50793" /><F62/><W78/><G104/><T44/><D44/><U74/><E29/><V3/><F70/><W42/><G4/><T48/><D71/><U86/><E13/><V54/><F54/><W130/><G130/><T87/><D106/><N who="1" m="63783" /><E90/><V53/><F53/><W115/><G115/><N who="2" m="44073" /><F131/><W6/><G6/><T122/><D103/><U9/><E9/><V77/><F77/><W117/><G117/><T22/><D122/><U123/><E52/><V119/><F108/><N who="1" m="41545" /><E123/><V49/><F49/><W105/><G105/><T16/><D129/><U28/><E28/><V72/><F72/><W99/><G61/><N who="0" m="38311" /><D48/><U64/><E64/><V60/><F60/><W35/><G55/><T73/><D73/><U75/><E75/><V23/><F3/><W10/><G45/><T69/><D69/><U51/><E51/><V79/><F79/><W110/><G78/><N who="0" m="46551" /><D30/><U93/><E95/><V83/><F83/><AGARI ba="0,0" hai="74,76,83,86,88,93,125,127" m="41545,63783" machi="83" ten="30,12000,2" yaku="24,1,14,1,34,2,52,1,54,1" doraHai="89" who="1" fromWho="2" sc="250,0,250,120,250,-120,250,0" /><INIT seed="1,0,0,5,0,15" ten="250,370,130,250" oya="1" hai0="78,3,39,63,116,59,134,65,126,40,25,6,71" hai1="2,103,74,112,90,77,19,54,127,22,108,70,100" hai2="29,23,20,125,0,129,128,60,72,9,27,37,124" hai3="16,1,41,133,49,62,43,30,57,102,58,36,32"/><U42/><E112/><V111/><F60/><W79/><G1/><T38/><D116/><U67/><E2/><V13/><F72/><W18/><G36/><T84/><D3/><U8/><E127/><N who="2" m="48715" /><F37/><W61/><G133/><T56/><D6/><U86/><E108/><V31/><F111/><W46/><G79/><T119/><D119/><U97/><E42/><V68/><F68/><W98/><G32/><T34/><D126/><U131/><E131/><N who="2" m="50251" /><F0/><W115/><G30/><N who="2" m="11273" /><F27/><W87/><G87/><T96/><D25/><U64/><E70/><V109/><F109/><W130/><G130/><T89/><D34/><U12/><E74/><V105/><F105/><W53/><G115/><T76/><D39/><U17/><E54/><V44/><F44/><W114/><G114/><T95/><D38/><U55/><E55/><V10/><F13/><W4/><G43/><T106/><D40/><U7/><E67/><V11/><AGARI ba="0,0" hai="9,10,11,20,23" m="11273,50251,48715" machi="11" ten="40,12000,2" yaku="28,2,18,1,19,1,34,2" doraHai="15" who="2" fromWho="2" sc="250,-30,370,-60,130,120,250,-30" /><INIT seed="2,0,0,2,3,134" ten="220,310,250,220" oya="2" hai0="49,43,73,68,105,57,51,30,9,0,78,19,69" hai1="63,106,94,98,86,75,116,121,20,1,22,112,85" hai2="92,61,32,88,62,40,17,93,90,58,87,66,4" hai3="12,34,111,107,27,46,33,82,37,83,80,118,109"/><V15/><F32/><N who="3" m="12395" /><G118/><T47/><D105/><U25/><E1/><V56/><F4/><W29/><G107/><T104/><D104/><U59/><E75/><V44/><F44/><W14/><G46/><T53/><D30/><U99/><E112/><V76/><F76/><W102/><G102/><T50/><D50/><U38/><E121/><V72/><F72/><W54/><G54/><T5/><D73/><U125/><E38/><V48/><F48/><W45/><G45/><T3/><D78/><U11/><E11/><V26/><F26/><W96/><G96/><T24/><D0/><U108/><E108/><N who="3" m="41546" /><G37/><T36/><D51/><U16/><E116/><V122/><F122/><W84/><G84/><T60/><D69/><U117/><E99/><V41/><F90/><W79/><G79/><T103/><D24/><U77/><E106/><V95/><F95/><W110/><N who="3" m="41554" /><W67/><DORA hai="81" /><G67/><N who="0" m="41063" /><D19/><U31/><E77/><V123/><F123/><W65/><G65/><T128/><D103/><U35/><E117/><V2/><F93/><W133/><G133/><T124/><D128/><U132/><E132/><V127/><F41/><W21/><AGARI ba="0,0" hai="12,14,21,27,29,80,82,83" m="41554,12395" machi="21" ten="50,1600,0" yaku="14,1" doraHai="134,81" who="3" fromWho="3" sc="220,-4,310,-4,250,-8,220,16" /><INIT seed="3,0,0,4,0,3" ten="216,306,242,236" oya="3" hai0="64,47,110,52,30,54,63,121,49,4,114,45,43" hai1="62,76,40,25,50,127,89,103,24,51,109,92,48" hai2="61,119,79,96,23,18,41,100,59,102,101,118,95" hai3="67,7,15,42,90,84,74,32,8,46,77,132,65"/><W19/><G132/><T70/><D30/><U16/><E109/><V85/><F41/><W66/><G32/><T37/><D121/><U5/><E76/><V58/><F119/><W88/><G74/><T125/><D110/><U129/><E103/><V57/><F118/><W36/><G77/><T106/><D106/><U73/><E127/><V14/><REACH who="2" step="1"/><F61/><REACH who="2" ten="216,306,232,236" step="2"/><W13/><REACH who="3" step="1"/><G84/><REACH who="3" ten="216,306,232,226" step="2"/><T135/><D135/><U39/><E73/><V122/><F122/><W1/><G1/><T34/><D125/><U93/><E40/><V71/><F71/><W82/><G82/><AGARI ba="0,2" hai="14,18,23,57,58,59,79,82,85,95,96,100,101,102" machi="82" ten="40,2600,0" yaku="1,1,8,1,53,0" doraHai="3" doraHaiUra="133" who="2" fromWho="3" sc="216,0,306,0,232,46,226,-26" /><INIT seed="4,0,0,3,5,39" ten="216,306,278,200" oya="0" hai0="27,32,61,9,0,126,104,134,91,124,73,84,130" hai1="81,119,59,64,38,4,70,103,100,28,10,131,78" hai2="44,29,23,80,5,88,7,53,133,22,18,85,40" hai3="8,50,42,21,92,97,117,63,6,82,19,52,109"/><T86/><D73/><U65/><E119/><V1/><F133/><W135/><G109/><T14/><D0/><U58/><E70/><V49/><F1/><W33/><G135/><T12/><D134/><U25/><E38/><V46/><F29/><W55/><G117/><T99/><D130/><U93/><E131/><V95/><F80/><W112/><G112/><T120/><D120/><U75/><E59/><V36/><REACH who="2" step="1"/><F23/><REACH who="2" ten="216,306,268,200" step="2"/><W30/><G30/><T34/><D34/><U94/><E28/><V127/><F127/><N who="0" m="48682" /><D32/><U24/><E81/><V43/><F43/><W51/><G82/><T37/><D37/><U16/><E75/><V90/><F90/><W45/><G33/><T47/><D9/><U102/><E10/><V11/><F11/><W87/><G8/><T20/><D91/><U111/><E103/><V48/><F48/><W101/><G6/><T129/><D129/><U69/><E4/><V121/><F121/><W3/><G3/><T77/><D77/><U13/><E78/><V89/><F89/><N who="3" m="53311" /><G51/><T108/><D108/><U66/><E111/><V15/><AGARI ba="0,1" hai="5,7,15,18,22,36,40,44,46,49,53,85,88,95" machi="15" ten="20,12000,2" yaku="1,1,0,1,7,1,52,1,54,1,53,1" doraHai="39" doraHaiUra="17" who="2" fromWho="2" sc="216,-60,306,-30,268,130,200,-30" /><INIT seed="5,0,0,3,0,111" ten="156,276,398,170" oya="1" hai0="8,128,32,34,36,31,89,63,130,56,103,72,134" hai1="108,22,120,113,105,28,116,21,80,42,132,11,44" hai2="76,4,52,51,91,115,20,38,81,17,33,49,40" hai3="43,90,3,29,1,14,62,92,85,71,58,45,77"/><U24/><E120/><V118/><F33/><W54/><G29/><T69/><D69/><U93/><E105/><V41/><F4/><W78/><G71/><T112/><D36/><U50/><E116/><V83/><F118/><W104/><G104/><T119/><D119/><U12/><E108/><V5/><F5/><W123/><G123/><T84/><D72/><U124/><E124/><V74/><F38/><W102/><G102/><T107/><D134/><U16/><E132/><V100/><F100/><W114/><G114/><T75/><D75/><U15/><E113/><V131/><F51/><W97/><G77/><T96/><D8/><U122/><E122/><V25/><F131/><N who="0" m="50218" /><D31/><U95/><REACH who="1" step="1"/><E80/><REACH who="1" ten="156,266,398,170" step="2"/><V66/><F83/><W98/><G1/><T99/><D112/><U6/><AGARI ba="0,1" hai="6,11,12,15,16,21,22,24,28,42,44,50,93,95" machi="6" ten="20,18000,2" yaku="1,1,2,1,0,1,7,1,8,1,54,1,53,0" doraHai="111" doraHaiUra="86" who="1" fromWho="1" sc="156,-60,266,190,398,-60,170,-60" /><INIT seed="5,1,0,0,3,57" ten="96,456,338,110" oya="1" hai0="8,93,50,112,92,80,43,4,31,12,33,118,75" hai1="126,55,121,60,89,5,111,102,17,99,59,113,85" hai2="76,72,9,100,42,18,131,132,53,14,108,54,27" hai3="90,25,15,127,49,30,134,32,119,87,103,69,47"/><U124/><E121/><V3/><F108/><W63/><G127/><N who="1" m="48682" /><E5/><V10/><F132/><W135/><G103/><T22/><D118/><U37/><E37/><V73/><F131/><W110/><G110/><T123/><D123/><U0/><E0/><V109/><F109/><W97/><G97/><T7/><D33/><U28/><E28/><V91/><F100/><W20/><G119/><T104/><D104/><N who="1" m="63583" /><E111/><V68/><F68/><W78/><G78/><T62/><D4/><U38/><E38/><V81/><F42/><W21/><G134/><T82/><D112/><U24/><E24/><V116/><F116/><W129/><G135/><T61/><D75/><U2/><E17/><V29/><F3/><W39/><G129/><T35/><D35/><U130/><E2/><V88/><F10/><W95/><G39/><T105/><D105/><U26/><E26/><V46/><F46/><W56/><G15/><T23/><D92/><N who="1" m="54319" /><E130/><V13/><F13/><W40/><REACH who="3" step="1"/><G69/><REACH who="3" ten="96,456,338,100" step="2"/><T125/><D125/><U34/><E34/><V71/><F71/><W70/><G70/><T41/><D93/><U128/><E128/><V51/><F14/><W67/><AGARI ba="1,1" hai="20,21,25,30,32,40,47,49,56,63,67,87,90,95" machi="67" ten="20,12000,2" yaku="1,1,0,1,7,1,52,1,53,2" doraHai="57" doraHaiUra="19" who="3" fromWho="3" sc="96,-31,456,-61,338,-31,100,133" /><INIT seed="6,0,0,1,0,23" ten="65,395,307,233" oya="2" hai0="132,71,113,65,15,18,64,29,129,69,70,116,16" hai1="43,52,24,95,126,32,130,81,85,57,104,9,87" hai2="36,112,56,97,106,128,120,103,22,26,123,42,127" hai3="31,115,37,41,51,45,72,101,105,48,12,58,44"/><V84/><F127/><W59/><G72/><T117/><D113/><U2/><E104/><V6/><F112/><W75/><G75/><T119/><D29/><U5/><E43/><V88/><F128/><W47/><G115/><T83/><D83/><U94/><E130/><V53/><F6/><W46/><G31/><T92/><D129/><U73/><E126/><V124/><F124/><W11/><G105/><T49/><D49/><N who="3" m="19017" /><G12/><T77/><D92/><U96/><E95/><V110/><F110/><W61/><G101/><T78/><D132/><U38/><E38/><V60/><F42/><N who="3" m="22607" /><G11/><T91/><D91/><U20/><E32/><V25/><F36/><N who="3" m="21671" /><G59/><T122/><D122/><U111/><E73/><V63/><F63/><W28/><G28/><T10/><REACH who="0" step="1"/><D18/><REACH who="0" ten="55,395,307,233" step="2"/><U135/><E81/><V98/><F98/><W107/><G107/><T89/><D89/><U118/><E94/><V67/><F123/><W99/><G99/><T66/><AGARI ba="0,1" hai="10,15,16,64,65,66,69,70,71,77,78,116,117,119" machi="66" ten="50,12000,2" yaku="1,1,0,1,29,2,12,1,54,1,53,0" doraHai="23" doraHaiUra="21" who="0" fromWho="0" sc="55,130,395,-30,307,-60,233,-30" /><INIT seed="7,0,0,1,5,26" ten="185,365,247,203" oya="3" hai0="87,0,105,106,95,119,126,23,118,124,13,76,55" hai1="90,29,53,132,33,88,128,49,39,11,100,101,18" hai2="102,52,125,22,9,108,81,110,96,60,6,54,67" hai3="121,78,89,115,86,36,21,59,111,91,31,131,98"/><W127/><G121/><T80/><D0/><U2/><E39/><V3/><F125/><N who="0" m="48234" /><D55/><U99/><E29/><V62/><F81/><N who="3" m="47415" /><G127/><T123/><D13/><U73/><E101/><V65/><F22/><W112/><G131/><T64/><D64/><U57/><E33/><V120/><F120/><W69/><G69/><T7/><D7/><U79/><E132/><V30/><F110/><W71/><G71/><T85/><D23/><U28/><E28/><V109/><F108/><W35/><G36/><T114/><D123/><U12/><E2/><V32/><F109/><W68/><G68/><T113/><D87/><U74/><E128/><V82/><F67/><W58/><G111/><T135/><D135/><U24/><E74/><V14/><F3/><W104/><G35/><T50/><D50/><U1/><E1/><V103/><F62/><W72/><G72/><T10/><D10/><U83/><E24/><V134/><F134/><W133/><G133/><T20/><D20/><U93/><AGARI ba="0,0" hai="11,12,18,49,53,57,73,79,83,88,90,93,99,100" machi="93" ten="20,2700,0" yaku="0,1,7,1,54,1" doraHai="26" who="1" fromWho="1" sc="185,-7,365,27,247,-7,203,-13" owari="178,-32.2,392,49.2,240,4.0,190,-21.0" /></mjloggm>