<mjloggm ver="2.3"><GO type="41" lobby="0"/><UN n0="%E2%93%9D%4C%75%63%6B%79%4A" n1="%54%6F%70%72%75%6E%32%31" n2="%E5%9D%90%E9%AA%A8%E7%A5%9E%E7%B5%8C%E7%97%9B" n3="%51%43%31%35%31%32%37" dan="17,14,13,15" rate="2145.38,1898.70,1919.63,1894.12" sx="M,M,M,M"/><TAIKYOKU oya="0"/><INIT seed="0,0,0,3,5,66" ten="250,250,250,250" oya="0" hai0="28,97,56,71,87,0,119,135,133,70,41,100,115" hai1="128,50,102,85,114,19,22,16,24,113,40,79,92" hai2="67,53,89,105,47,39,1,116,80,55,78,95,118" hai3="7,57,123,129,109,68,101,13,38,122,73,27,96"/><T33/><D115/><U51/><E128/><V108/><F105/><W26/><G38/><T43/><D119/><N who="2" m="45610" /><F1/><W77/><G73/><T32/><D56/><U90/><E79/><V59/><F108/><W34/><G77/><T23/><D23/><U61/><E61/><V94/><F94/><W112/><G57/><T2/><D28/><U36/><E102/><V76/><F76/><W106/><G27/><T31/><D31/><U6/><E6/><V91/><F91/><W124/><G26/><T99/><D100/><U48/><E19/><V69/><F39/><W44/><G101/><T11/><D11/><U120/><E120/><V30/><F30/><W62/><G44/><T127/><REACH who="0" step="1"/><D87/><REACH who="0" ten="240,250,250,250" step="2"/><U132/><E114/><V83/><F59/><W72/><G112/><T49/><D49/><U130/><E113/><V46/><F47/><W98/><G122/><T37/><D37/><U14/><E36/><V93/><F46/><W17/><G123/><T107/><D107/><U74/><E74/><V54/><F54/><W9/><G72/><T3/><D3/><U4/><E40/><V64/><F53/><W65/><G106/><T134/><D134/><U86/><E132/><V88/><F55/><W52/><G52/><T21/><D21/><U125/><E130/><V84/><F64/><W75/><G65/><T45/><D45/><U60/><E60/><V8/><F8/><W35/><G62/><T20/><D20/><U110/><E85/><N who="2" m="48279" /><F67/><W82/><G9/><T25/><D25/><U63/><E24/><V104/><F104/><W111/><G129/><T10/><D10/><RYUUKYOKU ba="0,1" sc="240,30,250,-10,250,-10,250,-10" hai0="0,2,32,33,41,43,70,71,97,99,127,133,135" /><INIT seed="0,1,1,1,3,17" ten="270,240,240,240" oya="0" hai0="39,84,116,72,60,3,101,41,13,88,67,35,57" hai1="131,93,75,91,97,2,119,133,11,9,25,48,111" hai2="73,43,59,27,87,52,118,83,45,130,80,44,50" hai3="1,94,14,81,31,74,12,21,115,70,78,47,4"/><T104/><D116/><U98/><E75/><V66/><F130/><W122/><G70/><T20/><D35/><U56/><E119/><V36/><F118/><W126/><G126/><T19/><D72/><U63/><E131/><V123/><F123/><W85/><G1/><T103/><D3/><U53/><E133/><V5/><F5/><W134/><G115/><T121/><D121/><U61/><E111/><V128/><F128/><W109/><G109/><T117/><D117/><U23/><E2/><V76/><F66/><W79/><G74/><T37/><D104/><U82/><E82/><V120/><F120/><W7/><G81/><T124/><D124/><U114/><E114/><V0/><F0/><W33/><G47/><T15/><D41/><U108/><E108/><V30/><F45/><W99/><G31/><T69/><D69/><U55/><E98/><V64/><F64/><W127/><G33/><T132/><D132/><U113/><E113/><V105/><F105/><W96/><G127/><T18/><D39/><U112/><E112/><V29/><REACH who="2" step="1"/><F27/><REACH who="2" ten="270,240,230,240" step="2"/><W107/><G107/><T90/><D37/><U6/><E6/><V22/><F22/><W32/><G21/><N who="0" m="11519" /><D84/><U71/><E71/><V62/><F62/><W125/><G85/><T100/><AGARI ba="1,2" hai="13,18,20,57,60,67,88,90,100,101,103" m="11519" machi="100" ten="30,11700,0" yaku="8,1,52,2,54,1" doraHai="17" who="0" fromWho="0" sc="270,140,240,-40,230,-40,240,-40" /><INIT seed="0,2,0,1,5,86" ten="410,200,190,200" oya="0" hai0="95,32,36,109,27,38,1,44,51,0,26,107,33" hai1="25,15,83,84,91,58,43,135,77,112,57,48,87" hai2="89,134,100,73,116,92,90,14,70,60,71,41,74" hai3="13,39,23,79,99,7,12,132,37,68,17,8,72"/><T93/><D51/><U126/><E112/><V10/><F116/><W21/><G68/><T111/><REACH who="0" step="1"/><D107/><REACH who="0" ten="400,200,190,200" step="2"/><U3/><E126/><V34/><F60/><W78/><G132/><T31/><D31/><U55/><E135/><V131/><F134/><W61/><G61/><T2/><D2/><U62/><E3/><V28/><F28/><W45/><G39/><T85/><D85/><U113/><E113/><V42/><F131/><W50/><G37/><T119/><D119/><U29/><E62/><V5/><F34/><W11/><G72/><T66/><D66/><U98/><E87/><V40/><F73/><W49/><G49/><T19/><D19/><U16/><E29/><V106/><F74/><W56/><G50/><T104/><D104/><U101/><E43/><V110/><F106/><W102/><G17/><T54/><D54/><U81/><E48/><V80/><F110/><W20/><G45/><AGARI ba="2,1" hai="0,1,26,27,32,33,36,38,44,45,93,95,109,111" machi="45" ten="25,4800,0" yaku="1,1,22,2,53,0" doraHai="86" doraHaiUra="67" who="0" fromWho="3" sc="400,64,200,0,190,0,200,-54" /><INIT seed="0,3,0,0,3,59" ten="464,200,190,146" oya="0" hai0="69,31,114,130,79,10,13,106,56,8,57,127,64" hai1="12,15,93,17,103,75,65,101,3,62,9,123,37" hai2="49,88,117,104,118,6,7,115,107,108,2,27,109" hai3="100,102,53,26,134,23,18,1,119,80,129,77,43"/><T32/><D114/><U20/><E37/><V39/><F115/><W121/><G119/><N who="2" m="45577" /><F39/><W11/><G129/><T113/><D106/><N who="2" m="40490" /><F2/><W50/><G134/><T90/><D79/><U4/><E75/><V82/><F27/><W14/><G43/><T89/><D127/><U36/><E123/><V99/><F49/><W128/><G128/><T33/><D113/><U29/><E36/><V116/><N who="2" m="45585" /><V85/><DORA hai="125" /><F6/><W133/><G1/><T58/><D130/><U105/><E105/><V55/><F55/><W30/><G133/><T95/><D31/><U21/><E29/><V98/><F7/><W111/><G111/><AGARI ba="3,0" hai="82,85,88,98,99,108,109,111" m="40490,45585" machi="111" ten="50,8000,1" yaku="14,1,12,1,34,2,54,1" doraHai="59,125" who="2" fromWho="3" sc="464,0,200,0,190,89,146,-89" /><INIT seed="1,0,0,5,4,10" ten="464,200,279,57" oya="1" hai0="103,102,87,88,129,34,47,16,15,70,75,42,108" hai1="9,25,36,0,43,106,52,26,48,40,5,22,126" hai2="13,6,50,28,23,69,99,55,67,19,94,81,57" hai3="60,96,109,45,21,30,128,61,100,90,72,110,134"/><U27/><E106/><V107/><F107/><W14/><G72/><T1/><D1/><U74/><E74/><V114/><F114/><W104/><G128/><T54/><D34/><U111/><E126/><V7/><F81/><W92/><G45/><T62/><D108/><N who="3" m="41577" /><G134/><T20/><D75/><U59/><E111/><V93/><F28/><W41/><G41/><T91/><D129/><U49/><E36/><V39/><F39/><W77/><G77/><T127/><D127/><U85/><E85/><V89/><REACH who="2" step="1"/><F93/><REACH who="2" ten="464,200,269,57" step="2"/><W80/><G80/><T131/><D131/><U97/><E40/><V124/><F124/><W29/><G29/><T31/><D31/><U18/><REACH who="1" step="1"/><E97/><REACH who="1" ten="464,190,269,57" step="2"/><V82/><F82/><W64/><G96/><T119/><D87/><U76/><E76/><V65/><F65/><W66/><G64/><T56/><D42/><U105/><E105/><V71/><F71/><W37/><G66/><T115/><D70/><U95/><E95/><V73/><F73/><W4/><G92/><T112/><D115/><U53/><E53/><V123/><F123/><W86/><G104/><T2/><D112/><U83/><E83/><V133/><F133/><W117/><G37/><T51/><D54/><U121/><E121/><V68/><F68/><W33/><G100/><T17/><D103/><U79/><E79/><V130/><F130/><W101/><G101/><T3/><D102/><U84/><E84/><V58/><F58/><W132/><G86/><T46/><D56/><U44/><AGARI ba="0,2" hai="0,5,9,18,22,25,26,27,43,44,48,49,52,59" machi="44" ten="30,6000,0" yaku="1,1,0,1,54,1,53,0" doraHai="10" doraHaiUra="78" who="1" fromWho="1" sc="464,-20,190,80,269,-20,57,-20" /><INIT seed="1,1,0,2,1,96" ten="444,270,249,37" oya="1" hai0="117,27,10,45,119,122,47,113,1,14,109,95,0" hai1="124,8,52,59,129,100,17,24,99,6,22,53,19" hai2="9,91,120,5,54,123,40,87,23,16,35,11,55" hai3="71,78,28,118,37,58,30,86,79,130,131,13,64"/><U101/><E124/><V80/><F35/><W61/><G37/><T133/><D95/><U36/><E36/><V135/><F40/><W73/><G73/><T50/><D113/><U93/><E129/><V31/><F31/><W2/><G2/><T33/><D47/><U83/><E83/><V103/><F103/><W32/><G32/><T26/><D50/><U56/><E17/><V20/><F135/><W34/><G34/><T44/><D33/><U110/><E110/><V67/><F67/><W92/><G13/><T69/><D14/><N who="1" m="5399" /><E101/><V82/><F5/><W115/><G115/><T121/><D10/><U102/><E102/><V81/><F82/><W76/><G71/><T126/><D69/><U21/><E21/><V65/><F65/><W75/><G75/><T74/><D74/><U57/><AGARI ba="1,0" hai="19,22,24,52,53,56,57,59,93,99,100" m="5399" machi="57" ten="30,6000,0" yaku="8,1,52,1,54,1" doraHai="96" who="1" fromWho="1" sc="444,-21,270,63,249,-21,37,-21" /><INIT seed="1,2,0,3,4,130" ten="423,333,228,16" oya="1" hai0="59,42,13,0,49,46,99,73,125,102,55,97,67" hai1="62,34,35,41,30,61,80,119,11,5,75,126,66" hai2="21,27,84,32,134,63,58,40,124,120,68,114,36" hai3="20,57,39,90,33,19,86,70,52,112,109,95,16"/><U4/><E119/><V7/><F68/><W129/><G109/><T56/><D0/><U29/><E41/><V81/><F32/><W113/><G70/><T89/><D73/><U54/><E75/><V96/><F120/><W28/><G39/><T48/><D125/><U53/><E80/><V31/><F114/><W98/><G129/><T128/><D128/><U122/><E126/><V69/><F124/><W116/><G116/><T76/><D76/><U26/><E11/><V123/><F69/><W38/><G38/><T117/><D102/><U103/><E103/><V93/><F123/><W50/><G19/><T118/><D13/><U133/><E122/><V83/><F134/><W9/><G9/><T37/><D99/><U100/><E100/><V91/><F7/><W131/><G98/><T115/><D97/><U2/><E26/><V106/><F106/><W44/><G44/><N who="0" m="23631" /><D89/><U1/><E66/><V82/><F40/><W78/><G78/><T12/><D12/><U24/><E24/><V72/><F36/><W10/><G10/><T111/><D111/><U8/><E8/><V71/><F71/><W74/><G74/><T18/><D18/><U60/><E60/><V127/><F127/><W104/><G104/><T3/><D3/><U14/><E14/><V47/><F47/><W17/><G131/><T105/><D105/><U92/><E92/><V79/><F72/><W64/><G17/><T51/><D118/><U135/><AGARI ba="2,0" hai="1,2,4,5,29,30,34,35,53,54,61,62,133,135" machi="135" ten="25,12000,1" yaku="0,1,22,2,52,2" doraHai="130" who="1" fromWho="1" sc="423,-42,333,126,228,-42,16,-42" owari="381,18.1,459,55.9,186,-21.4,-26,-52.6" /></mjloggm>