<mjloggm ver="2.3"><GO type="41" lobby="0"/><UN n0="%E2%93%9D%4C%75%63%6B%79%4A" n1="%E3%81%8D%E3%81%95" n2="%E3%81%AD%E3%81%93%E3%81%BE%E3%81%A4%E3%82%8A" n3="%62%61%62%61%73%75%62%61" dan="17,15,15,13" rate="2144.04,1979.62,1931.90,1933.78" sx="M,M,M,M"/><TAIKYOKU oya="0"/><INIT seed="0,0,0,0,3,7" ten="250,250,250,250" oya="0" hai0="66,92,23,4,31,53,32,95,3,8,108,19,117" hai1="104,100,116,110,30,10,13,125,28,38,34,93,73" hai2="54,78,5,1,41,45,99,2,65,63,113,91,51" hai3="129,16,37,48,76,11,18,90,57,6,39,88,35"/><T72/><D117/><U121/><E38/><V17/><F113/><W109/><G35/><T118/><D118/><U114/><E73/><V119/><F119/><W24/><G76/><T27/><D72/><U56/><E104/><V75/><F75/><W47/><G109/><T128/><D128/><U105/><E110/><V126/><F78/><W64/><G129/><T97/><D108/><U42/><E42/><V25/><F126/><W79/><G79/><T58/><D66/><U87/><E105/><V123/><F123/><W120/><G39/><T68/><D68/><U62/><E125/><V59/><F65/><W61/><G61/><BYE who="3" /><T14/><REACH who="0" step="1"/><D97/><REACH who="0" ten="240,250,250,250" step="2"/><U85/><E116/><V12/><F99/><W133/><G133/><T36/><D36/><U122/><E121/><V127/><F127/><W83/><G83/><T115/><D115/><U9/><E122/><UN n3="%62%61%62%61%73%75%62%61" /><V0/><F0/><W112/><G37/><T29/><D29/><U22/><E114/><V134/><F2/><W67/><G112/><T40/><D40/><U81/><E81/><V132/><F1/><W46/><G64/><T107/><D107/><U135/><E135/><V33/><F41/><W84/><G67/><T55/><D55/><U77/><E28/><V71/><F71/><W80/><G120/><T49/><AGARI ba="0,1" hai="3,4,8,14,19,23,27,31,32,49,53,58,92,95" machi="49" ten="20,24000,3" yaku="1,1,0,1,7,1,24,2,52,1,53,2" doraHai="7" doraHaiUra="89" who="0" fromWho="0" sc="240,250,250,-80,250,-80,250,-80" /><INIT seed="0,1,0,1,1,81" ten="490,170,170,170" oya="0" hai0="87,111,38,44,55,99,106,102,61,90,31,83,117" hai1="76,103,119,51,13,39,63,78,101,54,66,95,69" hai2="82,129,75,133,16,46,120,132,65,40,93,4,9" hai3="128,17,79,23,53,110,48,37,91,62,59,104,21"/><T41/><D111/><U43/><E119/><V30/><F120/><W116/><G37/><T0/><D117/><U50/><E13/><V134/><F129/><W94/><G104/><T109/><D109/><U122/><E122/><V1/><F65/><W88/><G128/><T14/><D31/><U11/><E11/><V34/><F93/><W131/><G131/><T100/><D102/><U72/><E72/><V121/><F121/><W68/><G91/><T135/><D135/><U47/><E50/><V25/><F82/><W32/><G32/><T115/><D0/><U113/><E113/><V27/><F75/><W57/><G68/><T67/><D14/><U96/><REACH who="1" step="1"/><E103/><REACH who="1" ten="490,160,170,170" step="2"/><V6/><F6/><W24/><G110/><T8/><D8/><U22/><E22/><V5/><F5/><W105/><G116/><T64/><REACH who="0" step="1"/><D115/><REACH who="0" ten="480,160,170,170" step="2"/><U130/><E130/><V7/><F134/><W89/><G24/><T12/><D12/><U36/><E36/><V3/><F133/><W84/><G21/><T60/><D60/><U35/><E35/><V26/><F132/><W52/><G23/><T19/><D19/><U126/><E126/><V98/><F26/><W127/><G17/><T28/><D28/><U97/><E97/><V20/><F98/><W73/><G127/><T125/><D125/><U33/><E33/><V80/><F27/><W49/><G62/><T107/><D107/><U2/><E2/><V42/><F20/><W56/><G105/><T124/><D124/><U45/><AGARI ba="1,2" hai="39,43,45,47,51,54,63,66,69,76,78,95,96,101" machi="45" ten="20,5200,0" yaku="1,1,0,1,7,1,53,1" doraHai="81" doraHaiUra="71" who="1" fromWho="1" sc="480,-27,160,75,170,-14,170,-14" /><INIT seed="1,0,0,1,0,108" ten="453,235,156,156" oya="1" hai0="97,53,50,115,125,116,32,59,45,42,10,121,28" hai1="99,62,133,67,33,105,15,110,107,29,112,64,22" hai2="14,98,58,106,6,122,3,26,60,79,94,8,104" hai3="124,102,38,17,70,65,120,134,9,46,135,37,128"/><U93/><E133/><N who="3" m="50698" /><G102/><T2/><D116/><U5/><E33/><V101/><F122/><W130/><G17/><T13/><D125/><U119/><E119/><V69/><F69/><W52/><G9/><T55/><D121/><U113/><E110/><V12/><F79/><W4/><G4/><T0/><D55/><U76/><E76/><V34/><F34/><W54/><G120/><T80/><D115/><U127/><E127/><V81/><F81/><W30/><G30/><T83/><D97/><U21/><E5/><V20/><F14/><W47/><G124/><T74/><D74/><U43/><E43/><V82/><F82/><W36/><G65/><T40/><D42/><U19/><E67/><V118/><F118/><W117/><G70/><T86/><D83/><U95/><E95/><V91/><F3/><W123/><G123/><T48/><D28/><U78/><E78/><V85/><F85/><W16/><G16/><T7/><REACH who="0" step="1"/><D32/><REACH who="0" ten="443,235,156,156" step="2"/><U126/><E126/><V131/><F101/><W35/><G35/><T100/><D100/><U39/><E113/><V23/><F106/><W92/><G117/><T132/><D132/><U87/><E112/><V31/><F104/><W61/><G54/><T24/><D24/><N who="1" m="16527" /><E107/><V114/><F114/><W18/><G92/><T11/><D11/><U56/><E105/><V25/><F31/><W89/><G89/><AGARI ba="0,1" hai="0,2,7,10,13,40,45,48,50,53,59,80,86,89" machi="89" ten="30,3900,0" yaku="1,1,7,1,53,1" doraHai="108" doraHaiUra="41" who="0" fromWho="3" sc="443,49,235,0,156,0,156,-39" /><INIT seed="2,0,0,3,3,70" ten="492,235,156,117" oya="2" hai0="98,135,45,39,86,82,22,43,134,61,124,9,14" hai1="49,37,18,126,131,51,83,11,123,91,50,38,128" hai2="0,72,24,100,121,26,80,93,76,106,55,6,129" hai3="71,13,110,95,36,42,20,87,5,94,53,62,23"/><V127/><F121/><W64/><G110/><T25/><D98/><U117/><E117/><V10/><F129/><N who="1" m="49737" /><E123/><V33/><F127/><W125/><G125/><T2/><D124/><U107/><E107/><V17/><F106/><W113/><G113/><T88/><BYE who="3" /><D61/><U56/><E56/><V73/><F73/><W69/><G69/><T57/><D57/><U116/><E116/><V35/><F26/><W60/><G60/><T63/><D63/><U101/><E101/><V3/><F3/><W122/><G122/><T78/><D78/><U47/><E47/><V133/><F133/><W4/><G4/><UN n3="%62%61%62%61%73%75%62%61" /><T75/><D75/><U32/><E32/><V28/><F35/><W111/><G53/><T81/><D82/><U40/><E40/><V89/><F100/><W58/><G71/><T104/><D2/><U105/><E105/><V97/><F55/><W21/><G87/><T84/><D86/><N who="1" m="50655" /><E126/><V30/><F30/><W59/><G59/><T29/><REACH who="0" step="1"/><D104/><REACH who="0" ten="482,235,156,117" step="2"/><U68/><E68/><V31/><REACH who="2" step="1"/><F31/><REACH who="2" ten="482,235,146,117" step="2"/><W115/><G64/><T27/><D27/><U118/><E118/><V85/><F85/><W1/><G1/><T41/><D41/><U120/><E120/><V7/><F7/><AGARI ba="0,2" hai="7,9,14,22,25,29,39,43,45,81,84,88,134,135" machi="7" ten="40,5200,0" yaku="1,1,52,1,54,1,53,0" doraHai="70" doraHaiUra="74" who="0" fromWho="2" sc="482,72,235,0,146,-52,117,0" /><INIT seed="3,0,0,0,3,23" ten="554,235,94,117" oya="3" hai0="131,18,52,110,75,62,127,2,93,43,16,114,61" hai1="120,48,106,24,129,7,5,89,130,0,53,71,51" hai2="6,9,134,96,47,55,122,66,31,46,63,111,100" hai3="117,49,74,119,44,118,107,88,94,11,90,50,21"/><W37/><G107/><T95/><D2/><U128/><E71/><V72/><F111/><W78/><G37/><T80/><D110/><U56/><E120/><V67/><F122/><W99/><G49/><T125/><D131/><U35/><E106/><V17/><F72/><W36/><G36/><T41/><D80/><U29/><E0/><V97/><F134/><W1/><G21/><T40/><D75/><U79/><E79/><V58/><F17/><N who="0" m="6762" /><D114/><U13/><E13/><V15/><F31/><W115/><G115/><T14/><D14/><U45/><E89/><V60/><F97/><W28/><G28/><T68/><D68/><U20/><E35/><V64/><REACH who="2" step="1"/><F60/><REACH who="2" ten="554,235,84,117" step="2"/><N who="0" m="23146" /><D52/><AGARI ba="0,1" hai="5,7,20,24,29,45,48,51,52,53,56,128,129,130" machi="52" ten="40,5200,0" yaku="19,1,52,1,54,1" doraHai="23" who="1" fromWho="0" sc="554,-52,235,62,84,0,117,0" /><INIT seed="4,0,0,1,4,95" ten="502,297,84,117" oya="0" hai0="1,112,35,19,122,106,84,77,123,129,29,69,98" hai1="45,96,133,100,26,121,105,9,43,27,28,66,52" hai2="128,124,23,91,20,65,107,71,36,117,50,113,56" hai3="111,135,108,6,81,101,14,67,97,76,4,59,24"/><T126/><D1/><U118/><E118/><V2/><F2/><W12/><G135/><T53/><D69/><U3/><E133/><V13/><F107/><W41/><G41/><T116/><D19/><U44/><E66/><V64/><F36/><W7/><G24/><T25/><D112/><U17/><E121/><V132/><F132/><W120/><G120/><T15/><D126/><U10/><E17/><V73/><F73/><W75/><G67/><T78/><D129/><U94/><E105/><V110/><F128/><W109/><REACH who="3" step="1"/><G59/><REACH who="3" ten="502,297,84,107" step="2"/><T127/><D25/><U11/><E43/><V21/><F124/><W103/><G103/><T30/><D123/><U38/><E27/><V83/><F71/><W86/><G86/><T47/><D84/><U34/><E26/><V0/><F117/><W5/><N who="3" m="1024" /><DORA hai="51" /><W70/><G70/><T55/><BYE who="3" /><D122/><UN n3="%62%61%62%61%73%75%62%61" /><U16/><E3/><V93/><F0/><W99/><G99/><T85/><D85/><U54/><E100/><V130/><F130/><W114/><G114/><T115/><D115/><U68/><E96/><V88/><F113/><W22/><G22/><T79/><D116/><U63/><E68/><V48/><F23/><W125/><G125/><T90/><D127/><U8/><E34/><V104/><F21/><W87/><G87/><T32/><D35/><U39/><E8/><V42/><F20/><W40/><G40/><T134/><D32/><U60/><E9/><V61/><F42/><W46/><G46/><T92/><D47/><U18/><E45/><V49/><F65/><W37/><G37/><T72/><D134/><RYUUKYOKU ba="0,1" sc="502,-10,297,-10,84,-10,107,30" hai3="12,14,75,76,81,97,101,108,109,111" /><INIT seed="5,1,1,3,0,103" ten="492,287,74,137" oya="1" hai0="16,1,57,62,107,122,116,17,101,118,47,127,50" hai1="58,30,25,14,59,38,91,110,121,20,29,56,95" hai2="109,77,100,52,42,106,74,114,4,7,2,71,99" hai3="40,79,104,11,123,105,31,48,97,70,81,54,132"/><U43/><E110/><V41/><F109/><W61/><G123/><T113/><D1/><U94/><E121/><V73/><F71/><W115/><G40/><T112/><D122/><U46/><E94/><V55/><F114/><N who="0" m="44138" /><D127/><U124/><E124/><V108/><F108/><W89/><G31/><T24/><D24/><U67/><E14/><V60/><F2/><W82/><G132/><T18/><D50/><U78/><E78/><V44/><F74/><W39/><G39/><T86/><D47/><U65/><REACH who="1" step="1"/><E29/><REACH who="1" ten="492,277,74,137" step="2"/><V75/><F77/><W69/><G79/><T76/><D76/><U102/><E102/><V120/><F120/><W19/><G115/><T37/><D86/><AGARI ba="1,2" hai="20,25,30,38,43,46,56,58,59,65,67,86,91,95" machi="86" ten="40,2000,0" yaku="1,1,53,0" doraHai="103" doraHaiUra="93" who="1" fromWho="0" sc="492,-23,277,43,74,0,137,0" /><INIT seed="5,2,0,0,1,114" ten="469,320,74,137" oya="1" hai0="95,40,123,82,21,118,69,84,10,100,93,43,59" hai1="106,60,79,12,3,83,0,91,45,49,15,103,18" hai2="26,73,67,89,120,124,130,119,125,96,5,68,55" hai3="30,50,87,32,61,129,39,29,122,88,9,116,77"/><U80/><E106/><V23/><F120/><W134/><G39/><T41/><D69/><U75/><E103/><V113/><F73/><W24/><G122/><T46/><D118/><U117/><E117/><V28/><F130/><W64/><G129/><T78/><D123/><U56/><E12/><V16/><F119/><W127/><G134/><T110/><D110/><U19/><E91/><V126/><F113/><W44/><G30/><T35/><D35/><U25/><E25/><V115/><F115/><W131/><G127/><T128/><D10/><U57/><E57/><V66/><F68/><W121/><G121/><T58/><D46/><U99/><E99/><V7/><F55/><W17/><G77/><T53/><D59/><U72/><E18/><V112/><F112/><W90/><G87/><T85/><D100/><U37/><E37/><V108/><F108/><W48/><G131/><T54/><D54/><U6/><E6/><N who="2" m="2059" /><F28/><W62/><G44/><T70/><D70/><U36/><E36/><V47/><F47/><W63/><G64/><T8/><D128/><U52/><E80/><V71/><F71/><W111/><G111/><T98/><D82/><U76/><E76/><V34/><F34/><W14/><G116/><T27/><D78/><U1/><E75/><V65/><F65/><W109/><G109/><T86/><D53/><U33/><E33/><V102/><F89/><W104/><REACH who="3" step="1"/><G104/><AGARI ba="2,0" hai="16,23,26,66,67,96,102,104,124,125,126" m="2059" machi="104" ten="30,2000,0" yaku="18,1,54,1" doraHai="114" who="2" fromWho="3" sc="469,0,320,0,74,26,137,-26" /><INIT seed="6,0,0,5,1,9" ten="469,320,100,111" oya="2" hai0="73,111,23,102,34,84,83,10,117,67,69,99,43" hai1="4,77,24,21,51,0,13,27,11,63,108,40,25" hai2="90,81,62,104,122,30,33,66,96,19,44,121,17" hai3="116,72,36,15,93,124,85,65,107,74,5,133,32"/><V68/><F44/><W56/><G32/><T126/><D34/><U8/><E108/><V14/><F81/><W118/><G36/><T92/><D126/><U131/><E77/><V115/><F115/><W7/><G107/><T60/><D117/><U100/><E100/><N who="2" m="62471" /><F90/><W113/><G124/><T42/><D111/><U48/><E63/><V75/><F17/><W12/><G113/><T87/><D73/><U6/><E131/><V31/><F31/><W86/><G65/><T119/><D119/><U29/><E51/><V61/><F61/><W132/><G56/><T106/><D106/><U80/><E80/><V101/><F101/><W78/><G93/><T28/><D83/><U123/><E123/><V59/><F59/><W16/><G16/><T57/><D57/><U109/><E109/><V71/><F71/><W49/><G49/><T112/><D112/><U64/><E64/><V135/><F75/><W129/><G129/><T20/><D28/><N who="1" m="17423" /><E48/><V54/><F54/><W134/><G134/><T98/><D67/><U105/><E40/><V53/><F53/><W35/><G35/><T88/><D43/><U70/><E70/><V110/><F110/><W18/><G18/><T128/><D42/><U37/><E105/><V22/><F135/><W50/><G50/><T97/><D102/><U26/><E37/><V1/><F1/><W2/><G78/><T47/><D69/><U3/><E3/><AGARI ba="0,0" hai="2,3,5,7,12,15,72,74,85,86,116,118,132,133" machi="3" ten="25,6400,0" yaku="22,2,52,2" doraHai="9" who="3" fromWho="1" sc="469,0,320,-64,100,0,111,64" /><INIT seed="7,0,0,5,4,112" ten="469,256,100,175" oya="3" hai0="75,92,56,36,98,39,81,119,132,48,18,118,91" hai1="133,93,83,60,28,120,44,69,85,50,96,15,62" hai2="22,102,52,126,1,58,123,32,129,37,76,47,77" hai3="0,5,114,19,27,61,110,4,67,31,13,73,7"/><W64/><G73/><T109/><D18/><U107/><E120/><V82/><F32/><W134/><G114/><T121/><D48/><U125/><E125/><V11/><F126/><W124/><G124/><T40/><D56/><U95/><E107/><V10/><F102/><W89/><G134/><T51/><D51/><U97/><E28/><V24/><F129/><W135/><G0/><T65/><D65/><U72/><E72/><V88/><F1/><W71/><G67/><T20/><D20/><U128/><E128/><V2/><F2/><W117/><G117/><T99/><D40/><U9/><E69/><V29/><F123/><W66/><G66/><T100/><D121/><U111/><E111/><V35/><F47/><W90/><G135/><T33/><D33/><U43/><E95/><V23/><F37/><N who="0" m="14410" /><D99/><N who="1" m="37963" /><E93/><V105/><F105/><W130/><G130/><T113/><D113/><U74/><E74/><V127/><F127/><W78/><G78/><N who="0" m="44255" /><D132/><U94/><E94/><V14/><F35/><W80/><G80/><T59/><D59/><U42/><E42/><V17/><F77/><W84/><G84/><N who="0" m="52327" /><D109/><U63/><E133/><V34/><F34/><W6/><G90/><T16/><D16/><N who="1" m="8303" /><E60/><V41/><F41/><W38/><G89/><AGARI ba="0,0" hai="43,44,50,62,63,83,85,89" m="8303,37963" machi="89" ten="30,2000,0" yaku="8,1,54,1" doraHai="112" who="1" fromWho="3" sc="469,0,256,20,100,0,175,-20" owari="469,56.9,276,7.6,100,-40.0,155,-24.5" /></mjloggm>