<mjloggm ver="2.3"><GO type="41" lobby="0"/><UN n0="%E4%BA%8C%E9%9A%8E%E5%A0%82%E7%9C%9F%E7%B4%85%E3%81%A1%E3%82%83%E3%82%93" n1="%E2%93%9D%4C%75%63%6B%79%4A" n2="%2F%52%73" n3="%33%6E%73%73%45%72%64%41" dan="14,18,13,15" rate="1986.84,2196.47,1955.36,1985.89" sx="M,M,F,M"/><TAIKYOKU oya="0"/><INIT seed="0,0,0,1,1,73" ten="250,250,250,250" oya="0" hai0="110,131,4,98,114,102,9,124,129,89,69,28,36" hai1="59,100,95,35,20,53,47,87,132,120,25,81,71" hai2="64,74,123,27,23,17,14,31,1,29,122,93,18" hai3="76,135,70,12,13,118,0,117,2,51,126,108,44"/><T105/><D114/><U119/><E35/><V78/><F74/><W40/><G108/><T83/><D36/><U56/><E71/><V52/><F64/><W121/><G121/><T80/><D69/><U3/><E3/><V58/><F78/><W107/><G135/><T115/><D115/><U85/><E119/><V130/><F1/><W90/><G126/><T60/><D60/><U82/><E132/><V68/><F68/><W22/><G107/><T41/><D41/><U127/><E127/><V16/><F130/><N who="0" m="49674" /><D28/><U128/><E120/><V96/><F31/><W106/><G106/><T8/><D8/><U55/><E47/><V62/><REACH who="2" step="1"/><F14/><REACH who="2" ten="250,250,240,250" step="2"/><W75/><G13/><N who="0" m="5287" /><D124/><U42/><E128/><V63/><F63/><W86/><G2/><T48/><D110/><U84/><E82/><V66/><F66/><W88/><G0/><T109/><D109/><U50/><E81/><V65/><F65/><W30/><G30/><T77/><D77/><U49/><E42/><V104/><F104/><W97/><G40/><T34/><D83/><U11/><E11/><V133/><F133/><W10/><G10/><T125/><D125/><U79/><E79/><V24/><F24/><W39/><G76/><T111/><D111/><U32/><E25/><V61/><F61/><W113/><G70/><T43/><D80/><U99/><E32/><V15/><F15/><W19/><G12/><T103/><D34/><U26/><E26/><V54/><F54/><W46/><G75/><T94/><D105/><U45/><E20/><V91/><AGARI ba="0,1" hai="16,17,18,23,27,29,52,58,62,91,93,96,122,123" machi="91" ten="30,7900,0" yaku="1,1,0,1,54,2,53,0" doraHai="73" doraHaiUra="33" who="2" fromWho="2" sc="250,-39,250,-20,240,89,250,-20" /><INIT seed="1,0,0,0,5,131" ten="211,230,329,230" oya="1" hai0="134,79,106,48,57,88,72,9,82,24,110,98,22" hai1="33,113,0,96,16,117,132,55,51,91,1,10,126" hai2="93,5,28,71,76,18,127,101,103,109,77,19,40" hai3="6,86,124,115,66,46,35,49,73,44,64,133,8"/><U21/><E113/><V128/><F71/><W104/><G73/><T118/><D118/><U129/><E117/><V80/><F109/><W15/><G115/><T75/><D110/><U20/><E33/><V85/><F5/><W32/><G104/><T45/><D57/><U135/><E126/><V4/><F4/><W102/><G124/><T122/><D122/><U67/><E67/><V62/><F28/><W41/><G102/><N who="2" m="38921" /><F40/><W7/><G7/><T116/><D106/><U38/><E38/><V61/><F76/><W111/><G111/><T90/><D75/><U42/><E42/><V89/><F128/><W13/><G13/><T84/><D72/><U65/><E65/><V37/><F37/><W83/><G46/><T125/><D125/><U11/><E91/><V54/><F127/><W52/><G35/><T120/><D120/><U87/><E87/><N who="2" m="48527" /><F54/><W63/><G32/><T100/><D100/><U34/><E34/><V107/><F107/><W92/><G66/><T53/><D116/><U25/><E96/><V119/><F119/><W81/><G41/><T26/><D98/><U17/><E55/><V130/><F130/><W12/><G12/><T29/><D90/><U97/><E97/><V114/><F114/><W99/><G99/><T30/><D88/><U94/><E129/><V69/><F69/><W47/><G6/><T108/><D108/><U56/><E56/><V27/><F27/><W36/><G36/><T74/><D53/><U95/><E25/><V121/><F121/><W58/><G64/><T78/><D26/><U2/><E2/><V50/><F50/><AGARI ba="0,0" hai="0,1,10,11,16,17,20,21,50,51,94,95,132,135" machi="50" ten="25,18000,2" yaku="6,1,22,2,52,2,54,1" doraHai="131" who="1" fromWho="2" sc="211,0,230,180,329,-180,230,0" /><INIT seed="1,1,0,4,4,99" ten="211,410,149,230" oya="1" hai0="20,14,48,106,65,19,8,74,80,100,75,98,135" hai1="90,1,63,94,104,105,68,132,10,134,36,33,52" hai2="76,124,56,89,60,49,43,21,61,101,109,122,55" hai3="107,91,4,62,110,93,59,128,24,53,40,78,32"/><U69/><E33/><V95/><F109/><W126/><G107/><N who="1" m="41034" /><E10/><V23/><F122/><W6/><G110/><T22/><D135/><N who="1" m="51755" /><E1/><V133/><F76/><W25/><G128/><T5/><D65/><U9/><E9/><V81/><F133/><W30/><G126/><T15/><D22/><N who="2" m="8202" /><F43/><W115/><G115/><T50/><REACH who="0" step="1"/><D80/><REACH who="0" ten="201,410,149,230" step="2"/><U87/><E36/><V130/><F130/><W114/><G114/><T44/><D44/><U67/><E67/><V41/><F81/><W79/><G32/><T84/><D84/><U34/><E34/><V64/><F64/><W47/><G47/><T58/><D58/><AGARI ba="1,1" hai="52,58,63,68,69,87,90,94" m="51755,41034" machi="58" ten="30,2900,0" yaku="20,1,54,1" doraHai="99" who="1" fromWho="0" sc="201,-32,410,42,149,0,230,0" /><INIT seed="1,2,0,2,0,11" ten="169,452,149,230" oya="1" hai0="21,13,34,104,98,88,30,73,42,49,116,97,6" hai1="1,31,87,50,52,113,103,56,82,51,59,86,71" hai2="101,58,26,81,72,105,135,96,132,39,117,94,28" hai3="29,74,4,90,115,67,36,7,119,127,2,122,57"/><U92/><E71/><V41/><F117/><W124/><G74/><T84/><D73/><U108/><E113/><V17/><F94/><W129/><G36/><T118/><D34/><U40/><E1/><V60/><F17/><W19/><G67/><T20/><D104/><U77/><E108/><V110/><F58/><W79/><G79/><T15/><D118/><U75/><E31/><V123/><F60/><W70/><G57/><T106/><D106/><U62/><E40/><V64/><F64/><W35/><G90/><T32/><D32/><U16/><E103/><V10/><F10/><N who="3" m="2327" /><G70/><T22/><D30/><U3/><E3/><V24/><F24/><N who="3" m="18855" /><G119/><T78/><D6/><U43/><E92/><V25/><F25/><W91/><G7/><T0/><D0/><U95/><E95/><V12/><F41/><W23/><G91/><T126/><D78/><U55/><E43/><V107/><F39/><W102/><G102/><T93/><D116/><U18/><E62/><V133/><F81/><W48/><G48/><T66/><D66/><U109/><E109/><V47/><F72/><W68/><G68/><T85/><D85/><AGARI ba="2,0" hai="16,18,50,51,52,55,56,59,75,77,82,85,86,87" machi="85" ten="40,7700,0" yaku="9,1,54,2" doraHai="11" who="1" fromWho="0" sc="169,-83,452,83,149,0,230,0" /><INIT seed="1,3,0,2,2,130" ten="86,535,149,230" oya="1" hai0="2,126,29,113,18,42,93,69,60,28,112,102,7" hai1="117,106,67,14,9,27,90,71,119,37,134,31,111" hai2="4,63,84,72,0,128,129,5,22,65,109,81,132" hai3="40,6,44,46,52,51,121,89,8,103,66,133,118"/><U20/><E37/><V47/><F72/><W45/><G121/><T36/><D18/><U76/><E106/><V108/><F0/><W88/><G118/><T25/><D29/><U98/><E76/><N who="2" m="46119" /><F47/><W12/><G133/><T19/><D19/><U23/><E134/><V68/><F22/><W87/><G103/><T97/><D126/><U85/><E111/><N who="2" m="42571" /><F132/><W70/><G89/><T48/><D36/><U107/><E23/><V1/><F1/><W125/><G125/><T92/><D2/><U78/><E78/><V83/><F83/><W122/><G122/><T49/><D102/><U39/><E39/><V10/><F10/><W96/><G96/><T101/><D97/><U16/><E98/><V34/><F34/><W59/><G40/><T53/><D42/><U131/><E131/><AGARI ba="3,0" hai="4,5,63,65,68,128,129,131" m="42571,46119" machi="131" ten="30,2000,0" yaku="19,1,14,1" doraHai="130" who="2" fromWho="1" sc="86,0,535,-29,149,29,230,0" /><INIT seed="2,0,0,0,5,11" ten="86,506,178,230" oya="2" hai0="61,31,119,32,37,58,102,94,82,104,132,20,84" hai1="120,39,121,92,116,97,40,83,74,41,17,95,56" hai2="64,4,89,101,86,49,91,113,100,99,21,15,3" hai3="78,66,38,131,42,129,16,8,80,57,126,76,6"/><V1/><F113/><W125/><G38/><T29/><D32/><U88/><E39/><V108/><F64/><W81/><G42/><T25/><D37/><U44/><E116/><V47/><F1/><W43/><G43/><T124/><D104/><U9/><E95/><N who="2" m="58495" /><F3/><W114/><G114/><T18/><D124/><N who="3" m="47721" /><G66/><T69/><D69/><U90/><E56/><V112/><F101/><W22/><G57/><T54/><D132/><U12/><E44/><V0/><F0/><W30/><G30/><T14/><D119/><U87/><REACH who="1" step="1"/><E74/><REACH who="1" ten="86,496,178,230" step="2"/><V130/><F47/><W59/><G59/><T51/><D61/><U109/><E109/><V75/><F75/><W85/><G81/><T134/><D134/><U72/><E72/><V105/><F49/><W68/><G68/><T110/><D110/><U2/><E2/><V135/><F135/><W107/><G107/><T53/><D51/><U79/><E79/><V133/><F105/><W77/><G78/><T127/><D58/><U55/><E55/><V7/><F133/><W115/><G77/><N who="0" m="46159" /><D127/><U24/><E24/><V63/><F63/><W60/><G60/><T98/><D25/><U67/><E67/><V62/><F62/><W13/><G115/><T35/><D35/><U128/><E128/><V96/><F130/><W52/><G52/><AGARI ba="0,1" hai="14,18,20,29,31,52,53,54,94,98,102" m="46159" machi="52" ten="30,3900,0" yaku="8,1,52,1,54,1" doraHai="11" who="0" fromWho="3" sc="86,49,496,0,178,0,230,-39" /><INIT seed="3,0,0,4,4,80" ten="135,496,178,191" oya="3" hai0="77,113,72,46,125,123,13,21,131,6,73,121,76" hai1="111,90,122,70,85,74,9,109,0,127,30,38,23" hai2="134,107,4,1,29,27,93,82,8,51,56,98,115" hai3="91,15,42,120,130,35,3,106,41,128,59,110,25"/><W22/><G120/><T89/><D89/><U34/><BYE who="0" /><E70/><V119/><F107/><W101/><G3/><T133/><D133/><U132/><E38/><V94/><F115/><W108/><G35/><T135/><D135/><U48/><E74/><V81/><F119/><W57/><G15/><T16/><D16/><U17/><E48/><V54/><F93/><W39/><G106/><T66/><D66/><U64/><E64/><V10/><F10/><W104/><G104/><T68/><D68/><U49/><E49/><V60/><F51/><W14/><G14/><T11/><D11/><U86/><E127/><V95/><F95/><W61/><G101/><T19/><D19/><U105/><E122/><UN n0="%E4%BA%8C%E9%9A%8E%E5%A0%82%E7%9C%9F%E7%B4%85%E3%81%A1%E3%82%83%E3%82%93" /><V7/><F7/><W20/><G91/><T47/><D21/><N who="3" m="8297" /><G25/><T58/><D13/><N who="1" m="9647" /><E90/><V84/><F98/><W118/><G118/><T124/><D6/><N who="1" m="1223" /><E105/><V83/><F94/><W62/><G39/><T96/><D96/><U37/><E37/><V12/><F1/><W71/><G71/><T100/><D100/><U5/><E5/><V55/><F134/><W75/><G75/><T103/><D103/><U116/><E116/><V24/><F29/><W102/><G102/><T65/><D123/><U92/><E92/><V63/><F24/><W44/><G44/><T88/><D121/><U99/><E99/><V18/><F27/><W114/><G114/><T36/><D113/><U33/><E132/><V69/><F4/><W32/><G32/><N who="1" m="12394" /><E30/><V31/><F31/><W45/><G45/><N who="0" m="16907" /><D125/><U26/><E26/><V40/><F69/><W52/><G41/><T78/><D124/><RYUUKYOKU ba="0,0" sc="135,-10,496,30,178,-10,191,-10" hai1="85,86,109,111" /><INIT seed="4,1,0,4,1,3" ten="125,526,168,181" oya="0" hai0="62,123,15,4,83,78,86,26,116,135,12,21,84" hai1="11,0,110,23,85,66,67,100,16,128,112,73,24" hai2="13,61,68,5,10,108,30,106,104,107,91,29,65" hai3="25,97,55,125,40,1,46,81,69,28,36,58,9"/><T53/><D123/><U32/><E73/><V130/><F108/><W82/><G69/><T99/><D116/><U129/><E100/><V109/><F109/><W134/><G134/><T63/><D135/><U87/><E110/><V115/><F130/><N who="1" m="50281" /><E32/><V7/><F115/><W45/><G125/><T20/><D20/><U118/><E118/><V2/><REACH who="2" step="1"/><F91/><REACH who="2" ten="125,526,158,181" step="2"/><W71/><G81/><T8/><D15/><U105/><E112/><V35/><F35/><W77/><G82/><T48/><D99/><U72/><E72/><V96/><F96/><W79/><G97/><T31/><REACH who="0" step="1"/><D86/><REACH who="0" ten="115,526,158,181" step="2"/><N who="1" m="32779" /><E105/><V57/><F57/><AGARI ba="1,2" hai="4,8,12,21,26,31,48,53,57,62,63,78,83,84" machi="57" ten="30,11600,0" yaku="1,1,7,1,8,1,52,1,53,0" doraHai="3" doraHaiUra="70" who="0" fromWho="2" sc="115,139,526,0,158,-119,181,0" /><INIT seed="4,2,0,5,3,35" ten="254,526,39,181" oya="0" hai0="88,134,93,77,51,128,41,82,63,58,116,42,59" hai1="48,24,123,64,34,87,100,105,40,19,47,23,17" hai2="43,49,21,32,20,13,28,4,90,94,37,14,131" hai3="91,2,45,114,61,111,52,30,127,22,70,80,117"/><T10/><D116/><U11/><E123/><V125/><F37/><W9/><G111/><T99/><D134/><U83/><E34/><V5/><F43/><W69/><G127/><T98/><D128/><U103/><E105/><V120/><F49/><W8/><G114/><T84/><D10/><U72/><E72/><V18/><F120/><W46/><G117/><T73/><D59/><U121/><E64/><V106/><F106/><W25/><G9/><T119/><D119/><U1/><E121/><V65/><F65/><W110/><G110/><T135/><D135/><U89/><REACH who="1" step="1"/><E19/><REACH who="1" ten="254,516,39,181" step="2"/><N who="2" m="10351" /><F94/><W56/><G69/><T113/><D113/><U108/><E108/><V39/><F90/><W92/><G70/><T109/><D109/><U78/><E78/><V6/><F39/><W3/><G92/><T55/><D73/><U68/><E68/><V60/><F125/><W15/><G91/><T7/><D77/><U31/><E31/><V126/><F126/><W38/><G38/><T129/><D93/><U122/><E122/><V75/><F75/><W62/><G30/><T101/><D88/><U71/><E71/><V33/><F60/><W67/><G61/><T53/><D63/><U44/><E44/><V97/><F131/><W66/><G46/><T85/><D129/><U74/><E74/><V0/><F97/><W107/><G67/><T124/><D98/><U118/><E118/><V96/><F96/><W76/><G107/><T112/><D99/><U95/><E95/><V81/><F81/><W133/><G133/><T27/><D82/><U130/><E130/><V50/><F33/><RYUUKYOKU ba="2,1" sc="254,-10,516,30,39,-10,181,-10" hai1="1,11,17,23,24,40,47,48,83,87,89,100,103" /><INIT seed="5,3,1,2,0,2" ten="244,546,29,171" oya="1" hai0="122,52,85,23,18,75,24,79,116,132,36,49,110" hai1="86,101,73,72,103,88,84,81,80,38,28,99,98" hai2="57,87,25,3,43,46,8,10,71,16,7,119,32" hai3="27,128,126,102,70,135,22,130,17,69,76,31,117"/><U20/><E38/><V120/><F71/><W4/><G117/><T106/><D110/><U60/><E60/><V66/><F120/><W124/><G102/><N who="1" m="38922" /><E28/><V58/><F66/><W14/><G76/><T35/><D36/><U90/><E20/><V74/><F74/><W51/><G51/><T107/><D116/><U48/><E48/><V61/><F61/><W97/><G97/><T63/><D75/><N who="1" m="28747" /><E81/><V123/><F32/><W83/><G83/><T127/><D63/><U30/><E30/><V39/><F123/><W114/><G70/><T100/><D23/><U112/><E112/><V5/><F87/><W6/><G69/><T93/><D85/><U96/><E86/><V109/><F109/><W55/><G55/><T41/><D52/><U94/><AGARI ba="3,1" hai="80,84,88,90,94,96,98,99" m="28747,38922" machi="94" ten="30,18000,2" yaku="35,5,54,1" doraHai="2" who="1" fromWho="1" sc="244,-63,546,199,29,-63,171,-63" owari="181,-1.9,745,84.5,-34,-53.4,108,-29.2" /></mjloggm>