<mjloggm ver="2.3"><GO type="41" lobby="0"/><UN n0="%6F%79%6D%32%30%4E%4F%56" n1="%E3%83%9E%E3%83%83%E3%82%AF%E3%82%B9%E3%82%AD" n2="%E2%93%9D%4C%75%63%6B%79%4A" n3="%E3%83%91%E3%82%AB%E5%AD%90" dan="15,14,17,15" rate="1993.51,1927.17,2154.36,1920.62" sx="M,M,M,F"/><TAIKYOKU oya="0"/><INIT seed="0,0,0,1,4,47" ten="250,250,250,250" oya="0" hai0="26,130,29,16,65,78,40,134,35,31,3,109,83" hai1="17,107,119,55,123,69,39,131,80,24,34,21,25" hai2="103,50,45,52,67,2,71,64,68,97,74,89,66" hai3="41,18,106,93,88,5,0,62,118,22,1,124,60"/><T108/><D3/><U76/><E107/><V84/><F74/><W19/><G106/><T61/><D134/><U27/><E119/><V15/><F2/><W117/><G124/><T111/><D130/><U56/><E123/><V121/><F121/><W9/><G1/><T96/><D96/><U127/><E69/><V104/><REACH who="2" step="1"/><F15/><REACH who="2" ten="250,250,240,250" step="2"/><W75/><G75/><N who="0" m="43487" /><D40/><U85/><E131/><V82/><AGARI ba="0,1" hai="45,50,52,64,66,67,68,71,82,84,89,97,103,104" machi="82" ten="30,8000,1" yaku="1,1,0,1,52,1,54,1,53,1" doraHai="47" doraHaiUra="100" who="2" fromWho="2" sc="250,-40,250,-20,240,90,250,-20" /><INIT seed="1,0,0,0,4,79" ten="210,230,330,230" oya="1" hai0="4,59,16,7,47,134,29,104,109,119,96,22,71" hai1="62,97,17,37,130,21,28,66,56,110,113,35,118" hai2="115,122,15,43,61,86,120,102,106,68,116,69,57" hai3="44,74,125,34,94,48,76,18,52,111,31,12,73"/><U27/><E113/><V67/><F106/><W36/><G111/><T10/><D109/><U103/><E118/><V25/><F102/><W65/><G125/><T105/><D71/><N who="2" m="27210" /><F15/><W123/><G123/><N who="2" m="47145" /><F86/><W117/><G117/><T14/><D134/><U1/><E110/><V8/><F8/><W11/><G65/><T80/><D119/><U90/><E1/><V26/><F26/><W101/><G36/><T99/><D47/><U135/><E135/><V81/><F25/><W9/><G9/><T131/><D59/><U128/><E90/><V49/><F81/><W23/><G34/><T89/><D131/><U45/><E37/><V40/><F116/><W87/><G31/><T85/><D29/><U54/><E128/><V50/><F115/><W121/><G11/><T107/><REACH who="0" step="1"/><D4/><REACH who="0" ten="200,230,330,230" step="2"/><U2/><E130/><V95/><F95/><W32/><G94/><T33/><D33/><U132/><E132/><V60/><F61/><W82/><G32/><T127/><D127/><U126/><E126/><V6/><F6/><W70/><G121/><T78/><D78/><U84/><E35/><V124/><F124/><W20/><G76/><T75/><D75/><U42/><E28/><V112/><F112/><W3/><G74/><T100/><D100/><U63/><E63/><V41/><AGARI ba="0,1" hai="40,41,43,49,50,57,60,67" m="47145,27210" machi="41" ten="40,2700,0" yaku="34,2" doraHai="79" who="2" fromWho="2" sc="200,-7,230,-13,330,37,230,-7" /><INIT seed="2,0,0,1,2,6" ten="193,217,367,223" oya="2" hai0="107,84,108,110,100,14,20,115,130,26,7,123,99" hai1="94,21,24,23,31,116,135,95,121,34,38,81,97" hai2="92,65,13,25,35,120,131,32,71,103,126,91,119" hai3="78,2,5,57,11,60,73,102,58,12,18,72,77"/><V55/><F120/><W101/><G72/><T74/><D74/><U114/><E116/><V112/><F112/><W16/><G57/><T118/><D130/><U129/><E114/><V29/><F119/><W88/><G88/><T37/><D37/><U70/><E70/><V42/><F126/><W56/><G56/><T96/><D123/><U79/><E38/><V133/><F133/><W59/><G59/><T8/><D118/><U40/><E129/><V132/><F42/><W64/><G18/><T93/><D84/><U69/><E69/><V33/><F55/><W17/><G17/><T98/><D115/><U50/><E135/><V22/><F103/><W127/><G127/><T0/><D0/><U87/><E95/><V122/><F122/><W128/><G128/><T75/><D75/><U10/><E40/><V41/><F41/><W46/><G46/><T1/><D1/><U53/><E121/><V117/><F132/><W44/><G44/><T49/><D49/><U9/><E23/><V85/><F117/><W36/><G36/><T48/><D48/><U54/><E34/><V15/><REACH who="2" step="1"/><F131/><REACH who="2" ten="193,217,357,223" step="2"/><W104/><G102/><T111/><REACH who="0" step="1"/><D107/><REACH who="0" ten="183,217,357,223" step="2"/><U45/><REACH who="1" step="1"/><E53/><REACH who="1" ten="183,207,357,223" step="2"/><V105/><F105/><W134/><G134/><T83/><D83/><U61/><E61/><AGARI ba="0,3" hai="13,15,22,25,29,32,33,35,61,65,71,85,91,92" machi="61" ten="40,2000,0" yaku="1,1,53,0" doraHai="6" doraHaiUra="68" who="2" fromWho="1" sc="183,0,207,-20,357,50,223,0" /><INIT seed="2,1,0,2,3,133" ten="183,187,407,223" oya="2" hai0="68,70,105,11,45,115,66,62,31,49,98,71,61" hai1="60,84,72,69,95,130,121,97,46,50,63,13,38" hai2="132,135,48,85,18,64,74,124,7,34,93,47,86" hai3="107,55,65,14,40,87,12,129,67,99,102,128,110"/><V77/><F34/><W15/><G110/><T58/><D31/><U119/><E72/><V26/><F64/><W83/><G40/><N who="0" m="24743" /><D98/><U3/><E119/><V104/><F7/><W90/><REACH who="3" step="1"/><G55/><REACH who="3" ten="183,187,407,213" step="2"/><N who="0" m="34015" /><D105/><U16/><E38/><V134/><F104/><W37/><G37/><T88/><D11/><U91/><E121/><V39/><F39/><W19/><G19/><T100/><D100/><U126/><E16/><V108/><F18/><W4/><G4/><T0/><D0/><U112/><E3/><V117/><F135/><W109/><G109/><T96/><D96/><U52/><E97/><V36/><F134/><W56/><G56/><N who="0" m="37191" /><D88/><U54/><E91/><V120/><F132/><W82/><G82/><T79/><D79/><U73/><E95/><V44/><F93/><W101/><G101/><T76/><D76/><U20/><E130/><AGARI ba="1,1" hai="12,14,15,65,67,83,87,90,99,102,107,128,129,130" machi="130" ten="40,2600,0" yaku="1,1,19,1,53,0" doraHai="133" doraHaiUra="30" who="3" fromWho="1" sc="183,0,187,-29,407,0,213,39" /><INIT seed="3,0,0,4,0,44" ten="183,158,407,252" oya="3" hai0="104,40,103,66,85,116,34,132,64,107,65,2,77" hai1="4,106,41,111,88,31,101,96,5,7,37,69,94" hai2="50,29,113,84,110,80,15,8,127,23,78,54,17" hai3="48,46,32,119,19,18,45,53,121,122,97,109,33"/><W102/><G119/><T43/><D34/><U92/><E69/><V114/><F127/><W130/><G130/><T123/><D2/><U112/><E112/><V70/><F70/><W75/><G75/><T133/><D116/><U82/><E111/><V27/><REACH who="2" step="1"/><F110/><REACH who="2" ten="183,158,397,252" step="2"/><W3/><G109/><T128/><D123/><U6/><E31/><V62/><F62/><W90/><G122/><T95/><D128/><U59/><E4/><V117/><F117/><W39/><G121/><T25/><D107/><U0/><E5/><V125/><F125/><W72/><G33/><T118/><D104/><U131/><E6/><V124/><F124/><W55/><G32/><T74/><D118/><U14/><E106/><V30/><F30/><W58/><G3/><T89/><D133/><U9/><E131/><V93/><F93/><W63/><G63/><T13/><D132/><U60/><E94/><V49/><F49/><W68/><G68/><T83/><D103/><U126/><E126/><V98/><F98/><W73/><G97/><T120/><D120/><U71/><E71/><V21/><F21/><W87/><G102/><T61/><D61/><U115/><E101/><V57/><AGARI ba="0,1" hai="8,15,17,23,27,29,50,54,57,78,80,84,113,114" machi="57" ten="20,8000,1" yaku="1,1,0,1,7,1,52,1,53,1" doraHai="44" doraHaiUra="11" who="2" fromWho="2" sc="183,-20,158,-20,397,90,252,-40" /><INIT seed="4,0,0,5,5,60" ten="163,138,487,212" oya="0" hai0="34,55,38,63,117,118,130,16,20,100,104,70,97" hai1="79,107,101,73,11,111,27,85,51,49,64,42,50" hai2="23,32,125,26,12,15,113,54,75,126,9,114,71" hai3="18,86,94,109,14,58,19,35,10,98,131,91,76"/><T102/><D130/><U48/><E111/><V92/><F75/><W122/><G131/><T72/><D34/><U61/><E73/><V52/><F92/><W57/><G35/><T8/><D72/><U28/><E107/><V135/><F71/><W89/><G109/><T103/><D38/><U66/><E101/><V5/><F135/><W93/><G122/><T39/><D39/><U106/><E106/><V108/><F108/><W78/><G19/><T43/><D43/><U82/><E61/><V68/><F68/><W41/><G41/><T13/><D118/><U119/><E119/><V40/><F40/><W65/><G58/><T0/><D117/><U22/><REACH who="1" step="1"/><E11/><REACH who="1" ten="163,128,487,212" step="2"/><V90/><F9/><W25/><G10/><T47/><D103/><U123/><E123/><V96/><F126/><W133/><G133/><T67/><D102/><U30/><E30/><V116/><F125/><W132/><G132/><T95/><D104/><U24/><E24/><V124/><F26/><W2/><G25/><T56/><D8/><U121/><E121/><V74/><F74/><W77/><G2/><T129/><D129/><U115/><E115/><V69/><F114/><W29/><G29/><T6/><D0/><U33/><E33/><V81/><F32/><W53/><G14/><T37/><D6/><U127/><E127/><V80/><F5/><W4/><G4/><T87/><D37/><U7/><E7/><V36/><F36/><W21/><G18/><T84/><D70/><U45/><AGARI ba="0,1" hai="22,27,28,42,45,48,49,50,51,64,66,79,82,85" machi="45" ten="30,8000,1" yaku="1,1,0,1,8,1,52,2,53,0" doraHai="60" doraHaiUra="128" who="1" fromWho="1" sc="163,-40,128,90,487,-20,212,-20" /><INIT seed="5,0,0,4,2,68" ten="123,218,467,192" oya="1" hai0="8,113,62,85,26,81,64,69,114,48,32,105,97" hai1="124,53,60,98,49,56,72,92,79,10,45,61,71" hai2="76,51,59,65,40,104,130,52,101,57,102,100,89" hai3="18,123,120,78,44,5,126,133,16,118,99,94,11"/><U131/><E131/><V15/><F130/><W27/><G133/><T43/><D8/><U116/><E116/><V39/><F76/><W128/><G128/><T28/><D48/><U66/><E124/><V63/><F89/><W3/><G126/><T2/><D43/><U31/><E31/><V107/><REACH who="2" step="1"/><F15/><REACH who="2" ten="123,218,457,192" step="2"/><W74/><G78/><T30/><D2/><U109/><E109/><V82/><F82/><W111/><G111/><T17/><D30/><U24/><E79/><V55/><F55/><W121/><G121/><T7/><D7/><U88/><E72/><V73/><F73/><W9/><G74/><T117/><D117/><U91/><E24/><V33/><F33/><W42/><G27/><T35/><D35/><U106/><E106/><V80/><F80/><W75/><G75/><T67/><D17/><U34/><E34/><V83/><F83/><W20/><G118/><T47/><D64/><U112/><E112/><V115/><F115/><W12/><G120/><T38/><D81/><U46/><E91/><V86/><F86/><W6/><G123/><T36/><D85/><U77/><E77/><V58/><F58/><W96/><G18/><T41/><D36/><U93/><E93/><V108/><F108/><W132/><G94/><T122/><D122/><U135/><E135/><V21/><F21/><W13/><G132/><T87/><D87/><U22/><E22/><V4/><F4/><W84/><G84/><T1/><D1/><U70/><E10/><V23/><F23/><W0/><G12/><T129/><D129/><U103/><E88/><V29/><F29/><RYUUKYOKU ba="0,1" sc="123,0,218,0,457,0,192,0" hai0="26,28,32,38,41,47,62,67,69,97,105,113,114" hai1="45,46,49,53,56,60,61,66,70,71,92,98,103" hai2="39,40,51,52,57,59,63,65,100,101,102,104,107" hai3="0,3,5,6,9,11,13,16,20,42,44,96,99" /><INIT seed="5,1,1,0,1,135" ten="123,218,457,192" oya="1" hai0="13,5,3,98,59,45,76,109,95,106,64,61,21" hai1="66,30,20,35,67,94,49,126,28,124,91,8,9" hai2="60,50,62,24,112,19,44,80,51,56,34,0,15" hai3="118,99,47,75,4,74,57,2,40,16,58,107,92"/><U68/><E35/><V119/><F119/><W41/><G118/><T116/><D116/><U26/><E30/><V31/><F0/><W12/><G107/><T83/><D109/><U121/><E121/><V46/><F80/><W70/><G70/><T133/><D133/><U104/><E104/><V33/><F112/><W97/><G2/><T6/><D106/><U115/><E115/><V7/><F7/><W111/><G4/><T63/><D3/><U120/><E120/><V110/><F110/><W86/><G86/><T130/><D130/><U127/><E49/><V29/><F56/><W22/><G41/><T101/><D45/><U85/><E68/><V43/><F31/><W82/><G99/><T88/><D101/><U72/><E72/><V36/><F34/><W42/><G42/><T79/><D63/><U23/><E23/><V117/><F117/><W52/><G58/><T78/><REACH who="0" step="1"/><D83/><REACH who="0" ten="113,218,457,192" step="2"/><U37/><E37/><V102/><F102/><W93/><G82/><T96/><D96/><U132/><E132/><V123/><F123/><W103/><G93/><T84/><D84/><U48/><E48/><V18/><F51/><W77/><G111/><T32/><D32/><U1/><E1/><V53/><F62/><W10/><G75/><T27/><D27/><U87/><E85/><V108/><F108/><W25/><G74/><T54/><D54/><U73/><E73/><V89/><F60/><W71/><G47/><T65/><D65/><AGARI ba="1,2" hai="8,9,20,26,28,65,66,67,87,91,94,124,126,127" machi="65" ten="40,12000,1" yaku="18,1,52,3" doraHai="135" who="1" fromWho="0" sc="113,-123,218,143,457,0,192,0" owari="-10,-51.0,361,16.1,457,55.7,192,-20.8" /></mjloggm>