<mjloggm ver="2.3"><GO type="9" lobby="0"/><UN n0="%4E%49%41%47%41%52%41" n1="%E2%93%9D%4C%75%63%6B%79%4A" n2="%E3%82%A2%E3%83%83%E3%83%86%E3%82%A3%E3%83%90%E3%83%86%E3%82%A3" n3="%52%49%4F%53%55%42%41" dan="11,6,10,12" rate="1643.42,1617.70,1530.72,1742.86" sx="M,M,M,M"/><TAIKYOKU oya="0"/><INIT seed="0,0,0,2,4,70" ten="250,250,250,250" oya="0" hai0="124,78,129,121,122,46,74,83,131,67,89,72,65" hai1="100,41,15,53,30,23,19,50,92,123,127,112,52" hai2="37,128,1,91,36,86,110,87,20,95,49,96,75" hai3="56,33,132,101,6,115,93,114,29,34,62,55,73"/><T13/><D124/><U48/><E127/><V58/><F1/><W5/><G73/><T14/><D72/><U81/><E123/><V28/><F75/><W18/><G34/><T134/><D134/><U97/><E112/><V57/><F110/><W11/><G132/><T35/><D35/><U69/><E69/><V126/><F126/><W64/><G5/><T60/><D67/><U98/><E41/><V44/><F128/><N who="0" m="49226" /><D46/><U9/><E98/><V120/><F120/><N who="0" m="46186" /><D89/><U66/><E66/><V7/><F7/><W88/><G101/><T84/><D74/><U85/><E50/><V59/><F87/><W104/><G104/><T12/><D65/><U27/><REACH who="1" step="1"/><E48/><REACH who="1" ten="250,240,250,250" step="2"/><V2/><F96/><W63/><G33/><T106/><D106/><U116/><E116/><V24/><REACH who="2" step="1"/><F2/><REACH who="2" ten="250,240,240,250" step="2"/><W16/><G114/><T79/><D60/><U22/><E22/><V3/><F3/><W82/><G115/><T31/><D78/><AGARI ba="0,2" hai="9,15,19,23,27,30,52,53,78,81,85,92,97,100" machi="78" ten="30,7700,0" yaku="1,1,7,1,8,1,54,1,53,0" doraHai="70" doraHaiUra="125" who="1" fromWho="0" sc="250,-77,240,97,240,0,250,0" /><INIT seed="1,0,0,0,5,54" ten="173,337,240,250" oya="1" hai0="86,78,128,132,67,27,23,30,50,88,83,60,93" hai1="37,69,10,40,81,14,44,74,70,52,102,82,112" hai2="63,119,9,65,130,91,77,49,33,5,25,1,116" hai3="16,45,90,6,4,96,18,126,73,47,103,117,48"/><U127/><E112/><V68/><F130/><W61/><G73/><T72/><D128/><U120/><E120/><V134/><F134/><W35/><G126/><T110/><D110/><U2/><E102/><V20/><F77/><W31/><G117/><T84/><D132/><U80/><E2/><V53/><F33/><W42/><G47/><T76/><D76/><U107/><E107/><V105/><F105/><W75/><G75/><T28/><D50/><U79/><E127/><V101/><F91/><W129/><G129/><T7/><D7/><U13/><E14/><V17/><REACH who="2" step="1"/><F101/><REACH who="2" ten="173,337,230,250" step="2"/><W3/><G90/><T122/><D122/><U113/><E113/><V124/><F124/><W8/><G6/><T29/><REACH who="0" step="1"/><D72/><REACH who="0" ten="163,337,230,250" step="2"/><U56/><E79/><V32/><F32/><W15/><G61/><T99/><D99/><U51/><REACH who="1" step="1"/><E74/><REACH who="1" ten="163,327,230,250" step="2"/><V121/><F121/><W26/><REACH who="3" step="1"/><G3/><REACH who="3" ten="163,327,230,240" step="2"/><RYUUKYOKU type="reach4" ba="0,4" sc="163,0,327,0,230,0,240,0" hai0="23,27,28,29,30,60,67,78,83,84,86,88,93" hai1="10,13,37,40,44,51,52,56,69,70,80,81,82" hai2="1,5,9,17,20,25,49,53,63,65,68,116,119" hai3="4,8,15,16,18,26,31,35,42,45,48,96,103" /><INIT seed="1,1,4,1,2,14" ten="163,327,230,240" oya="1" hai0="39,24,21,12,123,102,7,34,105,81,135,107,106" hai1="78,88,1,72,85,11,115,46,68,58,112,87,28" hai2="65,25,93,2,51,55,116,114,47,44,5,127,129" hai3="45,86,132,77,50,53,118,119,94,80,13,17,38"/><U43/><E68/><V131/><F116/><N who="3" m="44587" /><G38/><T83/><D39/><N who="1" m="21887" /><E28/><V89/><F127/><W18/><G132/><T124/><D124/><U33/><E58/><V40/><F114/><N who="1" m="43561" /><E33/><V66/><F25/><W101/><G13/><T133/><D123/><U130/><E88/><V36/><F5/><W91/><G101/><T61/><D34/><U0/><E1/><V4/><F4/><W110/><G110/><T52/><D102/><U23/><E23/><V49/><F2/><W75/><AGARI ba="1,4" hai="17,18,45,50,53,75,77,80,86,91,94" m="44587" machi="75" ten="30,4000,0" yaku="12,1,52,2" doraHai="14" who="3" fromWho="3" sc="163,-11,327,-21,230,-11,240,83" /><INIT seed="2,0,0,0,0,14" ten="152,306,219,323" oya="2" hai0="65,48,44,108,90,4,3,58,95,103,25,59,43" hai1="110,53,93,23,61,37,24,116,91,42,22,72,16" hai2="7,21,71,84,68,107,78,117,57,52,94,50,82" hai3="35,36,31,81,29,13,129,127,17,105,122,33,128"/><V51/><F117/><W0/><G105/><T124/><D108/><U133/><E116/><V114/><F107/><W63/><G36/><T34/><D124/><U92/><E72/><V18/><F114/><W32/><G63/><T70/><D70/><U99/><E110/><V112/><F7/><W113/><G81/><T120/><D120/><U131/><E131/><N who="3" m="50250" /><G122/><T115/><D115/><U98/><E133/><V1/><F1/><W20/><G113/><T100/><D34/><U106/><E106/><V97/><F51/><W66/><G66/><T74/><D74/><U73/><E73/><V11/><F112/><W126/><G0/><T134/><D134/><U10/><E23/><V77/><F11/><W96/><G96/><T45/><D3/><U75/><E75/><V87/><F87/><W130/><N who="3" m="50258" /><W38/><DORA hai="5" /><G38/><T123/><D123/><U62/><E53/><V15/><REACH who="2" step="1"/><F78/><REACH who="2" ten="152,306,209,323" step="2"/><W27/><G27/><T49/><D25/><U26/><E26/><V47/><F47/><W67/><G67/><T118/><D118/><U79/><E79/><V8/><F8/><W135/><G135/><T46/><D4/><U125/><E10/><V101/><AGARI ba="0,1" hai="15,18,21,50,52,57,68,71,77,82,84,94,97,101" machi="101" ten="20,18000,2" yaku="1,1,0,1,7,1,52,1,54,1,53,1" doraHai="14,5" doraHaiUra="9,40" who="2" fromWho="2" sc="152,-60,306,-60,209,190,323,-60" /><INIT seed="2,1,0,3,4,106" ten="92,246,399,263" oya="2" hai0="58,51,41,104,103,96,112,125,110,100,107,10,13" hai1="37,135,121,50,22,118,74,115,131,28,132,70,26" hai2="126,25,23,47,102,85,98,120,14,54,95,36,108" hai3="42,21,11,92,63,43,79,128,83,48,66,82,61"/><V90/><F120/><W8/><G128/><T113/><D110/><U129/><E37/><V33/><F108/><W123/><G123/><T45/><D125/><U67/><E121/><V57/><F126/><W111/><G111/><T16/><REACH who="0" step="1"/><D58/><REACH who="0" ten="82,246,399,263" step="2"/><U89/><E131/><V105/><F36/><W15/><G21/><T76/><D76/><U127/><E127/><V64/><F47/><W117/><G117/><T71/><D71/><U46/><E70/><V4/><F64/><W27/><G27/><T29/><D29/><U72/><E129/><V55/><F33/><W65/><G92/><T20/><D20/><U73/><E118/><V116/><F116/><W109/><G109/><T3/><D3/><U53/><E115/><V6/><F55/><W75/><G83/><T32/><D32/><U94/><REACH who="1" step="1"/><E67/><REACH who="1" ten="82,236,399,263" step="2"/><V87/><F85/><AGARI ba="1,2" hai="22,26,28,46,50,53,72,73,74,85,89,94,132,135" machi="85" ten="40,12000,2" yaku="1,1,2,1,52,3,53,1" doraHai="106" doraHaiUra="81" who="1" fromWho="2" sc="82,0,236,143,399,-123,263,0" /><INIT seed="3,0,0,4,4,56" ten="82,379,276,263" oya="3" hai0="60,34,40,119,106,32,43,28,9,55,71,1,82" hai1="29,98,51,78,107,112,11,67,84,81,58,15,95" hai2="53,101,100,73,92,86,110,27,103,63,25,10,22" hai3="91,79,20,108,118,120,57,19,18,48,111,94,88"/><W6/><G118/><T75/><D119/><U44/><E112/><V99/><F110/><N who="3" m="42027" /><G120/><T42/><D106/><U41/><E107/><V125/><F73/><W26/><G6/><T61/><D75/><U104/><E104/><V14/><F125/><W129/><G129/><T5/><D71/><U89/><E29/><V59/><F86/><N who="3" m="52503" /><G79/><T13/><D34/><U33/><E33/><V54/><F27/><W68/><G68/><T87/><D32/><U69/><E69/><V31/><F54/><N who="3" m="31943" /><G91/><T62/><D28/><AGARI ba="0,0" hai="18,19,20,26,28" m="31943,52503,42027" machi="28" ten="30,5800,0" yaku="14,1,10,1,54,1" doraHai="56" who="3" fromWho="0" sc="82,-58,379,0,276,0,263,58" /><INIT seed="3,1,0,3,4,26" ten="24,379,276,321" oya="3" hai0="117,133,49,110,3,46,96,9,89,103,10,69,37" hai1="105,21,13,88,127,57,5,112,38,134,22,85,131" hai2="17,65,104,74,95,129,14,1,107,45,52,40,80" hai3="130,87,120,27,31,86,2,51,34,50,83,60,72"/><W15/><G120/><T102/><D117/><U128/><E112/><V78/><F1/><W75/><G2/><T109/><D69/><U90/><E105/><V81/><F129/><N who="1" m="49737" /><E38/><V47/><F65/><W30/><G130/><T113/><D37/><U24/><E127/><V55/><F81/><W100/><G100/><T63/><D133/><U94/><E90/><V23/><F107/><W16/><G87/><T68/><D113/><U8/><E134/><V32/><F104/><W71/><G31/><T118/><D118/><U125/><E125/><V36/><F32/><W79/><G50/><T98/><D68/><U12/><E57/><V62/><F62/><W11/><REACH who="3" step="1"/><G51/><REACH who="3" ten="24,379,276,311" step="2"/><T28/><D3/><N who="1" m="63" /><E22/><V132/><F132/><W54/><G54/><T48/><D28/><AGARI ba="1,1" hai="12,13,21,24,28,85,88,94" m="63,49737" machi="28" ten="30,3900,0" yaku="19,1,52,1,54,1" doraHai="26" who="1" fromWho="0" sc="24,-42,379,52,276,0,311,0" owari="-18,-51.8,431,53.1,276,-12.4,311,11.1" /></mjloggm>