<mjloggm ver="2.3"><GO type="41" lobby="0"/><UN n0="%E2%93%9D%4C%75%63%6B%79%4A" n1="%E3%82%B4%E3%83%83%E3%83%89%E3%83%90%E3%83%BC%E3%83%89" n2="%E3%82%86%E3%81%86%E3%81%8D%E3%83%BC" n3="%E6%9F%9A%E5%AD%90%E4%B8%83%E5%91%B3%E5%A4%AA%E9%83%8E" dan="18,13,15,13" rate="2138.96,1929.19,2042.70,1859.44" sx="M,M,M,M"/><TAIKYOKU oya="0"/><INIT seed="0,0,0,1,3,31" ten="250,250,250,250" oya="0" hai0="48,46,55,2,86,88,112,120,23,37,128,54,130" hai1="118,4,82,89,90,100,109,13,19,66,91,63,59" hai2="3,43,45,52,9,69,77,125,58,17,21,127,42" hai3="81,74,64,107,29,14,47,16,76,93,8,18,99"/><T110/><D120/><U123/><E118/><V115/><F69/><W38/><G107/><T134/><D112/><U24/><E123/><V117/><F115/><W119/><G119/><T51/><D2/><U92/><E109/><V95/><F77/><W68/><G29/><T22/><D37/><U10/><E82/><V106/><F106/><W75/><G75/><T20/><D134/><U11/><E100/><V30/><F30/><W50/><G38/><T131/><D110/><U114/><E114/><V121/><F95/><W25/><G68/><T133/><D133/><U102/><E102/><V108/><F108/><W101/><G64/><T73/><D73/><U111/><E111/><V65/><F65/><W7/><REACH who="3" step="1"/><G25/><REACH who="3" ten="250,250,250,240" step="2"/><T103/><D103/><U61/><E24/><N who="2" m="14383" /><F117/><W39/><G39/><T122/><D122/><U0/><REACH who="1" step="1"/><E61/><REACH who="1" ten="250,240,250,240" step="2"/><N who="2" m="36039" /><F121/><W132/><G132/><T124/><D131/><U62/><E62/><V1/><F127/><W26/><G26/><T27/><D27/><U5/><E5/><V40/><F125/><W60/><G60/><T87/><D124/><U97/><AGARI ba="0,2" hai="0,4,10,11,13,19,59,63,66,89,90,91,92,97" machi="97" ten="20,5200,0" yaku="1,1,0,1,7,1,53,1" doraHai="31" doraHaiUra="12" who="1" fromWho="1" sc="250,-26,240,72,250,-13,240,-13" /><INIT seed="1,0,0,2,5,128" ten="224,312,237,227" oya="1" hai0="71,36,61,101,132,66,38,53,78,32,8,62,44" hai1="134,58,114,85,77,45,10,130,43,25,9,104,102" hai2="39,105,7,51,96,106,87,95,60,68,6,92,93" hai3="24,30,67,122,69,123,20,97,28,63,31,121,84"/><U33/><E114/><V76/><F39/><N who="0" m="14890" /><D78/><U120/><E120/><V52/><F76/><W135/><G84/><T17/><D17/><U19/><E130/><V49/><F87/><W112/><G112/><T47/><D8/><U2/><E9/><V83/><F83/><W41/><G41/><T3/><D32/><U18/><E104/><V103/><F106/><W46/><G46/><N who="0" m="17451" /><D101/><U118/><E102/><V117/><F117/><W100/><REACH who="3" step="1"/><G135/><REACH who="3" ten="224,312,237,217" step="2"/><T82/><D132/><U57/><E134/><V115/><F115/><W29/><G29/><T1/><D3/><U70/><E2/><V37/><F37/><W13/><G13/><T91/><D1/><U116/><E43/><V74/><F74/><W119/><G119/><T35/><D35/><U22/><E45/><V113/><F113/><W65/><G65/><T26/><D66/><U16/><E118/><V124/><F96/><W64/><G64/><T108/><D53/><U129/><E116/><V48/><F52/><W90/><G90/><T72/><D91/><U0/><E129/><V127/><F103/><W34/><G34/><T59/><D72/><U15/><E0/><V133/><F133/><W94/><AGARI ba="0,1" hai="20,24,28,30,31,63,67,69,94,97,100,121,122,123" machi="94" ten="30,2000,0" yaku="1,1,0,1,53,0" doraHai="128" doraHaiUra="110" who="3" fromWho="3" sc="224,-5,312,-10,237,-5,217,30" /><INIT seed="2,0,0,5,2,121" ten="219,302,232,247" oya="2" hai0="30,86,123,6,113,111,133,52,75,10,103,29,60" hai1="65,38,25,2,101,57,122,114,116,1,76,88,128" hai2="132,28,4,118,91,105,92,119,80,14,124,53,125" hai3="78,131,59,51,107,48,117,22,43,127,12,56,16"/><V5/><F105/><W68/><G68/><T69/><D113/><U64/><E116/><N who="2" m="44587" /><F80/><W99/><G117/><T135/><D123/><U95/><E114/><V55/><F28/><W54/><G127/><N who="2" m="48713" /><F132/><N who="0" m="50762" /><D75/><U112/><E101/><V11/><F5/><W90/><G131/><T67/><D103/><U73/><E128/><V23/><F23/><W115/><G115/><T34/><D86/><AGARI ba="0,0" hai="4,11,14,53,55,86,91,92" m="48713,44587" machi="86" ten="30,1500,0" yaku="18,1" doraHai="121" who="2" fromWho="0" sc="219,-15,302,0,232,15,247,0" /><INIT seed="2,1,0,4,3,48" ten="204,302,247,247" oya="2" hai0="125,128,85,66,22,80,106,76,43,8,118,81,115" hai1="84,74,83,73,51,55,131,132,120,2,29,69,88" hai2="16,6,104,94,35,15,52,54,130,72,40,98,91" hai3="117,47,82,108,20,119,33,14,3,60,23,7,32"/><V18/><F35/><N who="3" m="13387" /><G82/><T4/><D115/><U44/><E120/><V112/><F72/><W105/><G105/><T21/><D125/><U99/><E2/><V30/><F112/><W28/><G47/><T5/><D128/><U50/><E131/><V129/><F30/><W62/><G60/><T26/><D118/><N who="3" m="45065" /><G62/><T75/><D5/><U71/><E29/><V97/><F130/><W110/><G3/><T13/><D106/><U27/><E27/><V95/><F104/><W90/><G90/><T134/><D134/><U114/><E132/><V126/><F40/><W102/><G102/><T41/><D66/><U9/><E114/><V78/><F126/><W42/><G42/><T135/><D135/><U63/><E69/><V127/><F78/><W25/><G23/><T58/><D22/><U24/><E99/><V113/><F113/><W37/><G37/><T96/><D96/><U53/><E63/><V101/><F127/><W46/><G46/><T19/><REACH who="0" step="1"/><D58/><REACH who="0" ten="194,302,247,247" step="2"/><U100/><E71/><V45/><F129/><W39/><G39/><T49/><D49/><U93/><E9/><AGARI ba="1,1" hai="7,9,14,20,25,28,108,110" m="45065,13387" machi="9" ten="40,2600,0" yaku="34,2" doraHai="48" who="3" fromWho="1" sc="194,0,302,-29,247,0,247,39" /><INIT seed="3,0,0,2,2,66" ten="194,273,247,286" oya="3" hai0="55,82,84,126,97,107,34,56,49,58,64,17,51" hai1="38,69,92,42,30,128,113,52,131,135,77,91,115" hai2="101,78,74,80,134,0,3,13,104,121,112,31,83" hai3="103,108,65,79,114,28,95,2,68,19,99,129,18"/><W50/><G114/><T53/><D126/><U130/><E77/><V63/><F112/><N who="1" m="43081" /><E30/><V9/><F134/><W29/><G108/><T106/><D34/><U102/><E102/><V62/><F121/><W71/><G2/><T40/><D40/><U75/><E75/><V48/><F3/><W54/><G65/><T90/><D64/><U25/><E25/><V33/><F0/><W133/><G129/><T87/><D97/><U96/><E135/><V5/><F83/><W88/><G133/><T76/><REACH who="0" step="1"/><D17/><REACH who="0" ten="184,273,247,286" step="2"/><U20/><E42/><V7/><F33/><W43/><G43/><T27/><D27/><U46/><E38/><V41/><F41/><W105/><G19/><T94/><AGARI ba="0,1" hai="49,51,53,55,56,58,76,82,84,87,90,94,106,107" machi="94" ten="20,5200,0" yaku="1,1,0,1,7,1,9,1,53,0" doraHai="66" doraHaiUra="12" who="0" fromWho="0" sc="184,62,273,-13,247,-13,286,-26" /><INIT seed="4,0,0,4,0,0" ten="246,260,234,260" oya="0" hai0="12,95,84,63,120,28,7,8,133,66,105,17,113" hai1="18,108,16,83,55,109,22,4,32,112,81,3,23" hai2="56,50,39,27,53,69,127,134,135,87,94,97,2" hai3="9,58,117,14,38,92,52,114,1,101,119,123,75"/><T102/><D120/><U54/><E32/><V68/><F127/><W128/><G123/><T88/><D133/><N who="2" m="50698" /><F39/><W67/><G38/><T99/><D113/><U98/><E98/><V77/><F2/><W11/><G114/><T78/><D28/><U131/><E3/><V107/><F107/><W13/><G128/><T21/><D78/><U104/><E112/><V60/><F27/><W34/><G75/><T74/><D74/><U70/><E104/><V24/><F24/><W44/><G34/><T106/><D106/><U42/><E42/><V36/><F36/><W82/><G82/><T40/><D40/><U37/><E37/><V15/><F15/><W129/><G67/><T61/><REACH who="0" step="1"/><D66/><REACH who="0" ten="236,260,234,260" step="2"/><U59/><E131/><V10/><F77/><W126/><G126/><T19/><D19/><U132/><E132/><V125/><F125/><W45/><G129/><T111/><D111/><U80/><E109/><V93/><F53/><W26/><G119/><T51/><D51/><U110/><E110/><V33/><F50/><N who="3" m="30999" /><G117/><T64/><D64/><U103/><E108/><V20/><F60/><W43/><G43/><T89/><D89/><U72/><E72/><V48/><F48/><W31/><G101/><T86/><D86/><U118/><E103/><V96/><F87/><W65/><G65/><T124/><D124/><U76/><E76/><V41/><F41/><W49/><G49/><T35/><D35/><U85/><E85/><V6/><F33/><N who="3" m="20727" /><G92/><T57/><D57/><U130/><E55/><V30/><F94/><W115/><G115/><T100/><D100/><U46/><E54/><RYUUKYOKU ba="0,1" sc="236,30,260,-10,234,-10,260,-10" hai0="7,8,12,17,21,61,63,84,88,95,99,102,105" /><INIT seed="4,1,1,0,2,37" ten="266,250,224,250" oya="0" hai0="64,102,78,11,117,46,79,93,32,18,12,62,54" hai1="39,6,28,59,2,88,66,17,58,69,43,81,127" hai2="105,55,104,14,83,0,101,50,122,87,53,23,4" hai3="35,118,99,121,84,72,114,30,71,125,5,110,10"/><T97/><D32/><U52/><E28/><V120/><F0/><W40/><G84/><T94/><D117/><U29/><E29/><V80/><F101/><W111/><G99/><T68/><D54/><U27/><E127/><V135/><F135/><W76/><G76/><T33/><D33/><U112/><E112/><V73/><F73/><W16/><G40/><T49/><REACH who="0" step="1"/><D94/><REACH who="0" ten="256,250,224,250" step="2"/><U24/><E52/><V57/><F55/><W89/><G118/><T103/><D103/><U61/><E58/><V60/><F57/><W41/><G71/><T25/><D25/><U75/><E69/><V56/><F56/><W95/><G114/><T134/><D134/><U47/><E27/><V82/><F53/><W133/><G121/><T65/><D65/><U70/><E70/><V3/><F122/><W13/><G133/><T107/><D107/><U115/><E115/><V36/><F105/><W96/><G125/><T77/><D77/><U98/><E59/><V108/><F104/><W130/><G130/><T123/><D123/><U119/><E66/><V92/><F92/><W90/><G95/><T116/><D116/><U15/><E119/><V67/><F67/><W106/><G35/><T34/><D34/><U20/><E24/><V51/><F120/><W26/><G26/><T100/><D100/><U128/><E128/><V74/><F83/><W126/><G106/><T63/><D63/><U8/><E61/><V38/><F82/><W86/><G111/><T31/><D31/><U44/><E81/><V124/><F108/><W22/><G110/><T131/><D131/><U85/><E98/><RYUUKYOKU ba="1,2" sc="256,30,250,-10,224,-10,250,-10" hai0="11,12,18,46,49,62,64,68,78,79,93,97,102" /><INIT seed="4,2,2,2,1,63" ten="286,240,214,240" oya="0" hai0="120,95,102,123,37,93,108,78,41,109,50,132,134" hai1="0,18,35,73,104,118,135,43,74,19,4,127,30" hai2="112,79,9,130,17,38,88,91,15,81,1,122,66" hai3="119,3,27,101,70,5,124,45,97,6,10,133,99"/><T40/><D37/><U56/><E118/><V129/><F122/><N who="0" m="46634" /><D78/><U7/><E104/><V114/><F66/><W87/><G119/><T100/><D50/><U2/><E43/><N who="0" m="16457" /><D95/><U67/><E67/><V28/><F28/><W126/><G133/><N who="0" m="51307" /><D93/><U86/><E135/><V53/><F1/><W82/><G6/><T85/><D85/><U96/><E86/><N who="2" m="48447" /><F53/><W20/><G70/><T128/><D128/><N who="2" m="49258" /><F38/><W105/><G97/><T11/><D11/><U61/><E96/><V52/><F52/><W75/><G75/><T84/><D84/><U111/><E74/><V22/><F9/><W94/><G105/><T72/><D72/><U31/><E73/><V59/><F59/><W62/><G62/><T39/><D39/><U131/><E61/><V113/><AGARI ba="2,2" hai="15,17,22,88,91,112,113,114" m="49258,48447" machi="113" ten="40,5200,0" yaku="15,1,19,1,54,1" doraHai="63" who="2" fromWho="2" sc="286,-28,240,-15,214,78,240,-15" /><INIT seed="5,0,0,2,0,133" ten="258,225,292,225" oya="1" hai0="116,63,50,5,123,8,62,9,66,61,134,32,42" hai1="73,27,95,40,122,98,72,129,59,79,0,108,60" hai2="18,13,127,22,58,49,2,70,126,10,83,64,3" hai3="36,69,76,96,135,84,68,52,117,38,41,34,51"/><U20/><E122/><V28/><F70/><W106/><G135/><T124/><D32/><U77/><E0/><V121/><F121/><W14/><G117/><T103/><D123/><U55/><E108/><V132/><F132/><W130/><G130/><T105/><D134/><U93/><E129/><V100/><F100/><W101/><G34/><T44/><D116/><U29/><E40/><V111/><F83/><W24/><G24/><T102/><D9/><U45/><E45/><V104/><F104/><W119/><G119/><T54/><D66/><U85/><E93/><V26/><F111/><W46/><G14/><T31/><D31/><U118/><E118/><V30/><F49/><W131/><G131/><T75/><D75/><U125/><E125/><N who="2" m="47627" /><F30/><W81/><REACH who="3" step="1"/><G38/><REACH who="3" ten="258,225,292,215" step="2"/><T47/><D124/><U43/><E43/><V89/><F2/><W17/><G17/><T33/><D105/><U12/><E12/><V21/><F3/><W1/><G1/><T67/><D33/><U97/><E72/><V109/><F109/><W19/><G19/><T48/><D67/><U16/><E73/><V107/><F64/><W65/><G65/><T57/><D47/><AGARI ba="0,1" hai="36,41,46,47,51,52,68,69,76,81,84,96,101,106" machi="47" ten="30,3900,0" yaku="1,1,7,1,54,1,53,0" doraHai="133" doraHaiUra="87" who="3" fromWho="0" sc="258,-39,225,0,292,0,215,49" /><INIT seed="6,0,0,5,3,16" ten="219,225,292,264" oya="2" hai0="131,128,32,48,50,91,51,102,36,24,6,17,79" hai1="108,127,49,117,126,87,39,130,63,84,5,107,28" hai2="99,33,58,125,15,62,90,132,54,97,57,7,106" hai3="8,19,44,133,111,10,12,73,4,11,42,30,135"/><V89/><F33/><W81/><G111/><T103/><D36/><U92/><E107/><V72/><F72/><W110/><G30/><T52/><D6/><U40/><E39/><V14/><F132/><N who="3" m="50763" /><G110/><T124/><D79/><U71/><E117/><V88/><F125/><N who="1" m="47625" /><E130/><N who="0" m="49705" /><D91/><U2/><E108/><V67/><F7/><W26/><G26/><T31/><D124/><U95/><E28/><V20/><F106/><W25/><G25/><N who="0" m="18543" /><D17/><U23/><E5/><V27/><F15/><N who="3" m="5511" /><G81/><T34/><D24/><U93/><E2/><V55/><F14/><W76/><G76/><T3/><D3/><U47/><E23/><V78/><F78/><W70/><G70/><T13/><D13/><U123/><E123/><V96/><F58/><W0/><G73/><T121/><D121/><U105/><E105/><V69/><F69/><W35/><G35/><T18/><D18/><AGARI ba="0,0" hai="18,20,27,54,55,57,62,67,88,89,90,96,97,99" machi="18" ten="40,7700,0" yaku="8,1,52,1,54,1" doraHai="16" who="2" fromWho="0" sc="219,-77,225,0,292,77,264,0" /><INIT seed="6,1,0,2,4,67" ten="142,225,369,264" oya="2" hai0="112,45,82,2,107,37,106,5,57,87,61,104,60" hai1="73,129,117,120,50,118,102,28,26,22,127,114,30" hai2="74,3,20,84,7,81,76,14,85,18,133,116,69" hai3="72,70,56,6,51,29,36,121,108,38,119,128,90"/><V11/><F69/><W31/><G6/><T124/><D112/><U98/><E73/><V80/><F116/><W27/><G56/><T40/><D124/><U125/><E114/><V122/><F122/><W79/><G51/><T46/><D46/><U62/><E120/><V111/><F111/><W99/><G99/><T123/><D123/><U83/><E129/><V77/><REACH who="2" step="1"/><F133/><REACH who="2" ten="142,225,359,264" step="2"/><W135/><G135/><T44/><D45/><U101/><E118/><V92/><F92/><W24/><G119/><T130/><D130/><U126/><E117/><V78/><F78/><W8/><G121/><T13/><D107/><U95/><E83/><V59/><F59/><W52/><G108/><T47/><D106/><U23/><E127/><V65/><F65/><W32/><G79/><T63/><D104/><U105/><E105/><V86/><AGARI ba="1,1" hai="3,7,11,14,18,20,74,76,77,80,81,84,85,86" machi="86" ten="20,3900,0" yaku="1,1,0,1,7,1,53,0" doraHai="67" doraHaiUra="43" who="2" fromWho="2" sc="142,-14,225,-14,359,52,264,-14" /><INIT seed="6,2,0,5,0,59" ten="128,211,411,250" oya="2" hai0="47,13,41,12,92,122,107,117,45,134,114,70,105" hai1="129,135,23,95,113,111,1,86,34,69,52,112,18" hai2="15,50,58,123,42,88,125,61,25,55,108,77,44" hai3="115,130,79,127,83,3,35,26,10,49,54,75,29"/><V133/><F123/><W101/><G130/><T85/><D122/><U53/><E34/><V126/><F133/><W9/><G127/><N who="2" m="48649" /><F108/><W30/><G115/><N who="1" m="44106" /><E1/><V119/><F119/><W27/><G101/><T80/><D114/><U6/><E6/><V116/><F116/><W60/><G3/><T120/><D70/><U106/><E106/><V109/><F109/><W11/><G60/><T96/><D134/><U56/><E69/><V100/><F100/><W99/><G99/><T14/><D120/><U110/><E53/><V7/><F77/><W5/><G5/><T39/><D47/><U78/><E129/><V21/><F15/><W38/><G38/><T37/><D39/><U68/><E68/><V4/><F88/><W40/><G40/><T64/><D117/><U90/><E78/><V128/><F128/><W91/><G91/><T89/><REACH who="0" step="1"/><D64/><REACH who="0" ten="118,211,411,250" step="2"/><U76/><E135/><V74/><F44/><W22/><REACH who="3" step="1"/><G9/><REACH who="3" ten="118,211,411,240" step="2"/><T19/><D19/><U98/><E111/><V51/><F7/><W104/><G104/><T102/><AGARI ba="2,2" hai="12,13,14,37,41,45,80,85,89,92,96,102,105,107" machi="102" ten="30,2000,0" yaku="1,1,0,1,53,0" doraHai="59" doraHaiUra="2" who="0" fromWho="0" sc="118,46,211,-7,411,-12,240,-7" /><INIT seed="7,0,0,2,2,92" ten="164,204,399,233" oya="3" hai0="85,45,0,37,47,70,18,61,112,110,123,54,82" hai1="116,108,98,125,105,67,41,59,33,118,55,117,91" hai2="44,40,32,134,42,120,76,34,89,56,35,127,49" hai3="65,17,62,4,100,22,93,115,52,79,72,48,107"/><W11/><G115/><T90/><D123/><U13/><E108/><V66/><F76/><W113/><G113/><T69/><D112/><U16/><E33/><V25/><F120/><W23/><G107/><T30/><D0/><U31/><E31/><V39/><F42/><W26/><G79/><T78/><D110/><U15/><E67/><V75/><F75/><W10/><G72/><T58/><D30/><U132/><E41/><V77/><F77/><W122/><G122/><T12/><D37/><U119/><E119/><V135/><F127/><W87/><G22/><T8/><D70/><U84/><E125/><V68/><F89/><W21/><G21/><T129/><D129/><U24/><E132/><N who="2" m="50731" /><F25/><W36/><G36/><T20/><D69/><U104/><E24/><V124/><F124/><W7/><G62/><T5/><REACH who="0" step="1"/><D78/><REACH who="0" ten="154,204,399,233" step="2"/><U74/><E118/><V96/><F68/><W46/><G65/><T43/><D43/><U73/><E117/><V95/><F66/><W63/><G52/><T19/><D19/><U106/><E116/><V6/><F35/><W71/><G17/><T64/><D64/><U126/><E126/><V53/><F6/><W99/><G7/><T80/><D80/><U60/><E74/><V97/><F34/><W14/><G4/><T133/><D133/><U109/><E109/><V51/><F32/><W9/><G71/><T94/><D94/><U3/><E3/><V28/><F28/><W121/><G93/><T88/><D88/><U130/><E73/><V2/><F95/><W114/><G121/><T27/><AGARI ba="0,1" hai="5,8,12,18,20,27,45,47,54,58,61,82,85,90" machi="27" ten="20,5200,0" yaku="1,1,0,1,7,1,8,1,53,0" doraHai="92" doraHaiUra="103" who="0" fromWho="0" sc="154,62,204,-13,399,-13,233,-26" owari="216,1.6,191,-30.9,386,48.6,207,-19.3" /></mjloggm>