<mjloggm ver="2.3"><GO type="9" lobby="0"/><UN n0="%45%4E%32%30%32%33" n1="%79%75%6B%69%32%39%36%35" n2="%E3%81%AF%E3%81%AA%E3%81%95%E3%81%8B%E3%81%98%E3%81%84%E3%81%95%E3%82%93" n3="%E2%93%9D%4C%75%63%6B%79%4A" dan="10,11,10,4" rate="1528.76,1734.59,1610.24,1588.56" sx="M,M,M,M"/><TAIKYOKU oya="0"/><INIT seed="0,0,0,1,0,91" ten="250,250,250,250" oya="0" hai0="108,130,101,47,39,125,98,73,19,43,3,109,131" hai1="59,86,121,21,45,60,11,1,103,102,12,77,72" hai2="13,111,93,76,90,82,57,42,113,128,74,114,29" hai3="119,105,124,28,20,75,85,65,92,63,5,61,134"/><T7/><D125/><U107/><E72/><V44/><F128/><N who="0" m="49194" /><D19/><U110/><E1/><V15/><F29/><W34/><G105/><N who="0" m="63671" /><D73/><U99/><E121/><V126/><F126/><W0/><G119/><T18/><D18/><U127/><E127/><V88/><F111/><N who="0" m="42570" /><D7/><U115/><E103/><V48/><F114/><W100/><G100/><T37/><D3/><U55/><E115/><V87/><F113/><W132/><G75/><T71/><D71/><U129/><E110/><V133/><F133/><W67/><G5/><T46/><D46/><U51/><E21/><V30/><F30/><W6/><G20/><T41/><D41/><U68/><E129/><V17/><F90/><W26/><G6/><T50/><AGARI ba="0,0" hai="37,39,43,47,50" m="42570,63671,49194" machi="50" ten="30,6000,0" yaku="19,1,14,1,10,1" doraHai="91" who="0" fromWho="0" sc="250,60,250,-20,250,-20,250,-20" /><INIT seed="0,1,0,3,5,3" ten="310,230,230,230" oya="0" hai0="74,94,102,89,75,43,53,127,22,129,23,80,123" hai1="50,24,28,10,11,77,21,66,36,72,91,130,105" hai2="114,38,117,25,60,120,86,111,128,63,113,42,49" hai3="103,101,93,110,85,33,134,17,16,8,47,37,100"/><T96/><D123/><U13/><E36/><V1/><F120/><W67/><G33/><T59/><D129/><U109/><E130/><V104/><F128/><W29/><G29/><T81/><D127/><U82/><E109/><V65/><F117/><W107/><G107/><T40/><D75/><U58/><E105/><V55/><F104/><W64/><G110/><T132/><D132/><U19/><E91/><V9/><F25/><W122/><G122/><T98/><D74/><U97/><E97/><V78/><F111/><W135/><G47/><T26/><D22/><U79/><E79/><V88/><F78/><W14/><G37/><T83/><D98/><U30/><E11/><V70/><F60/><W118/><G118/><T121/><D102/><U69/><E69/><V57/><F9/><W125/><G125/><T56/><D121/><U44/><E58/><V99/><F99/><W15/><G85/><T106/><D59/><U95/><E66/><N who="3" m="25130" /><G93/><T0/><D0/><U45/><E95/><V35/><F1/><W68/><G68/><T4/><D4/><U12/><E45/><V92/><REACH who="2" step="1"/><F35/><REACH who="2" ten="310,230,220,230" step="2"/><W31/><G135/><T73/><D106/><U6/><REACH who="1" step="1"/><E24/><REACH who="1" ten="310,220,220,230" step="2"/><V2/><F2/><W7/><G134/><T41/><D73/><U27/><E27/><V126/><F126/><W5/><G31/><N who="0" m="17887" /><D80/><U71/><E71/><V84/><F84/><W116/><G116/><T90/><D90/><U51/><E51/><AGARI ba="1,2" hai="40,41,43,51,53,56,81,83,89,94,96" m="17887" machi="51" ten="30,1500,0" yaku="8,1" doraHai="3" who="0" fromWho="1" sc="310,38,220,-18,220,0,230,0" /><INIT seed="0,2,0,5,1,105" ten="348,202,220,230" oya="0" hai0="23,57,4,125,115,134,37,129,34,135,13,67,83" hai1="131,29,106,6,8,101,61,86,70,78,28,71,47" hai2="53,18,132,48,36,46,76,0,80,69,120,93,14" hai3="79,114,92,3,111,112,44,58,108,126,12,109,31"/><T2/><D34/><U89/><E131/><V104/><F120/><W117/><G3/><T90/><D37/><U88/><E47/><V91/><F132/><N who="0" m="50730" /><D115/><U35/><E29/><V60/><F104/><W116/><G79/><T96/><D129/><U127/><E71/><V39/><F0/><W107/><G107/><T62/><D125/><U50/><E78/><V75/><F69/><W56/><G12/><T42/><D42/><U32/><E86/><V65/><F65/><W110/><G92/><N who="0" m="56343" /><D2/><N who="1" m="87" /><E50/><V10/><REACH who="2" step="1"/><F60/><REACH who="2" ten="348,202,210,230" step="2"/><W54/><G111/><T9/><D67/><N who="1" m="41327" /><E127/><V95/><F95/><W25/><G126/><T21/><D83/><U59/><E59/><V5/><F5/><W85/><G114/><T121/><D121/><U19/><E19/><V33/><F33/><W40/><G112/><T73/><D62/><U87/><E35/><V38/><F38/><W17/><G110/><T52/><D57/><U16/><E16/><V82/><F82/><W100/><G109/><T103/><D4/><U22/><E22/><V94/><F94/><W123/><G108/><T84/><D23/><U43/><E43/><V24/><F24/><W72/><G25/><T64/><D21/><U49/><E49/><V102/><F102/><W130/><G100/><T124/><D124/><U99/><E87/><AGARI ba="2,1" hai="10,14,18,36,39,46,48,53,75,76,80,87,91,93" machi="87" ten="30,7700,0" yaku="1,1,7,1,52,1,53,1" doraHai="105" doraHaiUra="77" who="2" fromWho="1" sc="348,0,202,-83,210,93,230,0" /><INIT seed="1,0,0,0,5,68" ten="348,119,303,230" oya="1" hai0="76,23,93,3,119,130,94,12,21,122,48,73,35" hai1="125,49,101,90,8,114,112,126,38,69,29,82,89" hai2="62,66,56,105,132,58,127,116,113,19,133,40,60" hai3="50,30,109,54,28,46,39,64,71,7,100,63,124"/><U81/><E69/><V59/><F105/><W135/><G135/><N who="2" m="51785" /><F19/><W47/><G109/><T67/><D119/><U42/><E49/><V134/><N who="2" m="51793" /><V36/><DORA hai="91" /><F116/><W37/><G100/><T87/><D73/><U10/><E101/><V103/><F103/><W9/><G124/><N who="1" m="47722" /><E29/><V118/><F118/><W74/><G74/><T34/><D3/><U86/><E42/><V97/><F97/><W45/><G30/><T92/><D67/><U33/><E38/><N who="3" m="14346" /><G9/><N who="1" m="3690" /><E33/><V78/><F78/><W102/><G7/><T98/><D130/><U77/><E90/><V13/><F13/><W111/><G28/><T120/><D48/><U17/><E17/><V51/><F127/><W43/><G102/><T129/><D129/><U88/><E89/><V75/><F75/><AGARI ba="0,0" hai="75,77,81,82,86,88,112,114" m="3690,47722" machi="75" ten="30,2900,0" yaku="18,1,54,1" doraHai="68,91" who="1" fromWho="2" sc="348,0,119,29,303,-29,230,0" /><INIT seed="1,1,0,2,2,81" ten="348,148,274,230" oya="1" hai0="37,102,11,13,26,6,110,128,48,42,30,98,27" hai1="95,31,90,120,47,32,51,117,116,10,72,64,106" hai2="54,44,88,45,61,112,9,20,131,1,134,77,50" hai3="23,76,118,55,71,5,130,46,82,15,67,125,24"/><U86/><E120/><V18/><F134/><W101/><G125/><T78/><D110/><U109/><E72/><V96/><F77/><W87/><G130/><T60/><D128/><U19/><E109/><V99/><F131/><W115/><G115/><T65/><D37/><U59/><E106/><V3/><F112/><W63/><G118/><T80/><D30/><U83/><E31/><V73/><F73/><W135/><G101/><T40/><D40/><U0/><E32/><V7/><F1/><W58/><G135/><T16/><D42/><U74/><E0/><V126/><F126/><W132/><G132/><T22/><D48/><U69/><E74/><V103/><F61/><W129/><G71/><T35/><D35/><U29/><E29/><V111/><F111/><W91/><G46/><T97/><D102/><U94/><E69/><V85/><F44/><W127/><G127/><T70/><D27/><U57/><E117/><V28/><F28/><N who="3" m="17439" /><G129/><T93/><D93/><N who="1" m="35339" /><E64/><V17/><F17/><W62/><G67/><T2/><D2/><U43/><E116/><V105/><F96/><W49/><G76/><T21/><D21/><U66/><E66/><V124/><F124/><W14/><G5/><T4/><D6/><U56/><E56/><V92/><F20/><W75/><G75/><AGARI ba="1,0" hai="4,11,13,16,22,26,60,65,70,75,78,80,97,98" machi="75" ten="30,2000,0" yaku="7,1,54,1" doraHai="81" who="0" fromWho="3" sc="348,23,148,0,274,0,230,-23" /><INIT seed="2,0,0,1,1,64" ten="371,148,274,207" oya="2" hai0="120,127,10,84,98,110,94,16,40,5,80,99,24" hai1="114,3,37,115,81,26,90,95,13,92,87,28,122" hai2="55,60,50,91,89,121,133,117,107,100,76,129,132" hai3="61,56,19,131,29,128,4,72,62,96,48,134,31"/><V124/><F117/><W17/><G72/><T53/><D110/><U130/><E3/><V27/><F121/><W41/><G96/><T88/><D120/><U112/><E37/><V93/><F76/><W66/><G4/><T63/><D127/><U18/><E122/><V8/><F124/><W74/><G74/><T126/><D126/><U97/><E130/><N who="3" m="49706" /><G19/><T104/><D104/><U42/><E42/><V75/><F75/><W70/><G17/><T38/><D99/><U7/><E7/><V23/><F129/><W67/><G31/><T20/><D38/><U123/><E123/><V49/><F8/><W57/><G29/><T59/><D40/><U103/><E95/><V118/><F118/><W14/><G14/><N who="0" m="5455" /><D80/><U85/><E85/><V15/><F107/><W39/><G39/><T113/><D84/><U46/><E46/><V54/><F15/><W71/><G134/><T106/><D106/><U79/><E79/><V65/><F100/><W35/><G35/><T12/><D113/><U105/><E105/><V1/><F1/><W21/><G21/><T73/><D73/><U6/><E6/><V45/><F133/><W109/><G109/><T43/><D43/><U135/><E135/><V108/><F132/><W33/><G33/><T68/><D12/><U83/><E83/><V69/><F108/><W111/><G111/><T52/><D53/><U116/><E116/><V77/><F77/><W25/><G25/><T82/><D82/><U2/><E2/><V51/><F51/><W86/><G86/><T102/><D102/><U11/><E114/><V125/><F125/><RYUUKYOKU ba="0,0" sc="371,10,148,10,274,-30,207,10" hai0="16,20,24,52,59,63,68,88,94,98" hai1="11,13,18,26,28,81,87,90,92,97,103,112,115" hai3="41,48,56,57,61,62,66,67,70,71" /><INIT seed="3,1,0,4,0,60" ten="381,158,244,217" oya="3" hai0="11,62,91,9,117,51,133,82,125,67,39,93,108" hai1="71,25,97,130,114,42,83,119,57,66,19,90,4" hai2="50,70,43,72,78,61,53,131,1,107,116,38,88" hai3="102,13,5,68,73,34,63,100,95,10,101,16,124"/><W74/><G34/><T49/><D117/><U54/><E114/><V96/><F1/><W58/><G68/><T64/><D62/><U128/><E119/><V17/><F116/><W85/><G124/><T122/><D39/><U27/><E4/><V132/><F132/><W52/><G85/><T109/><D122/><U3/><E42/><V30/><F131/><N who="1" m="50217" /><E3/><V84/><F30/><W2/><REACH who="3" step="1"/><G95/><REACH who="3" ten="381,158,244,207" step="2"/><T21/><D133/><U89/><E83/><V76/><F107/><W37/><G37/><T45/><D82/><U14/><E97/><V6/><F72/><W99/><G99/><T79/><D125/><U134/><E134/><V112/><F96/><W115/><G115/><T106/><D106/><U23/><E71/><V69/><F112/><W28/><G28/><T12/><D93/><U0/><E0/><V111/><F111/><W120/><G120/><T59/><D109/><U22/><E54/><V29/><F29/><W41/><G41/><N who="0" m="24751" /><D108/><U24/><E23/><AGARI ba="1,1" hai="2,5,10,13,16,23,52,58,63,73,74,100,101,102" machi="23" ten="40,7700,0" yaku="1,1,54,2,53,0" doraHai="60" doraHaiUra="47" who="3" fromWho="1" sc="381,0,158,-80,244,0,207,90" /><INIT seed="3,2,0,1,4,117" ten="381,78,244,297" oya="3" hai0="101,68,84,3,62,90,7,27,87,9,108,54,134" hai1="12,61,36,57,15,79,45,50,111,104,125,73,13" hai2="37,44,94,48,129,130,124,75,78,25,83,10,74" hai3="5,92,110,81,70,17,123,23,11,77,99,56,88"/><W82/><G70/><T51/><D51/><U122/><E36/><V135/><F135/><W26/><G110/><T116/><D116/><U4/><BYE who="0" /><E111/><V1/><F25/><W46/><G123/><T91/><D91/><U96/><E4/><V31/><F31/><UN n0="%45%4E%32%30%32%33" /><W98/><G46/><T89/><D108/><U28/><E125/><V22/><F22/><W39/><G39/><T33/><D134/><U107/><E28/><V102/><F124/><W6/><G99/><T114/><D101/><U120/><E79/><V42/><F48/><W67/><G82/><T65/><D114/><U71/><E73/><V97/><REACH who="2" step="1"/><F74/><REACH who="2" ten="381,78,234,297" step="2"/><W29/><G29/><T72/><D72/><U52/><E71/><V63/><F63/><N who="3" m="38375" /><G11/><T47/><D33/><U93/><E107/><V0/><F0/><W38/><G38/><T115/><D27/><U53/><REACH who="1" step="1"/><E104/><REACH who="1" ten="381,68,234,297" step="2"/><V20/><F20/><W100/><G77/><T58/><D9/><U35/><E35/><V49/><F49/><W80/><G81/><T109/><D109/><U113/><E113/><V66/><F66/><W18/><G18/><T2/><D115/><U128/><E128/><V85/><F85/><AGARI ba="2,2" hai="5,6,17,23,26,80,85,88,92,98,100" m="38375" machi="85" ten="30,2900,0" yaku="8,1,54,1" doraHai="117" who="3" fromWho="2" sc="381,0,68,0,234,-35,297,55" /><INIT seed="3,3,0,3,5,8" ten="381,68,199,352" oya="3" hai0="4,122,72,80,69,89,71,64,82,103,3,105,96" hai1="12,94,93,50,65,92,124,56,55,36,18,53,59" hai2="38,76,99,95,98,125,42,111,41,114,112,91,26" hai3="40,24,129,70,115,126,23,0,68,87,60,11,46"/><W16/><G115/><T21/><D122/><U107/><E36/><V7/><F76/><W39/><G129/><T113/><D113/><U49/><E107/><V33/><F7/><W130/><G130/><T54/><D80/><U79/><E124/><V17/><F125/><W5/><G126/><T117/><D117/><U52/><E79/><V104/><F111/><W14/><G60/><T102/><D103/><U77/><E77/><V57/><F57/><N who="1" m="22089" /><E65/><V25/><F33/><W121/><G121/><T116/><D54/><N who="1" m="13827" /><U75/><DORA hai="74" /><E75/><V2/><F2/><W110/><G110/><T27/><D116/><U22/><AGARI ba="3,0" hai="12,18,22,49,50,92,93,94" m="13827,22089" machi="22" ten="40,5200,0" yaku="8,1,52,1,54,1" doraHai="8,74" who="1" fromWho="1" sc="381,-16,68,61,199,-16,352,-29" /><INIT seed="4,0,0,0,5,83" ten="365,129,183,323" oya="0" hai0="76,16,98,120,90,113,122,0,17,57,58,50,61" hai1="74,43,46,23,49,89,29,53,69,100,68,60,97" hai2="105,131,38,24,72,121,13,7,20,101,18,128,10" hai3="108,85,84,36,130,127,41,42,73,115,129,111,114"/><T9/><D113/><N who="3" m="43017" /><G73/><T70/><D76/><U66/><E74/><V125/><F38/><W65/><G65/><T33/><D33/><U124/><E124/><V6/><F72/><W81/><G127/><T126/><D126/><U79/><E79/><V62/><F62/><W91/><G36/><T93/><D70/><U37/><E89/><V48/><F48/><W39/><G39/><T51/><D122/><U88/><E100/><V47/><F47/><W11/><G11/><T106/><D120/><U110/><E110/><N who="3" m="42026" /><G42/><T87/><D0/><U117/><E69/><V5/><F121/><W99/><G41/><T34/><D34/><U92/><E117/><V109/><F125/><W26/><G26/><T12/><D17/><U95/><E95/><V96/><F109/><W118/><G118/><T40/><D40/><U35/><E35/><V67/><REACH who="2" step="1"/><F67/><REACH who="2" ten="365,129,173,323" step="2"/><W56/><G56/><T2/><D57/><N who="1" m="32943" /><E23/><V132/><F132/><W107/><G85/><T119/><D119/><U44/><E44/><V55/><F55/><W116/><G116/><T27/><D51/><U45/><E45/><V78/><F78/><W94/><G107/><T28/><D50/><U25/><E25/><V52/><F52/><W19/><G19/><AGARI ba="0,1" hai="5,6,7,10,13,18,19,20,24,96,101,105,128,131" machi="19" ten="40,8000,1" yaku="1,1,53,3" doraHai="83" doraHaiUra="3" who="2" fromWho="3" sc="365,0,129,0,173,90,323,-80" /><INIT seed="5,0,0,0,1,38" ten="365,129,263,243" oya="1" hai0="124,67,123,17,97,53,78,10,50,48,103,77,43" hai1="64,122,58,106,88,73,55,134,75,13,26,56,102" hai2="114,126,120,12,61,72,135,32,29,15,19,5,21" hai3="71,94,23,45,31,37,62,0,3,69,22,9,30"/><U16/><E122/><V130/><F120/><W11/><G45/><N who="0" m="25663" /><D123/><U1/><E1/><V51/><F72/><W66/><G62/><T85/><D124/><U39/><E39/><V33/><F126/><W86/><G86/><T18/><D67/><U65/><E134/><V2/><F135/><W34/><G94/><N who="0" m="58807" /><D85/><U100/><E26/><V89/><F89/><W59/><G66/><N who="1" m="25706" /><E106/><V54/><F61/><W60/><G60/><T129/><D129/><U115/><E75/><V47/><F130/><W98/><G98/><T70/><D70/><U93/><E73/><V109/><F109/><W90/><G37/><T44/><D10/><N who="1" m="6199" /><E115/><V76/><F76/><AGARI ba="0,0" hai="17,18,44,50,53,76,77,78" m="58807,25663" machi="76" ten="30,2000,0" yaku="8,1,52,1" doraHai="38" who="0" fromWho="2" sc="365,20,129,0,263,-20,243,0" /><INIT seed="6,0,0,0,1,81" ten="385,129,243,243" oya="2" hai0="0,106,129,59,23,94,60,53,79,124,61,89,38" hai1="37,22,16,2,10,120,39,68,108,67,46,26,118" hai2="45,111,28,4,133,115,49,51,128,14,107,87,5" hai3="78,9,77,100,48,86,33,55,80,73,96,52,71"/><V125/><F125/><W127/><G71/><T132/><D124/><U24/><E118/><V93/><F107/><W83/><G127/><T43/><D106/><U119/><E119/><V6/><F133/><W7/><G33/><T117/><D132/><U12/><E108/><V131/><F111/><W57/><G55/><T63/><D0/><U65/><E120/><V84/><F93/><W50/><G50/><T66/><D79/><U114/><E114/><V103/><F28/><W1/><G96/><T72/><D72/><U42/><E37/><V31/><F31/><W91/><REACH who="3" step="1"/><G78/><REACH who="3" ten="385,129,243,233" step="2"/><T35/><D35/><U13/><E2/><V135/><F135/><W25/><G25/><T32/><D32/><U18/><REACH who="1" step="1"/><E65/><REACH who="1" ten="385,119,243,233" step="2"/><V105/><F115/><W76/><G76/><T101/><D117/><U54/><E54/><V34/><F34/><W88/><G88/><T110/><D110/><U90/><E90/><V44/><F103/><AGARI ba="0,2" hai="1,7,9,48,52,57,73,77,80,83,86,91,100,103" machi="103" ten="40,5200,0" yaku="1,1,52,1,54,1,53,0" doraHai="81" doraHaiUra="102" who="3" fromWho="2" sc="385,0,119,0,243,-52,233,72" /><INIT seed="7,0,0,3,1,51" ten="385,119,191,305" oya="3" hai0="1,42,2,79,52,105,26,27,111,108,86,24,13" hai1="18,130,54,94,72,62,75,45,113,95,66,41,82" hai2="131,109,104,92,33,83,44,115,106,56,22,15,9" hai3="60,90,11,133,120,112,14,63,116,128,89,35,12"/><W114/><G120/><T20/><D105/><U99/><E130/><V103/><F131/><W43/><G128/><T64/><D42/><U34/><E113/><N who="3" m="43626" /><G116/><T48/><D64/><U119/><E34/><V80/><F33/><W102/><G35/><T124/><D124/><U97/><E119/><V122/><F122/><W87/><G102/><T126/><D126/><U88/><E18/><V118/><F118/><W19/><G43/><T8/><D79/><U129/><E129/><V101/><F109/><W125/><G125/><T53/><D48/><U4/><E4/><V37/><F37/><W46/><G46/><T21/><D86/><U134/><E82/><V69/><F69/><W110/><G133/><T30/><D111/><U57/><E134/><V31/><F115/><W47/><G47/><T23/><D108/><U40/><E66/><V17/><F44/><W7/><G110/><T32/><D53/><U3/><E3/><N who="0" m="1033" /><D52/><U98/><E98/><V127/><F127/><W117/><G117/><T77/><D77/><U76/><E76/><V6/><F31/><W121/><G121/><T36/><D36/><U67/><E67/><V29/><F29/><W91/><G87/><T68/><D68/><U100/><REACH who="1" step="1"/><E41/><REACH who="1" ten="385,109,191,305" step="2"/><V93/><F56/><W58/><G58/><T61/><D61/><U85/><E85/><V39/><F39/><AGARI ba="0,1" hai="39,40,45,54,57,62,72,75,88,94,95,97,99,100" machi="39" ten="30,7700,0" yaku="1,1,7,1,52,1,54,1,53,0" doraHai="51" doraHaiUra="123" who="1" fromWho="2" sc="385,0,109,87,191,-77,305,0" owari="385,48.5,196,-20.4,114,-38.6,305,10.5" /></mjloggm>