<mjloggm ver="2.3"><GO type="41" lobby="0"/><UN n0="%E6%88%91%E6%85%A2%E3%81%A1%E3%82%83%E3%82%93%E3%80%82" n1="%E3%81%88%E3%81%84%E3%81%B2%E3%82%8C" n2="%E5%B0%8F%E6%B1%A0%E3%81%82%E3%82%86%E3%81%BF" n3="%E2%93%9D%4C%75%63%6B%79%4A" dan="16,15,14,18" rate="2117.91,2002.61,1988.08,2140.07" sx="M,M,F,M"/><TAIKYOKU oya="0"/><INIT seed="0,0,0,3,2,128" ten="250,250,250,250" oya="0" hai0="19,52,74,91,38,94,31,17,28,73,120,37,3" hai1="57,33,36,99,85,135,60,75,110,44,43,49,124" hai2="35,113,14,40,58,68,45,8,48,82,47,30,1" hai3="23,24,129,62,87,132,46,106,115,41,111,114,59"/><T4/><D120/><U26/><E75/><V13/><F68/><W51/><G106/><T67/><D67/><U116/><E116/><V92/><F113/><W7/><G129/><T105/><D105/><U54/><E110/><V95/><F1/><W101/><G101/><T9/><D28/><U83/><E124/><V103/><F82/><W109/><G7/><T27/><D73/><U10/><E99/><V100/><F35/><W78/><G78/><T79/><D79/><U126/><E126/><V119/><F30/><W69/><G87/><T64/><D64/><U125/><E125/><V21/><F119/><W107/><G107/><T53/><D74/><U88/><E135/><V108/><F108/><N who="3" m="41547" /><G23/><T66/><D66/><U90/><E10/><V104/><F104/><W86/><G86/><T34/><D38/><U70/><E26/><V130/><F130/><W6/><G6/><T63/><D37/><U133/><E133/><V0/><F0/><W76/><G76/><T39/><D39/><U25/><E25/><V5/><F58/><W32/><G69/><T118/><D118/><U16/><E33/><V11/><F21/><W123/><G123/><T122/><D122/><U117/><E117/><V72/><F72/><W89/><G89/><T65/><D17/><U2/><E2/><V50/><F5/><W80/><G80/><T29/><D19/><U77/><E16/><V98/><F98/><W102/><G102/><T121/><D29/><U15/><E15/><V84/><F84/><W97/><G97/><N who="0" m="57567" /><D121/><U56/><E70/><V112/><F112/><W134/><G115/><RYUUKYOKU ba="0,0" sc="250,10,250,10,250,10,250,-30" hai0="3,4,9,27,31,34,52,53,63,65" hai1="36,43,44,49,54,56,57,60,77,83,85,88,90" hai2="8,11,13,14,40,45,47,48,50,92,95,100,103" /><INIT seed="0,1,0,3,0,5" ten="260,260,260,220" oya="0" hai0="54,0,20,71,74,48,43,124,107,8,67,92,115" hai1="102,31,79,78,110,3,101,116,2,63,59,83,64" hai2="34,77,105,18,120,26,99,128,132,127,52,109,114" hai3="68,91,35,87,93,66,97,44,30,129,17,70,28"/><T119/><D107/><U125/><E116/><V65/><F114/><W94/><G35/><T81/><D115/><U72/><E110/><V60/><F120/><W12/><G129/><T24/><D119/><U14/><E125/><V100/><F127/><W133/><G133/><T55/><D71/><U104/><E79/><V1/><F132/><W106/><G106/><T103/><D67/><U53/><E31/><V38/><F109/><W117/><G117/><T6/><D124/><U82/><E82/><V131/><F38/><W32/><G44/><T11/><D6/><U49/><E14/><V10/><F77/><W108/><G32/><T57/><D0/><U9/><E104/><V122/><F122/><W112/><G112/><T135/><D74/><U37/><E37/><V33/><F33/><W80/><G94/><T16/><D81/><U25/><E25/><V15/><F1/><W27/><G27/><T90/><D103/><U7/><REACH who="1" step="1"/><E2/><REACH who="1" ten="260,250,260,220" step="2"/><V113/><F113/><W98/><G80/><T88/><D135/><U56/><AGARI ba="1,1" hai="3,7,9,49,53,56,59,63,64,72,78,83,101,102" machi="56" ten="20,12000,2" yaku="1,1,2,1,0,1,7,1,52,1,53,1" doraHai="5" doraHaiUra="50" who="1" fromWho="1" sc="260,-61,250,133,260,-31,220,-31" /><INIT seed="1,0,0,3,2,80" ten="199,383,229,189" oya="1" hai0="28,113,83,27,106,29,45,40,84,63,128,135,55" hai1="8,58,13,76,25,59,0,108,17,26,56,104,130" hai2="7,87,3,102,90,16,89,86,129,71,10,21,52" hai3="97,64,121,66,70,69,22,77,99,103,32,19,98"/><U50/><E104/><V43/><F129/><W95/><G32/><T42/><D135/><U93/><E130/><V109/><F109/><W35/><G35/><T6/><D106/><U82/><E108/><V81/><F71/><W127/><G121/><T85/><D113/><U2/><E50/><V54/><F43/><N who="0" m="16426" /><D128/><U38/><E38/><V51/><F102/><W92/><G77/><T91/><D6/><U60/><E60/><V75/><F75/><W126/><G22/><T78/><D27/><U61/><E61/><V101/><F101/><W88/><G19/><T11/><D11/><U18/><E93/><N who="3" m="35914" /><G103/><T107/><D107/><U94/><E94/><V67/><F67/><N who="3" m="25643" /><G88/><T96/><D96/><N who="3" m="24577" /><W117/><DORA hai="112" /><G117/><T114/><D114/><U15/><E0/><V73/><F73/><W1/><G1/><T62/><D62/><U20/><REACH who="1" step="1"/><E2/><REACH who="1" ten="199,373,229,189" step="2"/><V74/><F51/><W44/><G44/><T105/><D105/><U132/><E132/><V14/><F74/><AGARI ba="0,1" hai="8,13,15,17,18,20,25,26,56,58,59,74,76,82" machi="74" ten="40,2000,0" yaku="1,1,53,0" doraHai="80,112" doraHaiUra="46,68" who="1" fromWho="2" sc="199,0,373,30,229,-20,189,0" /><INIT seed="1,1,0,0,3,68" ten="199,403,209,189" oya="1" hai0="79,58,135,86,57,94,77,4,122,69,37,49,27" hai1="108,116,7,26,67,103,109,129,113,34,62,40,81" hai2="74,110,121,42,14,54,75,63,85,89,133,104,83" hai3="92,1,44,21,95,107,56,72,84,46,66,24,23"/><U128/><E113/><V3/><F3/><W134/><G107/><T47/><D69/><U5/><E116/><V51/><F121/><W87/><G1/><T82/><D122/><U131/><E103/><V71/><F110/><N who="1" m="42601" /><E81/><V11/><F104/><W59/><G24/><T117/><D117/><U105/><E105/><V2/><F2/><W88/><G66/><T33/><D79/><U8/><E40/><V28/><F28/><W99/><G134/><T61/><D4/><U39/><E39/><V130/><F130/><W114/><G114/><T73/><D135/><U52/><E8/><V127/><F127/><W20/><G72/><T76/><D37/><U22/><E34/><V19/><F42/><W91/><G99/><T30/><D77/><U9/><E9/><V0/><F0/><W115/><G115/><T31/><D73/><U65/><E65/><N who="2" m="41407" /><F133/><W106/><G106/><T43/><D94/><U45/><E67/><V70/><F70/><W32/><G32/><T10/><D10/><U118/><E118/><V15/><F15/><W124/><REACH who="3" step="1"/><G23/><REACH who="3" ten="199,403,209,179" step="2"/><T97/><D33/><U126/><E126/><AGARI ba="1,1" hai="20,21,44,46,56,59,84,87,88,91,92,95,124,126" machi="126" ten="25,8000,1" yaku="1,1,2,1,22,2,54,1,53,0" doraHai="68" doraHaiUra="12" who="3" fromWho="1" sc="199,0,403,-83,209,0,179,93" /><INIT seed="2,0,0,4,3,103" ten="199,320,209,272" oya="2" hai0="79,55,19,122,133,121,53,27,58,119,76,29,118" hai1="62,130,86,14,108,95,128,17,112,22,111,99,60" hai2="117,12,52,21,13,16,134,71,94,100,69,84,23" hai3="38,47,63,49,24,41,25,74,67,66,98,82,11"/><V125/><F117/><N who="0" m="44554" /><D19/><U46/><E112/><V113/><F113/><W135/><G135/><T127/><D133/><U6/><E46/><V105/><F105/><W88/><G67/><T73/><D127/><U64/><E86/><V129/><F125/><W116/><G38/><T80/><D79/><U54/><E54/><N who="0" m="20489" /><D58/><N who="1" m="36887" /><E62/><V4/><F134/><W33/><G33/><AGARI ba="0,0" hai="27,29,33,73,76,80,121,122" m="20489,44554" machi="33" ten="30,1000,0" yaku="12,1" doraHai="103" who="0" fromWho="3" sc="199,10,320,0,209,0,272,-10" /><INIT seed="3,0,0,5,2,110" ten="209,320,209,262" oya="3" hai0="128,56,124,68,8,37,100,121,94,76,16,127,111" hai1="24,49,102,62,31,134,59,17,131,65,6,71,12" hai2="101,83,35,39,123,125,15,32,75,78,47,126,52" hai3="84,66,61,91,50,95,92,51,27,2,135,81,132"/><W86/><G2/><T26/><D68/><U73/><E73/><V74/><F74/><W70/><G27/><T82/><D37/><U22/><E134/><V14/><F123/><W23/><G23/><N who="0" m="13671" /><D121/><U93/><E131/><V28/><F101/><W13/><G13/><T77/><D111/><U42/><E6/><V20/><F39/><W106/><G106/><T89/><D128/><U120/><E120/><V57/><F47/><W7/><G7/><T98/><D8/><U105/><E105/><V79/><F79/><N who="0" m="30282" /><D56/><U113/><E113/><V115/><F115/><W10/><G10/><T30/><D30/><U67/><E71/><V58/><F58/><W33/><G33/><T46/><D46/><U104/><E104/><V54/><F32/><W48/><REACH who="3" step="1"/><G86/><REACH who="3" ten="209,320,209,252" step="2"/><N who="0" m="50391" /><D127/><U87/><E24/><V90/><F35/><W29/><G29/><T117/><D124/><U118/><E31/><V18/><F28/><W36/><G36/><T108/><D108/><U60/><E12/><V19/><F125/><W114/><G114/><T3/><D3/><U0/><E0/><V96/><F126/><W41/><G41/><T38/><D38/><U99/><E42/><V45/><F15/><W85/><G85/><T69/><D117/><U25/><E118/><V103/><F14/><W43/><G43/><T64/><D69/><N who="1" m="42151" /><E87/><V129/><F20/><W34/><G34/><T88/><D64/><U72/><E72/><V107/><F129/><W4/><G4/><T112/><D112/><U109/><E109/><V119/><F75/><W80/><G80/><T53/><D53/><N who="1" m="32175" /><E67/><V63/><F119/><RYUUKYOKU ba="0,1" sc="209,10,320,10,209,-30,252,10" hai0="88,94,98,100" hai1="17,22,25,62,93,99,102" hai3="48,50,51,61,66,70,81,84,91,92,95,132,135" /><INIT seed="3,1,1,3,1,67" ten="219,330,179,262" oya="3" hai0="98,31,24,21,102,63,2,4,129,83,92,46,5" hai1="106,69,86,7,96,131,114,80,13,127,9,0,70" hai2="45,66,3,99,52,35,133,18,119,77,104,105,39" hai3="59,87,85,55,47,25,53,22,116,56,72,115,27"/><W16/><G72/><T110/><D110/><U14/><E114/><V126/><F119/><W121/><G116/><T84/><D129/><U23/><E131/><V20/><F35/><W128/><G128/><T50/><D2/><U81/><E127/><V12/><F126/><W79/><G115/><T101/><D102/><U135/><E135/><V40/><F3/><W111/><G111/><T43/><REACH who="0" step="1"/><D63/><REACH who="0" ten="209,330,179,262" step="2"/><U123/><E0/><V91/><F133/><W37/><G121/><T29/><D29/><U112/><E123/><V19/><F105/><W113/><G113/><T95/><D95/><U51/><E112/><V48/><F104/><W41/><G79/><AGARI ba="1,2" hai="4,5,21,24,31,43,46,50,79,83,84,92,98,101" machi="79" ten="30,3900,0" yaku="1,1,7,1,8,1,53,0" doraHai="67" doraHaiUra="28" who="0" fromWho="3" sc="209,62,330,0,179,0,262,-42" /><INIT seed="4,0,0,0,4,1" ten="271,330,179,220" oya="0" hai0="95,108,117,8,39,94,20,74,55,42,133,91,3" hai1="85,7,57,34,27,129,127,76,118,16,64,43,114" hai2="53,28,72,9,97,102,31,6,105,69,87,62,10" hai3="32,98,121,18,103,81,106,109,122,17,56,86,11"/><T65/><D65/><U66/><E118/><V12/><F72/><W0/><G32/><T24/><D117/><U45/><E129/><V119/><F119/><W67/><G109/><T135/><D74/><U14/><E127/><V99/><F87/><W13/><G0/><T88/><D42/><U48/><E114/><V21/><F21/><W131/><G131/><T71/><D39/><U51/><E34/><V77/><F77/><W29/><G29/><T33/><D71/><U112/><E112/><V54/><F99/><W73/><G73/><T52/><D33/><U46/><E57/><V100/><F100/><W134/><G134/><N who="0" m="51211" /><D108/><U75/><E27/><V61/><F69/><W111/><G111/><T132/><N who="0" m="51219" /><T22/><DORA hai="79" /><D8/><U93/><E75/><V123/><F123/><W37/><G37/><T4/><D4/><U19/><E7/><V84/><F84/><W116/><G116/><T120/><D3/><U49/><E19/><V78/><F78/><W41/><G18/><N who="0" m="12311" /><D22/><N who="1" m="11543" /><E76/><V35/><F10/><W58/><G67/><N who="1" m="25642" /><E43/><V110/><F110/><W40/><G41/><T107/><D107/><U130/><E130/><V47/><F35/><W104/><G106/><T80/><D80/><U44/><E93/><N who="0" m="35337" /><D120/><N who="3" m="46185" /><G40/><T68/><D68/><U15/><E85/><V115/><F115/><W38/><G38/><T50/><D55/><U25/><E25/><V59/><F47/><AGARI ba="0,0" hai="47,50,52,88,91" m="35337,12311,51219" machi="47" ten="40,7700,0" yaku="20,1,54,2" doraHai="1,79" who="0" fromWho="2" sc="271,77,330,0,179,-77,220,0" /><INIT seed="4,1,0,5,3,100" ten="348,330,102,220" oya="0" hai0="97,117,57,95,18,120,74,123,77,101,85,66,45" hai1="2,33,63,69,39,54,5,1,89,103,118,64,49" hai2="58,30,42,83,132,56,130,4,92,36,55,47,24" hai3="15,23,86,46,25,8,38,105,44,129,94,10,14"/><T32/><D117/><U91/><E118/><V112/><F112/><W22/><G38/><T93/><D32/><U28/><E39/><V115/><F115/><W111/><G111/><T53/><D66/><U29/><E103/><V75/><F130/><W116/><G116/><T20/><D45/><U134/><E134/><V107/><F107/><W27/><G86/><T109/><D109/><U108/><E108/><V78/><F132/><W88/><G94/><T37/><D37/><U70/><E70/><V87/><F4/><W48/><G48/><T126/><D126/><U65/><E65/><V19/><F19/><W124/><G88/><N who="0" m="53391" /><D74/><U41/><E41/><V80/><F55/><W96/><G129/><T71/><D71/><U6/><E33/><V102/><F92/><W122/><G124/><T81/><D81/><U90/><E2/><V106/><F102/><W104/><REACH who="3" step="1"/><G96/><REACH who="3" ten="348,330,102,210" step="2"/><T79/><D123/><AGARI ba="1,1" hai="8,10,14,15,22,23,25,27,44,46,104,105,122,123" machi="123" ten="25,12000,2" yaku="1,1,2,1,22,2,52,2,53,0" doraHai="100" doraHaiUra="51" who="3" fromWho="0" sc="348,-123,330,0,102,0,210,133" /><INIT seed="5,0,0,4,2,125" ten="225,330,102,343" oya="1" hai0="40,133,132,73,127,107,90,79,54,48,49,35,42" hai1="92,61,8,44,80,50,12,118,77,4,41,81,53" hai2="18,58,88,27,62,108,2,19,78,95,98,128,103" hai3="135,101,122,20,38,112,24,45,55,65,59,123,91"/><U89/><E118/><V11/><F108/><W117/><G101/><T30/><D107/><U131/><E131/><V16/><F128/><W56/><G91/><T36/><D30/><U86/><E81/><V76/><F27/><W93/><G93/><T114/><D35/><U51/><E61/><V110/><F110/><W1/><G1/><T121/><D79/><U21/><E21/><V60/><F60/><W31/><G112/><T3/><D73/><U116/><E116/><V32/><F32/><W75/><G135/><N who="0" m="51787" /><D3/><U71/><E71/><V43/><F43/><W74/><G65/><T119/><D90/><U99/><E51/><V70/><F70/><W7/><G75/><T115/><D119/><U23/><E23/><V85/><F11/><W68/><G74/><T26/><D26/><U87/><E53/><V113/><F113/><N who="0" m="43018" /><D127/><U34/><E34/><V130/><F2/><W22/><G24/><T67/><D121/><U94/><E94/><N who="2" m="54543" /><F130/><W6/><G123/><T64/><D48/><U52/><E52/><AGARI ba="0,0" hai="16,18,19,52,58,62,76,78,95,98,103" m="54543" machi="52" ten="30,7700,0" yaku="8,1,54,3" doraHai="125" who="2" fromWho="1" sc="225,0,330,-77,102,77,343,0" /><INIT seed="6,0,0,2,5,80" ten="225,253,179,343" oya="2" hai0="27,102,12,84,86,41,55,13,47,109,101,121,97" hai1="94,20,131,128,8,62,78,81,87,71,104,91,60" hai2="70,117,90,83,48,124,127,63,40,7,59,33,134" hai3="18,21,28,23,106,61,75,53,119,73,123,92,24"/><V74/><F33/><W11/><G123/><T72/><D121/><U135/><E104/><V105/><F105/><W16/><G119/><T31/><D72/><U111/><E111/><V29/><F29/><W99/><G106/><T103/><D97/><U30/><E135/><V51/><F117/><W76/><G11/><T115/><D115/><U82/><E71/><V98/><F70/><W0/><G0/><T39/><D55/><U38/><E38/><V108/><F108/><W25/><G76/><T130/><D130/><N who="1" m="49707" /><E8/><V120/><F120/><W79/><G79/><T54/><D54/><U1/><E1/><V22/><F22/><W57/><REACH who="3" step="1"/><G28/><REACH who="3" ten="225,253,179,333" step="2"/><T118/><D118/><U67/><E78/><V44/><F134/><W77/><G77/><T4/><D109/><U89/><E30/><V88/><F74/><W49/><G49/><T34/><REACH who="0" step="1"/><D4/><REACH who="0" ten="215,253,179,333" step="2"/><U46/><E62/><V132/><F7/><W37/><G37/><T32/><D32/><U35/><E35/><V65/><F132/><W93/><G93/><T114/><D114/><U112/><E94/><V113/><F113/><W52/><G52/><T5/><D5/><U36/><E112/><V3/><F3/><W110/><G110/><T2/><D2/><U68/><E60/><V100/><F63/><W14/><G14/><AGARI ba="0,2" hai="12,13,14,27,31,34,39,41,47,84,86,101,102,103" machi="14" ten="40,5200,0" yaku="1,1,52,2,53,0" doraHai="80" doraHaiUra="116" who="0" fromWho="3" sc="215,72,253,0,179,0,333,-52" /><INIT seed="7,0,0,5,4,36" ten="287,253,179,281" oya="3" hai0="46,105,47,86,53,80,9,133,118,94,4,26,48" hai1="82,50,52,42,59,73,125,8,56,107,70,12,10" hai2="25,27,124,32,54,34,131,126,115,96,95,15,14" hai3="90,22,77,71,69,122,3,16,51,23,81,1,64"/><W111/><G122/><T58/><D105/><U20/><E70/><V18/><F54/><W55/><G23/><T99/><D118/><U120/><E120/><V66/><F66/><W127/><G90/><T110/><D110/><U72/><E107/><V7/><F115/><W85/><G127/><N who="2" m="48681" /><F96/><W75/><G75/><T98/><D26/><N who="2" m="9738" /><F131/><W123/><G123/><T129/><D133/><U89/><E125/><V39/><F39/><W106/><G106/><T31/><D31/><U43/><E73/><V49/><F95/><W114/><G114/><T117/><D117/><U100/><E100/><V74/><F49/><W2/><G64/><T134/><D134/><U78/><E89/><V116/><F74/><W112/><G112/><T19/><D19/><U62/><E20/><N who="2" m="11351" /><F116/><W57/><REACH who="3" step="1"/><G111/><REACH who="3" ten="287,253,179,271" step="2"/><T88/><D129/><U119/><E119/><V28/><F28/><W132/><G132/><T63/><D94/><U92/><E92/><V67/><F67/><W40/><G40/><T121/><D121/><U65/><E10/><AGARI ba="0,1" hai="7,10,15,32,34" m="11351,9738,48681" machi="10" ten="30,3900,0" yaku="18,1,34,2" doraHai="36" who="2" fromWho="1" sc="287,0,253,-39,179,49,271,0" /><INIT seed="8,0,0,0,5,127" ten="287,214,228,271" oya="0" hai0="109,115,66,58,10,25,36,31,117,51,1,74,106" hai1="53,79,63,67,62,55,73,2,80,97,72,18,70" hai2="0,32,82,91,46,3,119,101,42,16,69,102,88" hai3="78,81,39,134,52,50,108,6,85,129,77,132,95"/><T34/><D117/><U113/><E113/><V105/><F119/><W89/><G39/><T22/><D36/><U43/><E72/><V60/><F32/><W41/><G41/><T4/><D115/><U124/><E124/><V131/><F131/><W35/><G35/><T56/><D106/><U122/><E122/><V7/><F7/><W45/><G108/><T98/><D74/><U86/><E73/><V111/><F111/><W92/><G6/><T24/><D109/><U104/><E2/><V126/><F126/><W68/><G68/><T33/><D98/><U12/><E43/><V100/><F105/><W71/><G71/><T59/><D34/><U99/><E63/><V125/><F125/><W130/><G95/><T27/><D27/><U123/><E123/><V17/><F82/><W30/><G30/><T57/><D57/><U15/><E15/><V90/><F60/><W37/><G37/><T96/><D96/><U44/><E44/><V103/><N who="2" m="25600" /><DORA hai="8" /><V23/><F69/><W29/><G29/><T28/><REACH who="0" step="1"/><D51/><REACH who="0" ten="277,214,228,271" step="2"/><U65/><E104/><V19/><REACH who="2" step="1"/><F23/><REACH who="2" ten="277,214,218,271" step="2"/><W133/><G134/><T61/><AGARI ba="0,2" hai="1,4,10,22,24,25,28,31,33,56,58,59,61,66" machi="61" ten="30,12000,1" yaku="1,1,2,1,0,1,53,2" doraHai="127,8" doraHaiUra="21,118" who="0" fromWho="0" sc="277,140,214,-40,218,-40,271,-40" owari="417,51.7,174,-32.6,178,-22.2,231,3.1" /></mjloggm>