<mjloggm ver="2.3"><GO type="41" lobby="0"/><UN n0="%E3%81%9F%E3%81%8B%E3%81%97%E3%81%B0%E3%81%84%E3%81%A4%E3%81%8D" n1="%4D%41%4B%4B%45%49" n2="%50%6F%72%74%65%72" n3="%E2%93%9D%4C%75%63%6B%79%4A" dan="14,13,15,13" rate="1971.28,1904.93,2004.00,1962.82" sx="F,M,M,M"/><TAIKYOKU oya="0"/><INIT seed="0,0,0,2,5,55" ten="250,250,250,250" oya="0" hai0="95,28,37,132,53,104,38,85,135,22,20,44,79" hai1="91,69,56,15,116,114,128,106,97,51,93,27,60" hai2="64,112,87,2,92,7,67,52,33,100,134,98,25" hai3="63,131,24,31,117,127,120,70,77,101,109,23,3"/><T83/><D104/><U61/><E128/><V26/><F112/><W49/><G117/><T12/><D95/><U130/><E130/><V10/><F134/><N who="0" m="51242" /><D28/><U59/><E114/><V18/><F87/><W108/><G3/><T119/><D119/><U80/><E69/><V103/><F103/><W42/><G101/><T62/><D12/><U86/><E106/><V96/><F96/><W9/><G9/><T40/><D38/><U121/><E51/><V45/><F26/><W32/><G24/><T13/><D13/><U58/><E121/><V102/><F102/><W82/><G31/><T1/><D1/><U115/><E116/><V16/><F33/><W68/><G32/><T57/><AGARI ba="0,0" hai="20,22,37,40,44,53,57,62,79,83,85" m="51242" machi="57" ten="30,3000,0" yaku="20,1,52,1" doraHai="55" who="0" fromWho="0" sc="250,30,250,-10,250,-10,250,-10" /><INIT seed="0,1,0,5,0,36" ten="280,240,240,240" oya="0" hai0="80,128,16,100,37,113,41,96,98,79,61,12,28" hai1="17,48,90,60,46,0,42,95,5,51,15,31,1" hai2="38,49,32,58,65,11,78,75,13,23,126,64,84" hai3="20,43,111,87,69,132,91,35,45,104,94,21,4"/><T63/><D113/><U120/><E120/><V112/><F32/><W89/><G104/><T2/><D2/><U109/><E109/><V47/><F75/><W62/><G35/><T102/><D28/><U83/><E31/><V19/><F38/><W116/><G116/><T110/><D128/><U123/><E123/><V86/><F112/><W103/><G103/><T105/><D110/><U74/><E5/><V18/><F126/><W77/><G77/><T81/><D37/><U108/><E108/><V129/><F129/><W24/><G132/><T71/><D71/><U92/><E95/><V134/><F134/><W3/><G91/><T97/><D97/><U106/><E106/><V122/><F122/><W88/><G89/><T52/><D41/><U82/><E74/><V118/><F118/><W10/><G24/><T135/><D135/><U121/><E121/><V72/><F72/><W125/><G125/><T55/><D105/><U53/><E60/><N who="0" m="23113" /><D79/><U34/><E34/><V8/><F78/><W133/><G133/><T33/><D33/><U101/><E101/><N who="0" m="39017" /><D81/><U29/><E29/><V57/><F49/><W7/><G111/><T56/><D80/><U44/><E0/><V66/><F66/><W76/><G76/><T54/><D56/><U68/><E68/><V30/><F30/><W40/><G45/><T93/><D93/><U25/><E25/><V39/><F39/><W107/><G107/><T99/><D99/><N who="1" m="57751" /><E1/><V22/><F13/><N who="3" m="5343" /><G69/><T115/><D115/><U6/><E6/><V70/><F70/><W130/><G3/><T27/><D27/><U50/><E50/><RYUUKYOKU ba="1,0" sc="280,10,240,10,240,10,240,-30" hai0="12,16,52,54,55,96,98" hai1="15,17,42,44,46,48,51,53,82,83" hai2="8,11,18,19,22,23,47,57,58,64,65,84,86" /><INIT seed="0,2,0,1,5,13" ten="290,250,250,210" oya="0" hai0="72,123,90,24,134,108,109,78,43,131,62,81,113" hai1="103,40,41,29,85,58,59,128,38,57,4,98,130" hai2="5,17,31,46,25,10,32,21,127,53,33,88,30" hai3="22,94,7,110,118,86,105,52,39,132,84,114,92"/><T106/><D113/><U35/><E4/><V44/><F53/><W23/><G105/><T121/><D43/><N who="1" m="16459" /><E85/><V50/><F46/><W11/><G132/><T133/><D62/><U20/><E20/><V82/><F50/><W97/><G110/><N who="0" m="42603" /><D24/><U48/><E29/><N who="2" m="10763" /><F88/><W79/><G118/><T119/><D119/><U34/><E48/><V89/><F89/><W75/><G114/><T126/><D106/><U107/><E38/><V65/><F65/><W14/><G39/><T70/><D70/><U0/><E0/><N who="2" m="295" /><F44/><W36/><G36/><T100/><D100/><U8/><E8/><V73/><F73/><W37/><G75/><T18/><D18/><U104/><E104/><V6/><F82/><W67/><G37/><T93/><D126/><U51/><E51/><V125/><F6/><W45/><G7/><T54/><D54/><U3/><E3/><V26/><F26/><W63/><G52/><T120/><D131/><AGARI ba="2,0" hai="34,35,57,58,59,98,103,107,128,130,131" m="16459" machi="131" ten="30,1000,0" yaku="19,1" doraHai="13" who="1" fromWho="0" sc="290,-16,250,16,250,0,210,0" /><INIT seed="1,0,0,4,0,56" ten="274,266,250,210" oya="1" hai0="57,99,52,94,33,28,123,59,95,43,135,86,71" hai1="0,129,15,65,36,88,49,1,87,105,96,82,12" hai2="21,30,63,37,44,84,55,100,119,98,60,83,19" hai3="73,51,78,31,8,74,107,47,92,111,66,38,132"/><U67/><E36/><V35/><F119/><W2/><G107/><T62/><D135/><U68/><E129/><V54/><F35/><W90/><G38/><T45/><D123/><U108/><E108/><V18/><F30/><W75/><G111/><T53/><D71/><U89/><E49/><N who="2" m="28967" /><F37/><W20/><G78/><T126/><D126/><U10/><E105/><V117/><F117/><W16/><G31/><T7/><D7/><U69/><E87/><V79/><F55/><W25/><G66/><N who="0" m="39247" /><D28/><U128/><E96/><V97/><F18/><W23/><G132/><T93/><D33/><U110/><E82/><V116/><F116/><W46/><G23/><T27/><D27/><U4/><E110/><V133/><F133/><W109/><G109/><T130/><D130/><U118/><E128/><V134/><F134/><W13/><G2/><T41/><D86/><U50/><E50/><V26/><F97/><W6/><REACH who="3" step="1"/><G51/><REACH who="3" ten="274,266,250,200" step="2"/><N who="0" m="28783" /><D99/><AGARI ba="0,1" hai="6,8,13,16,20,25,46,47,73,74,75,90,92,99" machi="99" ten="40,5200,0" yaku="1,1,54,1,53,1" doraHai="56" doraHaiUra="14" who="3" fromWho="0" sc="274,-52,266,0,250,0,200,62" /><INIT seed="2,0,0,1,4,1" ten="222,266,250,262" oya="2" hai0="38,89,131,2,79,58,61,39,50,78,66,17,98" hai1="75,111,18,94,114,21,27,126,76,109,23,19,22" hai2="125,46,35,65,74,122,12,84,93,91,31,80,68" hai3="88,16,4,72,30,121,36,69,6,110,135,20,71"/><V116/><F116/><W47/><G72/><T107/><D2/><U128/><E76/><V14/><F122/><W120/><G30/><T41/><D131/><U15/><E75/><V100/><F125/><W83/><G36/><T119/><D119/><U37/><E37/><V104/><F46/><W112/><G110/><N who="1" m="41994" /><E94/><V101/><F101/><W105/><G105/><T33/><D33/><U59/><E59/><V113/><F113/><W53/><G135/><T52/><D38/><U63/><E63/><N who="2" m="39999" /><F93/><W49/><G71/><N who="0" m="42447" /><D17/><N who="1" m="12719" /><E128/><V97/><F74/><W29/><G69/><T57/><D57/><U82/><E82/><V95/><F80/><W51/><G112/><T62/><D62/><U0/><E0/><V11/><F11/><W108/><G121/><T42/><D42/><U24/><E114/><V127/><F127/><AGARI ba="0,0" hai="15,18,19,22,23,24,126,127" m="12719,41994" machi="127" ten="30,3900,0" yaku="14,1,34,2" doraHai="1" who="1" fromWho="2" sc="222,0,266,39,250,-39,262,0" /><INIT seed="3,0,0,4,3,81" ten="222,305,211,262" oya="3" hai0="91,11,132,84,96,70,14,68,13,94,120,74,46" hai1="34,56,100,41,32,59,6,117,135,123,106,90,1" hai2="64,125,103,113,62,124,104,44,42,8,121,127,36" hai3="27,30,16,101,40,75,38,109,10,26,78,66,20"/><W108/><G66/><T58/><D74/><U79/><E90/><V23/><F23/><W2/><G38/><T67/><D120/><U49/><E100/><V65/><F8/><W5/><G40/><T115/><D132/><U114/><E49/><V22/><F22/><N who="3" m="15735" /><G78/><T35/><D35/><U17/><E17/><V57/><F103/><W69/><G69/><T29/><D29/><U97/><E6/><V47/><F104/><W99/><G99/><T73/><D73/><U3/><E97/><V24/><F24/><W133/><G75/><T51/><D115/><U71/><E79/><V87/><F87/><W18/><G101/><N who="0" m="60567" /><D68/><U131/><E71/><V21/><F21/><N who="3" m="13623" /><G133/><T39/><D39/><U60/><E60/><V128/><F113/><W85/><G85/><T54/><D70/><U126/><E41/><V92/><F92/><W86/><G86/><T76/><D76/><U48/><E48/><V95/><F95/><W77/><G77/><T83/><D11/><U53/><E53/><N who="2" m="34095" /><F121/><W4/><G5/><T33/><D33/><U12/><E123/><V130/><F47/><W82/><G82/><T52/><D67/><AGARI ba="0,0" hai="36,42,44,64,65,67,124,125,127,128,130" m="34095" machi="67" ten="40,5200,0" yaku="18,1,34,2" doraHai="81" who="2" fromWho="0" sc="222,-52,305,0,211,52,262,0" /><INIT seed="4,0,0,5,1,63" ten="170,305,263,262" oya="0" hai0="18,14,86,48,113,91,70,53,32,92,50,129,34" hai1="68,107,101,22,57,17,89,97,117,58,47,12,31" hai2="133,79,2,75,76,88,15,120,71,106,25,20,131" hai3="85,19,21,62,69,93,127,36,55,94,80,100,52"/><T6/><D113/><U105/><E107/><V16/><F2/><W135/><G36/><T96/><D129/><U102/><E101/><V0/><F106/><W10/><G127/><T132/><D70/><U37/><E117/><V114/><F0/><W109/><G109/><T44/><D6/><U121/><E121/><V54/><F120/><W77/><G135/><T27/><D132/><U99/><E68/><V33/><F133/><W38/><G38/><T90/><D27/><U5/><E31/><V28/><F75/><W104/><G10/><T51/><D32/><U9/><E97/><V49/><F131/><W118/><G118/><T61/><D34/><U65/><E89/><V128/><F128/><W7/><G7/><T103/><D61/><U42/><REACH who="1" step="1"/><E65/><REACH who="1" ten="170,295,263,262" step="2"/><V123/><F71/><W74/><G100/><T13/><D13/><AGARI ba="0,1" hai="5,9,12,13,17,22,37,42,47,57,58,99,102,105" machi="13" ten="30,3900,0" yaku="1,1,2,1,7,1,53,0" doraHai="63" doraHaiUra="81" who="1" fromWho="0" sc="170,-39,295,49,263,0,262,0" /><INIT seed="5,0,0,4,1,74" ten="131,344,263,262" oya="1" hai0="69,79,101,42,132,13,37,35,41,9,84,8,55" hai1="11,121,29,71,114,51,118,53,12,47,28,94,115" hai2="30,2,100,106,60,61,18,90,113,25,20,83,108" hai3="50,31,72,109,85,54,59,128,91,127,124,3,110"/><U99/><E71/><V56/><F2/><W7/><G72/><T133/><D35/><U68/><E68/><V104/><F108/><W66/><G31/><T103/><D69/><U67/><E67/><V58/><F113/><N who="1" m="43017" /><E118/><V129/><F129/><W107/><G107/><T81/><D9/><U14/><E14/><V87/><F100/><W135/><G135/><N who="0" m="51787" /><D37/><U57/><E47/><V105/><REACH who="2" step="1"/><F30/><REACH who="2" ten="131,344,253,262" step="2"/><W17/><G110/><T64/><D103/><N who="1" m="60919" /><E121/><V48/><F48/><W46/><G50/><T27/><D101/><U76/><E29/><V33/><F33/><W116/><G109/><T49/><D27/><U130/><E28/><V36/><F36/><W86/><G3/><T62/><D49/><U111/><E111/><V75/><F75/><W22/><G128/><T117/><D117/><U26/><E130/><V63/><AGARI ba="0,1" hai="18,20,25,56,58,60,61,63,83,87,90,104,105,106" machi="63" ten="40,5200,0" yaku="1,1,0,1,53,1" doraHai="74" doraHaiUra="21" who="2" fromWho="2" sc="131,-13,344,-26,253,62,262,-13" /><INIT seed="6,0,0,5,1,111" ten="118,318,315,249" oya="2" hai0="92,73,91,4,61,84,115,58,82,97,74,45,63" hai1="121,34,104,2,46,98,77,70,50,56,118,109,51" hai2="134,13,35,33,96,36,52,28,107,106,112,72,59" hai3="64,16,12,55,87,133,25,60,32,39,123,105,66"/><V8/><F72/><W119/><G119/><T65/><D4/><U126/><E77/><V68/><F68/><W15/><G39/><T127/><D127/><U135/><E98/><V102/><F36/><W71/><G123/><T128/><D128/><U40/><E104/><V44/><F107/><W85/><G133/><T49/><D63/><U18/><E2/><V54/><F134/><W30/><G15/><T83/><D83/><U129/><E34/><V103/><F103/><W42/><G42/><T113/><D74/><U86/><E86/><V93/><F106/><W100/><G66/><T120/><D73/><U31/><E31/><V37/><F28/><W43/><G43/><T3/><D3/><U7/><E7/><V95/><F33/><W14/><G14/><T38/><D38/><U132/><E18/><V130/><F35/><W75/><G55/><T110/><D110/><U131/><E109/><V27/><F54/><W81/><G81/><T116/><D116/><U26/><E26/><V90/><F37/><W23/><G75/><T101/><REACH who="0" step="1"/><D120/><REACH who="0" ten="108,318,315,249" step="2"/><U89/><E121/><V80/><F80/><W11/><G11/><T69/><D69/><U21/><E118/><V114/><F130/><W108/><G108/><T122/><D122/><U94/><E70/><V9/><F114/><W117/><G117/><T99/><D99/><AGARI ba="0,1" hai="12,16,23,25,30,32,60,64,71,85,87,99,100,105" machi="99" ten="40,5200,0" yaku="25,2,54,1" doraHai="111" who="3" fromWho="0" sc="108,-52,318,0,315,0,249,62" /><INIT seed="7,0,0,1,3,8" ten="56,318,315,311" oya="3" hai0="50,17,79,7,9,102,129,26,23,111,73,92,126" hai1="41,118,53,130,99,116,76,93,94,123,120,31,100" hai2="68,36,82,104,65,15,85,87,18,54,20,107,128" hai3="91,33,105,133,109,80,47,106,10,13,22,115,21"/><W132/><G33/><T35/><D111/><U108/><E41/><V34/><F34/><W44/><G109/><T112/><D126/><U63/><E31/><V70/><F36/><W56/><G56/><T60/><D129/><U72/><E53/><V122/><F122/><N who="1" m="46633" /><E63/><V75/><F75/><W19/><G115/><T114/><D79/><U110/><E130/><V3/><F3/><W27/><G22/><T6/><D60/><U83/><E93/><V77/><F128/><W58/><G58/><T96/><D73/><U48/><E48/><V67/><F54/><W88/><G106/><T61/><D61/><U66/><E66/><V64/><REACH who="2" step="1"/><F85/><REACH who="2" ten="56,318,305,311" step="2"/><N who="3" m="50599" /><G105/><AGARI ba="0,1" hai="15,18,20,64,65,67,68,70,77,82,87,104,105,107" machi="105" ten="40,2600,0" yaku="1,1,52,1,53,0" doraHai="8" doraHaiUra="42" who="2" fromWho="3" sc="56,0,318,0,305,36,311,-26" owari="56,-44.4,318,11.8,341,44.1,285,-11.5" /></mjloggm>