<mjloggm ver="2.3"><GO type="41" lobby="0"/><UN n0="%6B%74%6B%73%65%69%6B%75" n1="%E8%96%AF%E7%89%87%E7%8C%AB" n2="%E2%93%9D%4C%75%63%6B%79%4A" n3="%E3%81%94%E3%81%8D%E3%81%92%E3%82%93%E3%82%88%E3%81%86%EF%BC%81" dan="14,14,16,14" rate="1898.02,1966.72,2155.27,2004.55" sx="M,M,M,M"/><TAIKYOKU oya="0"/><INIT seed="0,0,0,1,4,118" ten="250,250,250,250" oya="0" hai0="72,25,93,92,63,121,58,53,52,18,24,2,55" hai1="3,78,66,10,85,135,47,50,44,119,1,107,42" hai2="133,94,17,23,30,40,86,89,114,130,59,14,132" hai3="122,29,57,45,69,83,13,102,120,91,0,116,5"/><T112/><D112/><U71/><E119/><V126/><F114/><W21/><G116/><T27/><D72/><U97/><E135/><V9/><F130/><W108/><G69/><T131/><D2/><U77/><E3/><V28/><F40/><W39/><G108/><T110/><D131/><U35/><E35/><V124/><F59/><W64/><G0/><T49/><D121/><N who="3" m="46697" /><G102/><T96/><D110/><U41/><E97/><V123/><F123/><W43/><G5/><T20/><D93/><U12/><E107/><V46/><F46/><W56/><G64/><N who="0" m="39031" /><D49/><U101/><E101/><AGARI ba="0,0" hai="18,20,24,25,27,52,53,55,92,96,101" m="39031" machi="101" ten="30,2900,0" yaku="8,1,54,1" doraHai="118" who="0" fromWho="1" sc="250,29,250,-29,250,0,250,0" /><INIT seed="0,1,0,2,3,56" ten="279,221,250,250" oya="0" hai0="57,85,32,93,88,68,39,134,14,92,83,16,104" hai1="13,36,73,97,45,131,41,23,12,1,49,50,115" hai2="69,4,18,118,8,103,24,132,55,62,34,87,60" hai3="78,74,3,77,129,126,89,111,47,42,107,43,26"/><T76/><D68/><U101/><E1/><V113/><F113/><W20/><G3/><T135/><D32/><U125/><E73/><V72/><F72/><W122/><G107/><T27/><D104/><U105/><E115/><V90/><F69/><W108/><G126/><T91/><D39/><U11/><E125/><V10/><F103/><W119/><G119/><T127/><D27/><U0/><E131/><V54/><F132/><N who="0" m="50730" /><D127/><U114/><E114/><V117/><F34/><W102/><G129/><T94/><D57/><U15/><REACH who="1" step="1"/><E23/><AGARI ba="1,0" hai="14,16,23,76,83,85,88,91,92,93,94" m="50730" machi="23" ten="30,5800,0" yaku="20,1,54,2" doraHai="56" who="0" fromWho="1" sc="279,61,221,-61,250,0,250,0" /><INIT seed="0,2,0,5,5,45" ten="340,160,250,250" oya="0" hai0="31,111,7,6,24,103,51,63,124,29,13,14,22" hai1="113,23,46,97,88,0,118,74,116,65,72,117,81" hai2="110,21,34,20,114,18,75,77,119,17,68,78,128" hai3="69,60,25,93,12,99,121,19,104,125,87,73,55"/><T44/><D124/><U85/><E0/><V33/><F68/><W122/><G125/><T115/><D115/><U35/><E35/><V129/><F114/><W98/><G73/><T59/><D31/><U8/><E8/><V106/><F75/><W26/><G104/><T57/><D111/><U43/><E113/><V9/><F9/><W105/><G105/><T28/><D28/><U48/><E65/><V32/><F106/><W135/><G135/><T102/><D59/><U50/><E97/><V90/><F90/><W3/><G3/><T4/><D103/><U27/><REACH who="1" step="1"/><E50/><REACH who="1" ten="340,150,250,250" step="2"/><V94/><F34/><W108/><G108/><T109/><D109/><U15/><E15/><V1/><F110/><W5/><G12/><T2/><D2/><U40/><E40/><V76/><F1/><W10/><G99/><T66/><REACH who="0" step="1"/><D102/><REACH who="0" ten="330,150,250,250" step="2"/><U70/><E70/><V130/><F130/><W132/><G122/><T71/><D71/><U131/><E131/><V16/><F129/><W61/><G69/><T120/><D120/><U56/><E56/><V64/><F128/><W30/><G121/><T54/><AGARI ba="2,2" hai="4,6,7,13,14,22,24,29,44,51,54,57,63,66" machi="54" ten="30,11700,0" yaku="1,1,0,1,8,1,52,1,53,0" doraHai="45" doraHaiUra="112" who="0" fromWho="0" sc="330,143,150,-41,250,-41,250,-41" /><INIT seed="0,3,0,3,1,77" ten="473,109,209,209" oya="0" hai0="17,115,125,30,120,47,112,19,92,37,116,83,24" hai1="40,23,126,60,56,133,44,31,68,33,12,128,132" hai2="14,111,103,93,80,134,105,65,72,135,16,11,58" hai3="53,63,59,109,117,57,101,10,96,49,113,39,43"/><T32/><D120/><U91/><E68/><V18/><F105/><W51/><G113/><T22/><D116/><U94/><E33/><V118/><F118/><W61/><G117/><T29/><D125/><U131/><E31/><V15/><F103/><W124/><G124/><T99/><D30/><U114/><E114/><V9/><F93/><W2/><G109/><T38/><D38/><U21/><E126/><V36/><F36/><W82/><G39/><T108/><D108/><U85/><E44/><V76/><F111/><W90/><G2/><T13/><D19/><U95/><E40/><V89/><F89/><W42/><G10/><T50/><D37/><U122/><E94/><V121/><F121/><W69/><G101/><T70/><D70/><U110/><E110/><V67/><REACH who="2" step="1"/><F58/><REACH who="2" ten="473,109,199,209" step="2"/><W75/><G90/><T130/><D115/><U87/><E91/><V79/><F79/><W1/><G59/><T8/><D112/><U3/><E95/><V71/><F71/><W73/><G57/><T25/><D130/><U74/><E56/><V41/><F41/><W46/><G43/><T28/><D92/><U66/><E122/><V98/><F98/><W97/><G42/><T102/><D99/><U127/><E127/><V106/><F106/><W52/><G69/><T4/><D102/><U26/><E128/><V86/><F86/><W54/><G97/><T55/><D28/><U78/><E131/><V7/><F7/><W35/><G96/><T6/><D4/><U88/><E88/><V62/><F62/><W129/><G63/><T104/><D104/><U20/><E60/><RYUUKYOKU ba="3,1" sc="473,15,109,-15,199,15,209,-15" hai0="6,8,13,17,22,24,25,29,32,47,50,55,83" hai2="9,11,14,15,16,18,65,67,72,76,80,134,135" /><INIT seed="0,4,1,2,3,41" ten="488,94,214,194" oya="0" hai0="126,4,51,29,58,3,46,0,112,101,66,52,50" hai1="113,107,60,37,121,78,45,83,119,132,17,69,2" hai2="111,31,114,123,100,75,135,33,42,27,89,44,38" hai3="120,16,99,30,134,127,7,26,102,125,61,87,70"/><T15/><D112/><U64/><E119/><V129/><F114/><W103/><G120/><T9/><D126/><N who="3" m="48137" /><G134/><T25/><D101/><U53/><E113/><V48/><F123/><W40/><G7/><T10/><D10/><U116/><E116/><V57/><F75/><W68/><G40/><T117/><D117/><U22/><E107/><V35/><F111/><W72/><G72/><T56/><D58/><U130/><E2/><V67/><F100/><N who="3" m="38443" /><G99/><T80/><D80/><U86/><E83/><V28/><F135/><W13/><G87/><T21/><D66/><U94/><E64/><V62/><F129/><W71/><G61/><T109/><D109/><U19/><E86/><V12/><F12/><W73/><G73/><T5/><D5/><U95/><E130/><V6/><F6/><W36/><G36/><T76/><D76/><U98/><E37/><V32/><F89/><W65/><G65/><T128/><D128/><U39/><E39/><V82/><F82/><W108/><G108/><T131/><D131/><U1/><E78/><V115/><F115/><W88/><G88/><T90/><D90/><U11/><E132/><V63/><F63/><W20/><G70/><T49/><D49/><U124/><E60/><V23/><REACH who="2" step="1"/><F38/><REACH who="2" ten="488,94,204,194" step="2"/><W92/><G92/><T118/><D118/><U104/><E95/><V84/><F84/><W8/><AGARI ba="4,2" hai="8,13,16,20,26,30,68,71" m="38443,48137" machi="8" ten="30,2000,0" yaku="18,1,54,1" doraHai="41" who="3" fromWho="3" sc="488,-14,94,-9,204,-9,194,52" /><INIT seed="1,0,0,2,3,7" ten="474,85,195,246" oya="1" hai0="98,2,125,134,129,110,56,71,32,0,54,44,61" hai1="111,4,17,53,23,131,29,47,81,78,20,96,89" hai2="112,12,72,49,99,97,38,113,9,8,40,104,74" hai3="22,102,52,130,16,46,127,33,59,84,27,18,115"/><U80/><E131/><V14/><F40/><W123/><G115/><T92/><D32/><U87/><E111/><V107/><REACH who="2" step="1"/><F49/><REACH who="2" ten="474,85,185,246" step="2"/><W15/><G130/><T69/><D110/><U95/><E47/><V26/><F26/><W94/><G123/><T43/><D129/><U39/><E39/><AGARI ba="0,1" hai="8,9,12,14,38,39,72,74,97,99,104,107,112,113" machi="39" ten="25,8000,1" yaku="1,1,22,2,52,2,53,0" doraHai="7" doraHaiUra="34" who="2" fromWho="1" sc="474,0,85,-80,185,90,246,0" /><INIT seed="2,0,0,2,3,43" ten="474,5,275,246" oya="2" hai0="79,132,57,104,59,41,131,55,103,65,72,24,101" hai1="98,119,116,38,115,27,33,11,56,60,51,82,74" hai2="52,109,80,90,94,110,87,58,31,6,81,68,3" hai3="12,46,19,114,108,76,48,130,95,128,20,53,127"/><V34/><F68/><W36/><G108/><N who="2" m="41577" /><F6/><W7/><G127/><T18/><D131/><N who="3" m="50217" /><G76/><T77/><D132/><U49/><E38/><V78/><F3/><W29/><G7/><T124/><D124/><U122/><E115/><V37/><F37/><W113/><G29/><T106/><D72/><U117/><E122/><V83/><F31/><W86/><G36/><T21/><D65/><U129/><E129/><V99/><F34/><W133/><G133/><T100/><D41/><U50/><E98/><V9/><F9/><W85/><G95/><T88/><D59/><U61/><E11/><V75/><F75/><W93/><G93/><T32/><D32/><U123/><E123/><V26/><F26/><W17/><G19/><T0/><D0/><U134/><E134/><V121/><F121/><W62/><G62/><AGARI ba="0,0" hai="52,58,62,78,80,81,83,87,90,94,99" m="41577" machi="62" ten="30,5800,0" yaku="14,1,10,1,54,1" doraHai="43" who="2" fromWho="3" sc="474,0,5,0,275,58,246,-58" /><INIT seed="2,1,0,2,1,115" ten="474,5,333,188" oya="2" hai0="3,23,82,60,50,2,19,31,79,88,95,10,77" hai1="20,133,97,8,12,74,111,0,36,118,15,49,96" hai2="13,72,132,81,71,121,90,48,84,78,37,100,16" hai3="67,93,30,75,131,114,127,43,27,104,21,56,92"/><V26/><F121/><W44/><G104/><T9/><D31/><U119/><E36/><V11/><F37/><W112/><G75/><T107/><D2/><U135/><E74/><V87/><F71/><W32/><G32/><T41/><D3/><U25/><E0/><V126/><F126/><W83/><G127/><T120/><D107/><U91/><E49/><V46/><F132/><N who="1" m="50761" /><E111/><V134/><F134/><W47/><G131/><T22/><D120/><U39/><E39/><V70/><F70/><W59/><G83/><T7/><D7/><N who="1" m="3103" /><E15/><V28/><F100/><W52/><G67/><T101/><D23/><U29/><E91/><V117/><F90/><W106/><G106/><T68/><D101/><U24/><E24/><V108/><F108/><W109/><G109/><T40/><D68/><U103/><E103/><V64/><F64/><W54/><G114/><T62/><D41/><U110/><E110/><V42/><REACH who="2" step="1"/><F117/><AGARI ba="1,0" hai="20,25,29,96,97,117,118,119" m="3103,50761" machi="117" ten="30,7700,0" yaku="20,1,52,3" doraHai="115" who="1" fromWho="2" sc="474,0,5,80,333,-80,188,0" /><INIT seed="3,0,0,0,0,112" ten="474,85,253,188" oya="3" hai0="33,88,40,92,50,77,90,38,22,115,28,128,73" hai1="130,37,58,41,62,64,135,80,104,76,105,126,78" hai2="32,46,5,74,49,43,27,34,30,48,131,17,19" hai3="4,85,96,29,8,117,18,122,16,89,129,79,83"/><W36/><G122/><T71/><D115/><U2/><E126/><V72/><F5/><W65/><G129/><T3/><D38/><U81/><E130/><V60/><F131/><W11/><G36/><T107/><D71/><U61/><E135/><V75/><F34/><W119/><G29/><T14/><D3/><U106/><E2/><V13/><F60/><W1/><G65/><T54/><D33/><U10/><E10/><V15/><REACH who="2" step="1"/><F49/><REACH who="2" ten="474,85,243,188" step="2"/><W0/><G0/><T103/><D128/><U69/><E62/><V101/><F101/><W118/><REACH who="3" step="1"/><G11/><REACH who="3" ten="474,85,243,178" step="2"/><T66/><D66/><U109/><E37/><V111/><F111/><W121/><G121/><T7/><D107/><U26/><E109/><V125/><F125/><W114/><G114/><T70/><D28/><U47/><E104/><V25/><F25/><W95/><AGARI ba="0,2" hai="1,4,8,16,18,79,83,85,89,95,96,117,118,119" machi="95" ten="40,18000,2" yaku="1,1,0,1,52,3,54,1,53,0" doraHai="112" doraHaiUra="97" who="3" fromWho="3" sc="474,-60,85,-60,243,-60,178,200" /><INIT seed="3,1,0,4,5,88" ten="414,25,183,378" oya="3" hai0="130,19,77,64,28,76,125,83,105,113,58,134,6" hai1="72,106,52,117,68,115,48,59,14,95,32,61,99" hai2="38,84,20,94,91,45,90,11,2,54,112,57,23" hai3="60,103,43,67,55,15,12,62,70,86,5,97,36"/><W74/><G74/><T127/><D105/><U114/><E117/><V41/><F112/><W102/><G36/><T47/><D6/><U51/><E32/><V21/><F91/><W1/><G43/><T50/><D28/><U31/><E72/><V80/><F11/><W44/><G1/><T53/><D19/><U10/><E31/><V16/><F2/><W85/><G103/><T0/><D0/><U118/><E106/><V107/><F107/><W104/><G44/><T100/><D100/><U9/><E9/><V81/><REACH who="2" step="1"/><F16/><REACH who="2" ten="414,25,173,378" step="2"/><W71/><G5/><T7/><D113/><U29/><E118/><V65/><F65/><W13/><REACH who="3" step="1"/><G55/><REACH who="3" ten="414,25,173,368" step="2"/><T69/><D7/><U56/><E114/><V133/><F133/><W129/><G129/><T119/><D134/><U27/><E115/><V116/><F116/><W25/><G25/><T98/><D130/><U110/><E27/><V49/><AGARI ba="1,2" hai="20,21,23,38,41,45,49,54,57,80,81,84,90,94" machi="49" ten="30,4000,0" yaku="1,1,0,1,52,1,53,0" doraHai="88" doraHaiUra="122" who="2" fromWho="2" sc="414,-11,25,-11,173,63,368,-21" /><INIT seed="4,0,0,3,2,108" ten="403,14,236,347" oya="0" hai0="57,46,38,39,6,105,74,117,97,132,27,103,101" hai1="126,35,43,99,79,14,34,52,32,45,81,127,62" hai2="7,130,9,58,72,93,88,16,30,4,106,63,71" hai3="37,23,73,91,84,0,92,77,22,47,50,115,21"/><T60/><D117/><U119/><E119/><V104/><F71/><W41/><G50/><T85/><D74/><U111/><E111/><V98/><F72/><W112/><REACH who="3" step="1"/><G0/><REACH who="3" ten="403,14,236,337" step="2"/><T3/><D3/><U120/><E120/><V59/><F106/><W135/><G135/><T64/><D132/><U48/><E14/><N who="2" m="7247" /><F104/><W49/><G49/><T36/><D101/><U40/><E99/><V19/><F98/><W24/><G24/><T89/><D27/><U76/><E76/><V78/><F78/><W128/><G128/><T134/><D134/><U121/><E121/><V11/><F130/><W124/><G124/><N who="1" m="47658" /><E62/><V31/><F63/><W17/><G17/><T8/><D39/><U133/><E133/><V90/><F19/><W86/><G86/><AGARI ba="0,1" hai="32,34,35,40,43,45,48,52,79,81,86" m="47658" machi="86" ten="40,2600,0" yaku="18,1,54,1" doraHai="108" who="1" fromWho="3" sc="403,0,14,36,236,0,337,-26" /><INIT seed="5,0,0,5,4,88" ten="403,50,236,311" oya="1" hai0="114,63,34,77,44,14,75,135,79,118,56,19,133" hai1="116,5,54,106,51,30,39,105,20,13,42,121,134" hai2="111,53,37,102,61,23,73,57,78,31,74,72,52" hai3="82,122,85,127,86,125,0,90,66,129,33,132,124"/><U100/><E116/><V96/><F111/><W92/><G0/><T59/><D118/><U60/><E121/><V113/><F37/><W18/><G122/><T49/><D114/><U3/><E134/><N who="0" m="51209" /><D34/><U83/><E60/><V128/><F128/><W29/><G129/><T76/><D75/><U68/><E68/><V110/><F110/><W107/><G132/><T16/><D63/><U36/><E83/><V1/><F1/><W4/><G107/><T64/><D64/><U58/><E42/><V7/><F7/><W94/><G4/><T10/><D19/><U130/><E130/><V91/><F91/><N who="3" m="51639" /><G66/><T120/><D120/><U119/><E119/><V95/><F113/><W131/><G131/><T38/><D38/><U41/><E41/><AGARI ba="0,0" hai="10,14,16,41,44,49,56,59,76,77,79" m="51209" machi="41" ten="30,2000,0" yaku="20,1,54,1" doraHai="88" who="0" fromWho="1" sc="403,20,50,-20,236,0,311,0" /><INIT seed="6,0,0,0,0,131" ten="423,30,236,311" oya="2" hai0="0,99,6,63,116,129,119,69,58,105,121,73,135" hai1="108,84,113,98,35,24,25,39,3,114,41,126,68" hai2="133,47,61,83,38,85,92,48,52,57,14,55,32" hai3="125,76,70,86,15,102,103,5,37,12,13,115,8"/><V132/><F32/><W94/><G125/><T79/><D129/><U81/><E108/><V28/><F28/><W106/><G106/><T11/><D121/><U17/><E68/><V23/><F92/><W80/><G115/><T90/><D58/><U100/><E126/><V93/><F93/><W9/><G70/><T120/><D120/><U134/><E3/><V95/><F95/><W97/><G37/><T54/><D54/><U104/><E41/><V7/><F38/><W122/><G122/><T19/><D19/><U128/><E39/><V4/><F23/><W72/><G72/><T124/><D90/><U62/><E62/><V2/><F14/><W51/><G103/><N who="0" m="62719" /><D124/><U53/><E53/><V117/><F117/><N who="0" m="45130" /><D79/><U89/><E128/><V34/><F34/><W75/><G75/><T26/><D26/><U10/><E35/><V59/><F59/><W46/><REACH who="3" step="1"/><G9/><REACH who="3" ten="423,30,236,301" step="2"/><T27/><D73/><U22/><E10/><V21/><F21/><W118/><G118/><T44/><D27/><U110/><E25/><V56/><F57/><W64/><G64/><N who="0" m="41119" /><D44/><U1/><E110/><V36/><F36/><W40/><AGARI ba="0,1" hai="5,8,12,13,15,40,46,51,76,80,86,94,97,102" machi="40" ten="20,12000,2" yaku="1,1,0,1,7,1,25,2,8,1,53,1" doraHai="131" doraHaiUra="96" who="3" fromWho="3" sc="423,-30,30,-30,236,-60,301,130" /><INIT seed="7,0,0,2,0,30" ten="393,0,176,431" oya="3" hai0="48,54,114,133,7,95,90,118,79,57,100,123,107" hai1="103,25,50,44,125,58,34,51,12,16,1,113,3" hai2="106,14,94,62,23,32,53,8,82,127,52,104,69" hai3="11,128,131,80,13,110,0,89,59,121,78,71,83"/><W24/><G121/><T21/><D118/><U111/><E111/><V87/><F32/><W84/><G71/><T120/><D123/><U91/><E113/><V63/><F106/><W115/><G115/><T43/><D120/><U99/><E125/><V74/><F74/><W46/><G110/><T73/><D114/><U37/><E91/><V19/><F104/><W56/><G0/><T26/><D133/><U72/><E72/><V5/><F94/><W47/><G24/><T20/><D7/><U93/><E37/><V60/><F69/><W119/><G119/><T134/><D134/><U88/><E103/><V109/><F127/><W17/><G59/><T105/><D43/><U132/><E132/><V9/><F109/><W116/><G56/><T126/><D126/><U76/><E76/><N who="2" m="46535" /><F9/><W36/><G116/><T124/><D124/><U35/><E3/><V28/><F28/><W45/><REACH who="3" step="1"/><G36/><REACH who="3" ten="393,0,176,421" step="2"/><T2/><D2/><U65/><E1/><V70/><F70/><W129/><G129/><T68/><D68/><U92/><E25/><AGARI ba="0,1" hai="5,8,14,19,23,25,52,53,60,62,63" m="46535" machi="25" ten="30,2000,0" yaku="8,1,54,1" doraHai="30" who="2" fromWho="1" sc="393,0,0,-20,176,30,421,0" owari="393,19.3,-20,-52.0,206,-19.4,421,52.1" /></mjloggm>