<mjloggm ver="2.3"><GO type="41" lobby="0"/><UN n0="%E2%93%9D%4C%75%63%6B%79%4A" n1="%E3%82%84%E3%82%81%E3%82%8B%E3%81%8B%EF%BC%9F" n2="%73%65%74%74%65%69" n3="%E3%81%A4%E3%81%B0%E3%81%AB%E3%82%83%E3%82%93%E2%98%85" dan="18,15,14,14" rate="2151.56,1918.11,1930.92,2005.06" sx="M,M,M,M"/><TAIKYOKU oya="0"/><INIT seed="0,0,0,4,5,64" ten="250,250,250,250" oya="0" hai0="25,31,2,119,100,0,59,73,52,39,34,105,4" hai1="9,133,62,116,60,10,110,118,131,17,8,37,61" hai2="26,67,122,134,98,70,58,106,85,112,41,11,56" hai3="109,79,108,94,13,69,113,83,102,50,82,15,75"/><T86/><D119/><U19/><E37/><V20/><F122/><W99/><G113/><T89/><D73/><U40/><E40/><V16/><F112/><W35/><G35/><T45/><D4/><U5/><E5/><V28/><F41/><W78/><G50/><T14/><D105/><U68/><E68/><V111/><F111/><N who="3" m="42571" /><G69/><T129/><D100/><U72/><E110/><V71/><F134/><W54/><G54/><T55/><D129/><U124/><E72/><AGARI ba="0,0" hai="13,15,72,75,78,79,82,83,94,99,102" m="42571" machi="72" ten="30,1000,0" yaku="14,1" doraHai="64" who="3" fromWho="1" sc="250,0,250,-10,250,0,250,10" /><INIT seed="1,0,0,4,0,108" ten="250,240,250,260" oya="1" hai0="37,129,51,23,100,103,93,72,46,94,49,35,40" hai1="57,44,81,105,54,97,87,86,124,4,70,32,56" hai2="134,135,67,52,110,6,73,3,122,130,71,121,126" hai3="21,10,77,80,109,89,34,104,5,68,75,24,9"/><U29/><E70/><V114/><RYUUKYOKU type="yao9" ba="0,0" sc="250,0,240,0,250,0,260,0" hai2="3,6,52,67,71,73,110,114,121,122,126,130,134,135" /><INIT seed="1,1,0,2,1,100" ten="250,240,250,260" oya="1" hai0="127,50,30,9,29,75,51,24,3,115,95,135,28" hai1="39,11,22,97,13,27,104,118,38,19,55,59,34" hai2="40,47,92,125,134,89,76,48,78,2,112,43,108" hai3="57,36,25,21,41,52,116,8,60,20,81,1,63"/><U54/><E118/><V45/><F108/><W73/><G116/><T111/><D75/><U35/><E54/><V105/><F125/><W86/><G73/><T98/><D115/><U101/><E38/><V17/><F134/><W130/><G130/><T58/><D111/><U93/><E104/><V121/><F2/><W133/><G133/><T124/><D24/><U84/><E84/><V102/><F121/><W23/><G1/><T16/><D58/><U71/><E71/><V126/><F126/><N who="0" m="48170" /><D135/><U0/><E39/><V83/><F17/><W99/><G8/><T46/><D46/><U42/><E42/><V14/><F14/><W122/><G122/><T69/><D69/><U6/><REACH who="1" step="1"/><E0/><REACH who="1" ten="250,230,250,260" step="2"/><V72/><F112/><W114/><G114/><T132/><D132/><U128/><E128/><V110/><F110/><W64/><G99/><T12/><D3/><U37/><E37/><V120/><F120/><W87/><G86/><T79/><D79/><U107/><E107/><V77/><F77/><W74/><G74/><T49/><D98/><U26/><E26/><V103/><F105/><W68/><G41/><T4/><D95/><U113/><E113/><V31/><F76/><W88/><REACH who="3" step="1"/><G36/><REACH who="3" ten="250,230,250,250" step="2"/><T129/><D129/><U96/><E96/><V94/><F43/><W91/><G91/><T33/><D33/><U5/><E5/><AGARI ba="1,2" hai="4,5,9,12,16,28,29,30,49,50,51" m="48170" machi="5" ten="40,2600,0" yaku="18,1,54,1" doraHai="100" who="0" fromWho="1" sc="250,49,230,-29,250,0,250,0" /><INIT seed="2,0,0,3,1,5" ten="299,201,250,250" oya="2" hai0="87,120,60,62,89,114,117,106,99,76,18,19,10" hai1="46,32,26,57,133,40,94,77,30,103,124,42,65" hai2="70,100,128,68,69,82,72,98,43,1,37,119,75" hai3="113,71,23,116,111,54,39,105,50,118,17,21,25"/><V86/><F119/><W51/><G39/><T101/><D114/><U4/><E124/><V45/><F128/><W78/><G71/><T63/><D117/><U12/><E133/><V115/><F115/><W93/><G105/><T15/><D76/><U132/><E132/><V48/><F48/><W52/><G113/><T131/><D131/><U16/><E4/><V125/><F125/><W27/><G78/><T38/><D38/><U81/><E65/><V80/><F80/><W58/><G93/><T84/><D120/><U97/><E57/><V91/><REACH who="2" step="1"/><F1/><REACH who="2" ten="299,201,240,250" step="2"/><W83/><G83/><T41/><D41/><U13/><E46/><V22/><F22/><W127/><G127/><T24/><REACH who="0" step="1"/><D89/><REACH who="0" ten="289,201,240,250" step="2"/><U35/><E40/><V53/><F53/><W122/><G122/><T126/><D126/><U49/><E42/><V109/><F109/><W20/><G111/><T7/><D7/><U29/><E77/><V134/><F134/><W33/><G118/><T34/><D34/><U61/><E35/><V104/><AGARI ba="0,2" hai="37,43,45,68,69,70,72,75,82,86,91,98,100,104" machi="104" ten="30,12000,1" yaku="1,1,0,1,53,3" doraHai="5" doraHaiUra="67" who="2" fromWho="2" sc="289,-40,201,-40,240,140,250,-40" /><INIT seed="2,1,0,4,3,99" ten="249,161,380,210" oya="2" hai0="48,12,97,75,87,70,117,2,77,10,132,32,111" hai1="115,41,82,31,25,105,122,96,103,5,59,69,72" hai2="95,51,98,24,92,17,120,66,37,38,78,104,55" hai3="45,114,52,100,47,79,6,108,61,84,60,33,113"/><V91/><F120/><W42/><G33/><T19/><D70/><U16/><E115/><N who="3" m="44042" /><G6/><T85/><D111/><U53/><E69/><V54/><F104/><W34/><G34/><T125/><D125/><U102/><E5/><V133/><F133/><W118/><G84/><T29/><D117/><U88/><E41/><V22/><F78/><W23/><G79/><T36/><D36/><U123/><E103/><V57/><F66/><W94/><G23/><T20/><D48/><U11/><E31/><V15/><F55/><W71/><G118/><T73/><D132/><U0/><E0/><V27/><F27/><W107/><G94/><T7/><D97/><U1/><E1/><V90/><F24/><W81/><G81/><N who="0" m="47535" /><D85/><AGARI ba="1,0" hai="15,17,22,37,38,51,54,57,85,90,91,92,95,98" machi="85" ten="30,5800,0" yaku="7,1,25,2" doraHai="99" who="2" fromWho="0" sc="249,-61,161,0,380,61,210,0" /><INIT seed="2,2,0,3,4,90" ten="188,161,441,210" oya="2" hai0="96,120,30,116,82,73,124,83,94,16,51,5,13" hai1="103,33,104,102,112,12,22,81,111,26,42,105,70" hai2="117,106,87,27,41,2,66,133,7,1,109,125,91" hai3="54,86,92,34,45,60,62,15,130,6,28,23,38"/><V84/><F117/><W53/><G34/><T88/><D120/><U43/><E70/><V132/><F106/><W65/><G130/><T0/><D116/><U101/><E112/><V110/><F66/><W21/><G38/><T118/><D118/><U11/><E33/><V99/><F41/><W36/><G36/><T10/><D124/><U63/><E111/><N who="2" m="42507" /><F125/><W115/><G115/><T49/><D30/><U44/><E63/><N who="3" m="24106" /><G65/><T31/><D31/><U40/><E81/><N who="0" m="30729" /><D0/><N who="2" m="106" /><F27/><N who="3" m="16495" /><G45/><T19/><D73/><U59/><E44/><V93/><F7/><W127/><G127/><T37/><D37/><U108/><E108/><V131/><F131/><W67/><G67/><T39/><D39/><U69/><E69/><V18/><F18/><AGARI ba="2,0" hai="5,10,13,16,18,19,49,51,88,94,96" m="30729" machi="18" ten="30,7700,0" yaku="8,1,52,1,54,2" doraHai="90" who="0" fromWho="2" sc="188,83,161,0,441,-83,210,0" /><INIT seed="3,0,0,1,4,49" ten="271,161,358,210" oya="3" hai0="109,20,91,82,54,111,72,11,120,55,126,121,59" hai1="32,39,110,41,52,24,33,35,99,25,58,134,17" hai2="37,57,125,51,53,60,22,89,34,102,28,116,15" hai3="1,12,112,95,96,100,124,26,38,3,118,113,73"/><W76/><G118/><T80/><D126/><U19/><E110/><N who="0" m="41993" /><D59/><U107/><E134/><V8/><F116/><W18/><G124/><T131/><D131/><U81/><E81/><N who="0" m="31337" /><D72/><U90/><E41/><V115/><F115/><W5/><G76/><T87/><D20/><U114/><E39/><V106/><F34/><W44/><G73/><T7/><D91/><U68/><E68/><V86/><F37/><W74/><G74/><T9/><D87/><U16/><E114/><V31/><F102/><W122/><G122/><N who="0" m="47211" /><D11/><U61/><REACH who="1" step="1"/><E90/><REACH who="1" ten="271,151,358,210" step="2"/><V117/><F125/><W4/><G113/><T108/><N who="0" m="42001" /><T85/><DORA hai="105" /><D85/><U36/><E36/><V21/><F117/><W65/><G38/><T119/><D119/><U98/><E98/><V48/><F86/><W2/><G112/><T66/><D66/><U133/><E133/><V23/><F89/><W88/><G65/><T6/><D7/><U127/><E127/><V40/><F31/><W104/><G5/><T0/><AGARI ba="0,1" hai="0,6,9,54,55" m="47211,31337,42001" machi="0" ten="50,6400,0" yaku="14,1,52,2" doraHai="49,105" who="0" fromWho="0" sc="271,74,151,-16,358,-16,210,-32" /><INIT seed="4,0,0,5,2,54" ten="345,135,342,178" oya="0" hai0="114,47,13,71,65,111,61,75,108,80,67,106,117" hai1="130,63,4,57,27,131,48,99,123,88,41,0,16" hai2="128,74,6,83,1,55,76,127,39,86,26,78,33" hai3="2,60,77,100,98,72,52,90,68,84,11,42,31"/><T122/><D106/><U12/><E123/><V89/><F127/><W97/><G31/><T107/><D107/><U133/><E27/><V10/><F128/><N who="1" m="49193" /><E133/><V129/><F39/><W120/><G42/><T125/><D117/><U82/><E41/><V30/><F129/><W95/><G120/><T23/><D67/><N who="1" m="39407" /><E48/><V112/><F112/><W28/><G28/><T34/><D114/><U66/><E66/><V5/><F74/><W22/><G22/><T132/><D132/><U121/><E121/><V59/><REACH who="2" step="1"/><F6/><REACH who="2" ten="345,135,332,178" step="2"/><W102/><G72/><T46/><D75/><U105/><E105/><V64/><F64/><W44/><G68/><T14/><D71/><U37/><E37/><V53/><F53/><W94/><G2/><T56/><D122/><U116/><E4/><V69/><F69/><W109/><G109/><T92/><D111/><U49/><E0/><V36/><F36/><W40/><G11/><T110/><D110/><U25/><E116/><V119/><F119/><W50/><G77/><T51/><D65/><U21/><E49/><AGARI ba="0,1" hai="1,5,10,26,30,33,49,55,59,76,78,83,86,89" machi="49" ten="30,7700,0" yaku="1,1,7,1,52,1,53,1" doraHai="54" doraHaiUra="79" who="2" fromWho="1" sc="345,0,135,-77,332,87,178,0" /><INIT seed="5,0,0,3,1,6" ten="345,58,419,178" oya="1" hai0="121,10,14,35,3,80,34,123,99,103,72,55,115" hai1="82,106,105,92,48,15,8,76,69,71,64,40,22" hai2="43,68,59,118,31,85,12,61,113,86,41,56,28" hai3="132,26,110,112,131,89,33,120,133,4,81,95,38"/><U130/><E130/><V111/><F111/><W21/><G38/><T5/><D55/><U122/><E122/><N who="0" m="46601" /><D14/><U58/><E92/><V52/><F68/><W93/><G33/><T114/><D80/><U11/><E105/><V74/><F74/><W18/><G131/><T51/><D51/><U77/><E106/><V2/><F2/><W83/><G110/><T97/><D99/><U108/><E108/><V47/><F118/><W32/><G32/><N who="0" m="12331" /><D72/><U128/><E128/><V9/><F113/><W66/><G112/><T75/><D75/><U37/><E37/><V27/><F59/><W53/><G66/><T79/><D79/><N who="1" m="30283" /><E82/><V65/><F65/><W101/><G120/><T88/><D88/><U116/><E116/><V107/><F107/><AGARI ba="0,0" hai="3,5,10,97,103,107,114,115" m="12331,46601" machi="107" ten="30,3900,0" yaku="13,1,23,1,52,1" doraHai="6" who="0" fromWho="2" sc="345,39,58,0,419,-39,178,0" /><INIT seed="6,0,0,2,0,44" ten="384,58,380,178" oya="2" hai0="42,13,75,115,85,101,131,133,103,73,83,0,126" hai1="119,57,71,96,69,32,111,64,100,122,74,78,30" hai2="112,52,106,128,108,84,110,17,105,79,72,40,60" hai3="2,123,26,94,34,102,41,9,109,5,39,92,61"/><V125/><F112/><W11/><G123/><T95/><D0/><U76/><E76/><V6/><F125/><W62/><G109/><N who="2" m="42089" /><F128/><W118/><G118/><T49/><D13/><U80/><E111/><V77/><F72/><W97/><G39/><T43/><D115/><U104/><E57/><N who="2" m="34855" /><F6/><W20/><G34/><T45/><D133/><U46/><E46/><V93/><F17/><W1/><G41/><T33/><D43/><U87/><E119/><V22/><F22/><W86/><G9/><T35/><D75/><U132/><E122/><V88/><F40/><W67/><G2/><T98/><D131/><U21/><E132/><V66/><F66/><W117/><G117/><T27/><D73/><U91/><E32/><V82/><F82/><W59/><G62/><T38/><D126/><U127/><E64/><V113/><F113/><W120/><G120/><T18/><D35/><U90/><E127/><V116/><F116/><W31/><G86/><T29/><D18/><U130/><E130/><V7/><F7/><W89/><REACH who="3" step="1"/><G89/><REACH who="3" ten="384,58,380,168" step="2"/><T3/><D3/><U4/><E4/><V15/><F15/><W121/><G121/><T36/><REACH who="0" step="1"/><D103/><REACH who="0" ten="374,58,380,168" step="2"/><U70/><REACH who="1" step="1"/><E74/><REACH who="1" ten="374,48,380,168" step="2"/><V8/><F8/><W114/><G114/><T65/><D65/><U47/><E47/><V81/><F81/><W23/><G23/><T51/><D51/><U129/><E129/><V37/><F37/><W124/><G124/><T14/><D14/><U19/><E19/><V16/><F16/><W54/><G54/><T99/><D99/><U107/><E107/><AGARI ba="0,3" hai="77,79,84,88,93,105,106,107" m="34855,42089" machi="107" ten="30,5800,0" yaku="10,1,54,2" doraHai="44" who="2" fromWho="1" sc="374,0,48,-58,380,88,168,0" /><AGARI ba="0,0" hai="1,5,11,20,26,31,59,61,67,92,94,97,102,107" machi="107" ten="30,2000,0" yaku="1,1,7,1,53,0" doraHai="44" doraHaiUra="68" who="3" fromWho="1" sc="374,0,-10,-20,468,0,168,20" owari="374,17.4,-30,-53.0,468,56.8,188,-21.2" /></mjloggm>