<mjloggm ver="2.3"><GO type="137" lobby="0"/><UN n0="%E2%93%9D%4C%75%63%6B%79%4A" n1="%70%65%72%6F%37%39" n2="%E7%84%A1%E5%8E%AD" n3="%E8%8A%B1%E5%92%B2%E7%88%BA%E3%82%84%EF%BC%95%EF%BC%92%EF%BC%91%EF%BC%91" dan="12,13,11,11" rate="1827.32,1768.40,1817.08,1553.34" sx="M,M,M,M"/><TAIKYOKU oya="0"/><INIT seed="0,0,0,0,5,35" ten="250,250,250,250" oya="0" hai0="9,3,60,109,5,72,21,67,10,69,85,99,40" hai1="37,50,68,82,49,27,92,78,103,130,133,4,116" hai2="15,90,111,19,2,1,80,118,70,46,124,88,104" hai3="87,8,31,132,101,119,45,65,7,126,117,112,110"/><T95/><D72/><U29/><E68/><V93/><F104/><W28/><G112/><T135/><D135/><U96/><E37/><V106/><F106/><W107/><G132/><T94/><D109/><U33/><E133/><V66/><F111/><W77/><G110/><T105/><D10/><U86/><E116/><V64/><F118/><W55/><G65/><T0/><D40/><U12/><E130/><V36/><F124/><W17/><G126/><T125/><D125/><U131/><E131/><V123/><F123/><W52/><G17/><T121/><D121/><U113/><E113/><V129/><F129/><W58/><G45/><T122/><D122/><U30/><E29/><V61/><F66/><W22/><G119/><T102/><D21/><U127/><E127/><V11/><F80/><W25/><G31/><T43/><D43/><U51/><E49/><V120/><F120/><W47/><G47/><T71/><D71/><U114/><E114/><V13/><F13/><W42/><G42/><T39/><D39/><U38/><E38/><V81/><F36/><W84/><G117/><T98/><D85/><U97/><E96/><N who="2" m="57383" /><F46/><W57/><G77/><T14/><REACH who="0" step="1"/><D105/><REACH who="0" ten="240,250,250,250" step="2"/><U20/><REACH who="1" step="1"/><E20/><REACH who="1" ten="240,240,250,250" step="2"/><V59/><F70/><W76/><G107/><T54/><D54/><U23/><E23/><V24/><F64/><W115/><G115/><T26/><D26/><U91/><E91/><AGARI ba="0,2" hai="0,3,5,9,14,60,67,69,91,94,95,98,99,102" machi="91" ten="30,12000,1" yaku="1,1,7,1,52,2,53,1" doraHai="35" doraHaiUra="62" who="0" fromWho="1" sc="240,140,240,-120,250,0,250,0" /><INIT seed="0,1,0,3,3,32" ten="380,120,250,250" oya="0" hai0="7,48,122,49,113,50,20,22,97,62,28,100,95" hai1="72,42,78,54,37,51,76,105,2,47,39,135,74" hai2="108,29,73,98,1,67,70,4,46,19,93,79,31" hai3="131,133,130,86,126,58,84,14,111,124,80,57,64"/><T120/><D113/><U27/><E105/><V34/><F108/><W128/><G14/><T77/><D77/><U56/><E135/><V68/><F19/><W83/><G64/><T21/><D28/><U96/><E96/><V3/><F29/><W106/><G106/><T129/><D129/><U94/><E94/><V5/><F5/><W30/><G30/><T26/><D26/><U15/><E27/><N who="2" m="18815" /><F93/><W13/><G13/><T55/><REACH who="0" step="1"/><D7/><REACH who="0" ten="370,120,250,250" step="2"/><U125/><E15/><V132/><F4/><W121/><G133/><T43/><D43/><U88/><E74/><V116/><F132/><W41/><G41/><T8/><D8/><U6/><E72/><V18/><F73/><W11/><G11/><T81/><D81/><U23/><E39/><V92/><F79/><W109/><REACH who="3" step="1"/><G131/><REACH who="3" ten="370,120,250,240" step="2"/><T36/><D36/><U90/><E37/><V115/><F115/><W40/><G40/><T53/><D53/><U0/><E42/><V117/><F116/><W87/><G87/><T85/><D85/><U75/><E75/><V16/><F117/><W114/><G114/><T110/><D110/><U44/><E6/><V35/><F67/><W127/><G127/><T59/><AGARI ba="1,2" hai="20,21,22,48,49,50,55,59,62,95,97,100,120,122" machi="59" ten="40,3900,0" yaku="1,1,0,1,53,0" doraHai="32" doraHaiUra="107" who="0" fromWho="0" sc="370,62,120,-14,250,-14,240,-14" /><INIT seed="0,2,0,0,2,30" ten="432,106,236,226" oya="0" hai0="130,2,81,45,107,88,66,26,44,6,1,48,60" hai1="89,95,13,31,77,80,87,14,61,28,97,53,4" hai2="79,70,24,40,124,32,96,133,122,131,120,50,41" hai3="69,100,74,57,54,105,82,114,34,111,38,64,73"/><T21/><D107/><U99/><E4/><V123/><F70/><W49/><G114/><T102/><D102/><U3/><E3/><V10/><F131/><W91/><G111/><T63/><D130/><U55/><E99/><V16/><F133/><W33/><G100/><T67/><D6/><U56/><E55/><V129/><F129/><W0/><G0/><T19/><D2/><U42/><E42/><V58/><F124/><W62/><G105/><T113/><D1/><U112/><E112/><V75/><F96/><W72/><G91/><T71/><D48/><U59/><E56/><V132/><F132/><W18/><G18/><T85/><REACH who="0" step="1"/><D113/><REACH who="0" ten="422,106,236,226" step="2"/><U78/><E78/><V128/><F128/><W90/><REACH who="3" step="1"/><G38/><REACH who="3" ten="422,106,236,216" step="2"/><T126/><D126/><U109/><E109/><V93/><F120/><W23/><G23/><T117/><D117/><U103/><E103/><V43/><F122/><W134/><G134/><T17/><D17/><U7/><E7/><V118/><F16/><W29/><G29/><AGARI ba="2,2" hai="13,14,28,29,31,53,59,61,77,80,87,89,95,97" machi="29" ten="40,1300,0" yaku="8,1" doraHai="30" who="1" fromWho="3" sc="422,0,106,39,236,0,216,-19" /><INIT seed="1,0,0,3,0,93" ten="422,145,236,197" oya="1" hai0="71,4,119,14,53,75,50,83,51,88,106,67,7" hai1="34,115,70,57,117,107,31,55,39,68,101,5,104" hai2="130,86,135,28,15,49,44,42,11,127,59,121,122" hai3="2,17,105,82,33,23,114,13,78,108,84,36,48"/><U25/><E39/><V56/><F130/><W22/><G36/><T125/><D119/><U27/><E117/><V132/><F127/><W120/><G120/><N who="2" m="46185" /><F28/><W113/><G2/><T110/><D106/><U47/><E107/><V46/><F86/><W80/><G33/><T92/><D110/><U102/><E115/><V21/><F21/><W40/><G105/><T61/><D51/><U79/><E101/><V8/><F15/><W6/><G82/><T98/><D125/><U73/><E27/><V97/><F97/><W1/><G1/><T90/><D14/><U103/><E102/><V112/><F8/><W100/><G100/><T76/><REACH who="0" step="1"/><D90/><REACH who="0" ten="412,145,236,197" step="2"/><U134/><E134/><V12/><F132/><W81/><G108/><T26/><D26/><U64/><E79/><V41/><F135/><W58/><G114/><T124/><D124/><U20/><E73/><V43/><F112/><W85/><G113/><T95/><D95/><U87/><E87/><V9/><F49/><W30/><G85/><T128/><D128/><U35/><E34/><V52/><F12/><W123/><G123/><T18/><D18/><U91/><E91/><V45/><F41/><W62/><G40/><T116/><D116/><U126/><E126/><V129/><F42/><W24/><G48/><T37/><D37/><U118/><E118/><V69/><F43/><W96/><G6/><T133/><D133/><U65/><E5/><V32/><F129/><W74/><G81/><T66/><D66/><U38/><E65/><V89/><F32/><W109/><G74/><T29/><D29/><U63/><E64/><RYUUKYOKU ba="0,1" sc="412,30,145,-10,236,-10,197,-10" hai0="4,7,50,53,61,67,71,75,76,83,88,92,98" /><INIT seed="2,1,1,0,1,127" ten="442,135,226,187" oya="2" hai0="16,60,12,121,99,93,76,82,108,70,63,113,74" hai1="21,133,35,122,55,80,62,44,43,90,1,86,78" hai2="119,27,116,42,69,61,38,117,75,57,124,41,100" hai3="65,48,120,79,91,5,58,0,53,115,19,47,112"/><V77/><F69/><W59/><G120/><T96/><D121/><U134/><E122/><V18/><F124/><W56/><G79/><T66/><D113/><U92/><E35/><V51/><F38/><W50/><G19/><T26/><D108/><U14/><E1/><V98/><F75/><W131/><G91/><T33/><D63/><U36/><E14/><V30/><F77/><W37/><G5/><T114/><D114/><N who="3" m="43561" /><G0/><T45/><D45/><U132/><E21/><V71/><F18/><W39/><G65/><T123/><D123/><U24/><E24/><V111/><F111/><W102/><G102/><T54/><D54/><U107/><E107/><V72/><F72/><W67/><G67/><T103/><D99/><U104/><E104/><V17/><F17/><W106/><G106/><T22/><REACH who="0" step="1"/><D33/><REACH who="0" ten="432,135,226,187" step="2"/><U11/><E55/><V110/><F110/><W3/><G50/><T68/><D68/><U23/><E62/><V29/><F71/><W89/><G48/><T135/><D135/><U109/><E109/><V46/><F51/><W6/><G53/><T81/><D81/><U31/><E11/><V105/><F46/><W28/><G47/><T49/><D49/><U130/><E23/><V7/><F61/><W10/><G39/><T95/><D95/><U126/><E126/><V73/><F105/><W97/><G37/><T129/><D129/><U52/><E130/><V20/><F116/><W118/><G118/><T32/><D32/><U4/><E31/><V87/><F30/><W83/><G28/><T25/><AGARI ba="1,2" hai="12,16,22,25,26,60,66,70,74,76,82,93,96,103" machi="25" ten="30,4000,0" yaku="1,1,0,1,54,1,53,0" doraHai="127" doraHaiUra="125" who="0" fromWho="0" sc="432,63,135,-11,226,-21,187,-11" /><INIT seed="3,0,0,5,1,38" ten="495,124,205,176" oya="3" hai0="44,121,73,95,29,135,36,30,99,98,43,79,25" hai1="33,49,134,97,113,23,17,19,77,88,51,72,87" hai2="103,42,59,27,1,52,56,28,26,34,96,125,11" hai3="12,15,2,122,126,127,92,119,91,65,129,20,63"/><W48/><G122/><T9/><D121/><U84/><E33/><V7/><F125/><W13/><G2/><T22/><D135/><U128/><E113/><V111/><F111/><W41/><G119/><T76/><D99/><U90/><E134/><V71/><F71/><W120/><G120/><T6/><D30/><U80/><E128/><V130/><F130/><W32/><G32/><T55/><D55/><U118/><E97/><V116/><F116/><W83/><G83/><T4/><D73/><U3/><E3/><V108/><F108/><W58/><G20/><T0/><REACH who="0" step="1"/><D6/><REACH who="0" ten="485,124,205,176" step="2"/><U74/><E118/><V115/><F115/><W131/><G129/><T110/><D110/><U114/><E114/><V68/><F52/><W60/><G131/><T10/><D10/><U45/><E74/><V102/><F96/><W5/><G5/><T39/><D39/><U8/><E72/><V94/><F11/><W109/><G109/><T64/><D64/><U105/><E8/><V69/><F7/><W112/><G112/><T21/><D21/><U89/><E105/><V66/><F66/><W18/><G65/><T24/><D24/><U14/><E84/><V75/><F75/><W93/><G127/><T61/><D61/><U100/><E19/><V101/><F28/><W54/><G126/><T70/><D70/><U67/><E67/><V107/><F68/><W78/><G63/><T37/><D37/><U106/><E106/><V82/><F107/><W40/><G60/><T50/><D50/><N who="1" m="18955" /><E100/><AGARI ba="0,1" hai="0,4,9,22,25,29,36,43,44,76,79,95,98,100" machi="100" ten="30,3900,0" yaku="1,1,7,1,52,1,53,0" doraHai="38" doraHaiUra="57" who="0" fromWho="1" sc="485,49,124,-39,205,0,176,0" /><INIT seed="4,0,0,1,5,1" ten="534,85,205,176" oya="0" hai0="121,2,89,129,106,66,59,73,70,43,69,8,52" hai1="0,115,88,108,71,94,118,39,14,105,134,57,117" hai2="133,103,61,104,46,123,3,120,48,130,31,95,83" hai3="28,5,131,109,128,22,80,101,114,85,67,125,58"/><T47/><D106/><U33/><RYUUKYOKU type="yao9" ba="0,0" sc="534,0,85,0,205,0,176,0" hai1="0,14,33,39,57,71,88,94,105,108,115,117,118,134" /><INIT seed="4,1,0,3,1,131" ten="534,85,205,176" oya="0" hai0="65,45,56,4,50,118,133,72,98,54,130,12,70" hai1="26,66,37,97,35,49,132,111,33,101,39,44,83" hai2="129,2,14,81,17,21,125,62,52,74,18,126,89" hai3="67,90,96,16,79,61,120,30,60,46,128,85,25"/><T75/><D118/><U34/><E111/><V22/><F2/><W31/><G120/><T1/><D1/><U117/><E117/><V43/><F129/><W47/><G128/><T71/><D130/><U77/><E26/><V124/><F43/><W13/><G96/><T116/><D116/><U110/><E66/><V42/><F42/><W106/><G106/><T119/><D119/><U15/><E15/><N who="2" m="9407" /><F89/><W115/><G79/><T19/><D4/><U24/><E110/><V91/><F74/><W93/><G115/><T122/><D75/><U102/><E24/><V108/><F108/><W48/><G47/><T95/><D72/><U32/><N who="1" m="8192" /><DORA hai="80" /><U0/><E0/><V55/><F62/><N who="3" m="24171" /><G25/><T127/><D45/><U123/><E123/><V29/><F29/><W23/><G67/><T57/><D65/><U6/><E6/><V104/><F104/><W135/><G135/><T112/><D133/><U100/><E97/><V8/><F8/><W99/><G99/><T78/><D98/><U58/><E58/><V20/><F20/><W105/><G105/><T113/><D122/><U64/><E64/><V109/><F109/><W82/><G82/><T84/><D113/><U92/><E92/><V69/><F69/><W5/><G5/><T28/><D71/><U121/><E132/><V63/><F63/><W10/><G10/><N who="0" m="6551" /><D70/><U76/><E121/><V134/><F134/><W41/><AGARI ba="1,0" hai="13,16,23,30,31,41,46,48,85,90,93" m="24171" machi="41" ten="30,4000,0" yaku="8,1,52,1,54,1" doraHai="131,80" who="3" fromWho="3" sc="534,-21,85,-11,205,-11,176,43" /><INIT seed="5,0,0,0,1,125" ten="513,74,194,219" oya="1" hai0="69,33,6,20,126,10,3,63,66,55,128,106,103" hai1="79,107,49,109,58,85,129,97,65,124,114,73,135" hai2="45,87,39,88,121,9,60,110,122,52,95,16,83" hai3="21,81,56,101,132,29,84,31,67,131,0,59,26"/><U108/><E65/><V34/><F110/><N who="1" m="42601" /><E49/><N who="2" m="28719" /><F34/><W105/><G0/><T51/><D126/><U32/><E32/><V82/><F39/><W24/><G132/><T37/><D37/><U130/><E58/><V28/><F28/><W47/><G47/><T11/><D11/><U111/><N who="1" m="42609" /><U27/><DORA hai="89" /><E27/><V23/><F23/><W75/><G75/><T35/><D20/><U86/><E124/><V96/><F82/><W30/><G131/><N who="1" m="50186" /><E114/><V14/><F60/><W48/><G59/><T2/><D128/><U90/><E135/><V13/><F13/><W76/><G26/><T119/><D35/><U12/><E12/><V43/><F43/><W42/><G42/><T99/><D33/><U17/><E17/><V115/><F115/><W15/><G15/><T40/><D40/><U22/><E22/><V120/><F120/><W71/><G71/><T77/><D3/><U118/><E118/><V25/><F25/><W93/><G105/><T8/><D119/><U61/><E61/><V7/><F7/><W19/><G67/><T91/><D6/><U62/><E62/><V116/><F116/><W98/><G56/><T5/><D5/><U123/><E123/><V104/><F104/><W134/><G134/><T64/><D66/><U53/><E53/><V36/><F36/><W112/><G112/><T4/><D4/><U38/><E38/><V70/><F70/><W72/><G72/><T94/><D64/><U78/><E73/><V74/><F74/><W68/><G68/><T133/><D69/><U44/><E44/><V57/><F57/><W1/><G1/><RYUUKYOKU ba="0,0" sc="513,-15,74,-15,194,15,219,15" hai2="9,14,16,83,87,88,95,96,121,122" hai3="19,21,24,29,30,31,48,76,81,84,93,98,101" /><INIT seed="6,1,0,3,5,68" ten="498,59,209,234" oya="2" hai0="2,88,105,115,29,103,8,44,108,28,79,94,3" hai1="124,25,49,77,128,92,130,75,15,48,33,72,31" hai2="34,6,131,13,19,16,53,20,69,32,61,129,95" hai3="47,42,24,60,59,111,41,5,14,1,58,81,83"/><V64/><F6/><W89/><G111/><T22/><D108/><U21/><E124/><V46/><F95/><W78/><G1/><T70/><D70/><U74/><E77/><V119/><F119/><W73/><G42/><T57/><D115/><U90/><E15/><V134/><F134/><W127/><G24/><T9/><D105/><U54/><E33/><V0/><F0/><W84/><G127/><T12/><D79/><U38/><E38/><V39/><F19/><W101/><G101/><T17/><D44/><U52/><E49/><N who="2" m="28855" /><F39/><W66/><G5/><T27/><D103/><U35/><E35/><V100/><F100/><W133/><G14/><T110/><D110/><U80/><E80/><V97/><F97/><W116/><G116/><T45/><D45/><U122/><E122/><V123/><F123/><W93/><G83/><T121/><D121/><U98/><REACH who="1" step="1"/><E48/><REACH who="1" ten="498,49,209,234" step="2"/><V67/><F32/><W30/><G133/><T37/><D3/><U51/><E51/><V114/><F34/><W43/><G43/><T7/><D37/><U18/><E18/><V85/><F13/><W82/><G82/><T99/><REACH who="0" step="1"/><D57/><REACH who="0" ten="488,49,209,234" step="2"/><U126/><E126/><V56/><F56/><W55/><G59/><T23/><D23/><U107/><E107/><V87/><F20/><W91/><G78/><T62/><D62/><U4/><E4/><AGARI ba="1,2" hai="2,4,7,8,9,12,17,22,27,28,29,88,94,99" machi="4" ten="30,7700,0" yaku="1,1,7,1,54,1,53,1" doraHai="68" doraHaiUra="11" who="0" fromWho="1" sc="488,100,49,-80,209,0,234,0" owari="588,68.8,-31,-53.1,209,-19.1,234,3.4" /></mjloggm>