<mjloggm ver="2.3"><GO type="41" lobby="0"/><UN n0="%62%75%6E%62%75%6E%32%34" n1="%E2%93%9D%4C%75%63%6B%79%4A" n2="%E3%81%BE%E3%81%A3%E3%81%A1%E2%99%AA" n3="%4B%69%6E%67%59%6F%39%32" dan="14,17,14,14" rate="1851.62,2137.06,1925.07,1915.72" sx="M,M,M,M"/><TAIKYOKU oya="0"/><INIT seed="0,0,0,0,2,39" ten="250,250,250,250" oya="0" hai0="71,13,64,72,14,2,41,43,100,24,29,80,56" hai1="18,118,84,51,79,105,78,1,55,61,121,103,34" hai2="67,36,116,57,54,127,113,40,122,60,119,49,0" hai3="115,70,107,44,133,114,68,134,129,6,69,123,124"/><T87/><D72/><U131/><E34/><V53/><F0/><W21/><G107/><T91/><D2/><U76/><E121/><V32/><F32/><W26/><G6/><T77/><D71/><U112/><E118/><N who="2" m="45099" /><F122/><W132/><G123/><T12/><D100/><U98/><E131/><V74/><F74/><W22/><G129/><T135/><D135/><U27/><E61/><V66/><F127/><W59/><G124/><T83/><D56/><U109/><E109/><V93/><F93/><W126/><G126/><T17/><D64/><U111/><E112/><N who="3" m="43050" /><G59/><T104/><D104/><U11/><E111/><V9/><F9/><W45/><G26/><T92/><D77/><U102/><E27/><V108/><F108/><W88/><G88/><T38/><D38/><U37/><E37/><V110/><F110/><W16/><G16/><T19/><D80/><U52/><E18/><N who="0" m="6665" /><D83/><U47/><E103/><V31/><F31/><W50/><G50/><T85/><D85/><U20/><E84/><V30/><F30/><W35/><G35/><T15/><N who="0" m="3072" /><DORA hai="97" /><T62/><D62/><U94/><E105/><V33/><F33/><W99/><G99/><T86/><D86/><U63/><E63/><V25/><F25/><W96/><G96/><T117/><D117/><U46/><E1/><V95/><F113/><W65/><G65/><T8/><D8/><U125/><E11/><V4/><F4/><W23/><AGARI ba="0,0" hai="21,22,23,44,45,68,69,70,132,133,134" m="43050" machi="23" ten="50,8000,1" yaku="29,2,28,2,20,1" doraHai="39,97" who="3" fromWho="3" sc="250,-40,250,-20,250,-20,250,80" /><INIT seed="1,0,0,0,0,66" ten="210,230,230,330" oya="1" hai0="134,76,125,74,72,2,42,61,35,30,50,124,83" hai1="3,135,73,52,98,38,77,85,6,112,12,111,88" hai2="86,119,93,64,117,5,48,78,53,69,123,116,133" hai3="128,33,4,130,18,34,118,68,45,89,70,59,39"/><U122/><E122/><V55/><F123/><W21/><G4/><T41/><D72/><U43/><E112/><V8/><F133/><W27/><G59/><T106/><D2/><U99/><E135/><V1/><F55/><W26/><G89/><T15/><D106/><U57/><E3/><V97/><F86/><W22/><G118/><T100/><D100/><U114/><E114/><V120/><F78/><W7/><G7/><T10/><D134/><U132/><E111/><V37/><F37/><W16/><G45/><T9/><D9/><N who="1" m="4151" /><E73/><V23/><F23/><W13/><G13/><T56/><D30/><U87/><E43/><V49/><F120/><W36/><AGARI ba="0,0" hai="16,18,21,22,26,27,33,34,36,39,68,70,128,130" machi="36" ten="25,12000,2" yaku="0,1,22,2,52,2,54,1" doraHai="66" who="3" fromWho="3" sc="210,-30,230,-60,230,-30,330,120" /><INIT seed="2,0,0,4,2,89" ten="180,170,200,450" oya="2" hai0="31,29,94,48,2,18,71,92,115,40,46,8,121" hai1="55,9,3,134,105,49,14,110,95,68,123,1,98" hai2="65,81,4,30,91,50,6,64,19,125,53,34,87" hai3="117,104,66,124,74,103,129,120,85,23,15,75,28"/><V107/><F107/><W41/><G120/><T60/><D121/><U69/><E123/><V37/><F37/><W11/><G117/><T77/><D115/><U24/><E105/><V0/><F125/><W82/><G124/><T127/><D127/><U54/><E110/><V43/><F43/><W39/><G129/><T27/><D77/><U10/><E24/><V108/><F108/><W32/><G32/><T26/><D2/><U42/><E42/><V102/><F102/><W90/><G66/><T133/><D133/><U22/><E22/><V119/><F119/><W16/><G104/><T132/><D132/><U130/><E134/><V38/><F38/><W45/><G103/><T67/><D8/><U58/><E130/><V79/><F30/><W96/><G96/><T63/><D63/><U84/><E84/><V61/><F34/><W78/><G28/><T25/><REACH who="0" step="1"/><D18/><REACH who="0" ten="170,170,200,450" step="2"/><U116/><E10/><V122/><F122/><W51/><G11/><T93/><AGARI ba="0,1" hai="25,26,27,29,31,40,46,48,60,67,71,92,93,94" machi="93" ten="30,12000,2" yaku="1,1,2,1,0,1,52,3,53,1" doraHai="89" doraHaiUra="36" who="0" fromWho="0" sc="170,130,170,-30,200,-60,450,-30" /><INIT seed="3,0,0,3,5,57" ten="300,140,140,420" oya="3" hai0="114,20,23,97,16,33,26,83,13,60,64,78,10" hai1="92,56,104,19,47,31,5,46,21,95,119,12,113" hai2="17,69,81,133,124,75,88,115,96,127,42,1,29" hai3="131,28,99,66,58,15,74,76,82,51,117,116,68"/><W132/><G131/><T70/><D114/><U49/><E104/><V63/><F1/><W55/><G132/><T112/><D112/><U110/><E113/><V38/><F115/><W37/><G28/><T50/><D50/><U102/><E110/><V126/><F133/><W30/><G30/><T43/><D43/><U80/><E119/><V85/><F29/><W14/><G37/><T18/><D97/><U25/><E5/><V53/><F75/><W40/><G99/><T41/><D41/><U120/><E120/><V103/><F17/><W135/><G135/><T122/><D122/><U77/><E102/><V89/><F42/><W128/><G128/><T100/><D100/><U107/><E107/><N who="2" m="63975" /><F38/><W94/><G40/><T52/><D23/><U34/><E47/><V93/><F93/><W59/><G94/><T27/><D27/><U123/><E46/><V86/><F86/><W24/><G24/><T6/><D33/><U39/><E39/><V79/><F53/><W48/><G117/><T134/><D134/><U72/><REACH who="1" step="1"/><E123/><REACH who="1" ten="300,130,140,420" step="2"/><V3/><F3/><W130/><G116/><T111/><D111/><U35/><E35/><V84/><F84/><W22/><G130/><T9/><D6/><U129/><E129/><V108/><F108/><W118/><G118/><T62/><D9/><U11/><E11/><V106/><F106/><W71/><G22/><T36/><D36/><U87/><E87/><V61/><F69/><W65/><G68/><T109/><D109/><U0/><E0/><V98/><F98/><W4/><G71/><T73/><D70/><U105/><E105/><RYUUKYOKU ba="0,1" sc="300,-15,130,15,140,15,420,-15" hai1="12,19,21,25,31,34,49,56,72,77,80,92,95" hai2="61,63,79,81,85,88,89,124,126,127" /><INIT seed="4,1,1,1,2,24" ten="285,145,155,405" oya="0" hai0="135,57,19,38,116,51,54,122,41,111,130,43,6" hai1="105,65,7,21,115,77,23,59,37,17,0,2,95" hai2="63,86,73,124,131,87,79,64,103,91,16,94,49" hai3="75,108,47,22,20,85,96,18,74,40,50,121,4"/><T36/><D6/><U113/><E105/><V25/><F131/><W34/><G108/><T27/><D19/><U132/><E37/><V81/><F124/><W70/><G70/><T80/><D80/><U71/><E71/><V119/><F119/><W114/><G4/><T93/><D93/><U28/><E65/><V55/><F103/><W134/><G34/><T35/><D116/><U61/><E77/><V39/><F39/><W128/><G128/><T56/><D122/><U15/><E59/><N who="0" m="22601" /><D27/><N who="1" m="16511" /><E61/><V30/><F63/><W89/><G121/><T52/><D35/><U5/><E95/><V82/><F64/><W92/><G114/><N who="1" m="43530" /><E132/><V31/><F81/><W126/><G126/><T32/><D32/><U67/><E67/><V120/><F73/><W48/><G134/><T127/><D127/><U42/><E42/><N who="0" m="15881" /><D135/><U26/><E7/><V46/><F120/><W107/><G22/><AGARI ba="1,1" hai="16,22,25,30,31,46,49,55,79,82,86,87,91,94" machi="22" ten="40,8000,1" yaku="8,1,52,2,54,1" doraHai="24" who="2" fromWho="3" sc="285,0,145,0,155,93,405,-83" /><INIT seed="5,0,0,3,3,12" ten="285,145,248,322" oya="1" hai0="132,92,61,45,6,47,42,62,97,2,30,13,21" hai1="58,23,114,70,36,49,67,125,118,105,32,40,60" hai2="84,56,77,88,131,5,74,72,59,83,124,68,28" hai3="100,130,101,90,75,65,128,115,119,108,110,44,123"/><U29/><E105/><V16/><F68/><W48/><G65/><T46/><D132/><U113/><E32/><V85/><F28/><W126/><G123/><T135/><D135/><U31/><E31/><V57/><F5/><W3/><G3/><T103/><D2/><U37/><E29/><V86/><F74/><W39/><G75/><T4/><D42/><U78/><E78/><V80/><F131/><N who="3" m="50219" /><G39/><N who="1" m="14922" /><E23/><V82/><F82/><W117/><G115/><N who="1" m="44042" /><E125/><V11/><REACH who="2" step="1"/><F124/><REACH who="2" ten="285,145,238,322" step="2"/><W20/><G126/><T15/><D30/><U112/><N who="1" m="44050" /><U134/><DORA hai="95" /><E134/><V43/><F43/><N who="3" m="24607" /><G110/><T94/><D6/><U24/><E24/><V22/><F22/><W69/><G69/><T71/><D71/><U76/><E76/><V14/><AGARI ba="0,1" hai="11,14,16,56,57,59,72,77,80,83,84,85,86,88" machi="14" ten="30,8000,1" yaku="1,1,0,1,52,1,54,2,53,0" doraHai="12,95" doraHaiUra="51,25" who="2" fromWho="2" sc="285,-20,145,-40,238,90,322,-20" /><INIT seed="6,0,0,3,3,46" ten="265,105,328,302" oya="2" hai0="115,16,5,18,86,9,128,11,38,118,64,57,22" hai1="4,75,104,116,20,78,34,23,127,40,132,32,125" hai2="95,76,56,83,43,8,66,12,74,126,13,69,1" hai3="21,111,3,10,79,52,110,51,72,65,97,89,92"/><V80/><F69/><W129/><G65/><T67/><D38/><U124/><E104/><V70/><F70/><W87/><G129/><T61/><D115/><U68/><E68/><V121/><F121/><W135/><G135/><T26/><D128/><U114/><E78/><V88/><F80/><W27/><G3/><T91/><D118/><U122/><E40/><V2/><F13/><W42/><G72/><T53/><D5/><U123/><E75/><V19/><F126/><W94/><G10/><T119/><D119/><U49/><E116/><V30/><F30/><W47/><G79/><T15/><REACH who="0" step="1"/><D9/><REACH who="0" ten="255,105,328,302" step="2"/><U93/><E114/><V108/><F108/><W130/><G130/><T45/><D45/><U101/><E4/><V59/><F1/><W100/><REACH who="3" step="1"/><G42/><REACH who="3" ten="255,105,328,292" step="2"/><T112/><D112/><U81/><E127/><V60/><F2/><W105/><G105/><T7/><D7/><U120/><E125/><V107/><F107/><W90/><G90/><T131/><D131/><U82/><E124/><V48/><F43/><W62/><G62/><T28/><D28/><AGARI ba="0,2" hai="21,27,28,47,51,52,87,89,92,94,97,100,110,111" machi="28" ten="30,7700,0" yaku="1,1,7,1,52,1,54,1,53,0" doraHai="46" doraHaiUra="6" who="3" fromWho="0" sc="255,-77,105,0,328,0,292,97" /><INIT seed="7,0,0,1,3,95" ten="178,105,328,389" oya="3" hai0="71,2,65,72,11,79,41,64,75,86,56,122,42" hai1="57,130,83,119,63,61,111,93,87,52,58,17,73" hai2="38,53,88,29,80,35,81,32,78,24,51,34,26" hai3="101,108,67,47,44,0,118,135,110,76,112,124,77"/><W100/><G118/><T7/><D122/><U5/><E111/><N who="3" m="42538" /><G0/><T4/><D71/><U128/><E119/><V113/><F38/><W107/><G124/><T43/><D7/><U123/><E123/><V103/><F113/><W94/><G112/><T114/><D114/><U36/><E36/><V85/><F26/><W91/><G135/><T59/><D79/><N who="3" m="30281" /><G67/><T121/><D121/><U31/><E31/><V97/><F51/><W40/><G107/><T133/><D86/><U104/><E104/><V134/><F53/><W89/><G89/><T19/><D133/><U14/><E5/><V8/><F8/><W21/><G21/><T27/><D27/><U9/><E73/><V98/><F134/><W66/><G66/><T82/><D82/><U20/><E9/><V23/><REACH who="2" step="1"/><F103/><REACH who="2" ten="178,105,318,389" step="2"/><N who="3" m="39499" /><G40/><T28/><D43/><U62/><E83/><V48/><F48/><W10/><G10/><T126/><D42/><U13/><E14/><V33/><F33/><W25/><G25/><T132/><D41/><U99/><E87/><AGARI ba="0,1" hai="23,24,29,32,34,35,78,80,81,85,87,88,97,98" machi="87" ten="40,8000,1" yaku="1,1,52,2,54,1,53,1" doraHai="95" doraHaiUra="84" who="2" fromWho="1" sc="178,0,105,-80,318,90,389,0" /><AGARI ba="0,0" hai="44,47,87,91,94" m="39499,30281,42538" machi="87" ten="30,1500,0" yaku="10,1" doraHai="95" who="3" fromWho="1" sc="178,0,25,-15,408,0,389,15" /><INIT seed="7,1,0,3,3,21" ten="178,10,408,404" oya="3" hai0="7,120,35,24,18,57,53,114,55,76,98,87,68" hai1="51,101,100,16,129,20,56,2,9,46,90,84,0" hai2="29,72,135,8,39,122,59,93,34,115,23,62,14" hai3="116,121,77,58,54,25,27,117,10,125,32,12,50"/><W78/><G121/><T91/><D120/><U127/><E127/><V83/><F122/><W94/><G125/><T17/><D68/><U92/><E129/><V74/><F39/><W113/><G113/><T63/><D7/><U89/><E2/><V30/><F34/><W110/><G110/><T13/><D114/><U130/><E130/><V95/><F115/><W19/><G116/><T36/><D36/><U64/><E0/><V65/><F72/><W26/><G117/><T126/><D76/><N who="3" m="29289" /><G32/><T119/><D126/><U31/><E31/><V134/><F74/><W108/><G108/><T105/><D119/><U99/><E9/><V103/><F83/><W88/><G27/><T71/><D71/><U73/><E73/><V102/><F102/><W106/><G106/><T109/><D109/><U80/><E56/><V48/><F48/><W81/><G81/><T47/><D105/><U69/><E64/><V96/><F93/><W131/><G131/><T11/><D98/><AGARI ba="1,0" hai="10,12,19,25,26,50,54,58,88,94,98" m="29289" machi="98" ten="30,11600,0" yaku="8,1,52,2,54,1" doraHai="21" who="3" fromWho="0" sc="178,-119,10,0,408,0,404,119" owari="59,-34.1,10,-49.0,408,20.8,523,62.3" /></mjloggm>