<mjloggm ver="2.3"><GO type="41" lobby="0"/><UN n0="%E2%93%9D%4C%75%63%6B%79%4A" n1="%E9%B3%B3%E6%9D%B1%E3%81%AE%E3%81%BF%E3%81%91%E3%81%AB%E3%82%83%E3%82%93" n2="%E3%82%B9%E3%83%BC%E3%82%B1%E3%83%99%E3%81%95%E3%82%93" n3="%E3%83%81%E3%83%A7%E3%83%83%E3%83%97%EF%BC%84" dan="13,15,14,14" rate="1975.13,2053.38,2031.06,1873.98" sx="M,F,M,F"/><TAIKYOKU oya="0"/><INIT seed="0,0,0,0,3,97" ten="250,250,250,250" oya="0" hai0="116,113,122,82,29,2,32,71,124,22,130,56,112" hai1="63,88,14,6,111,28,18,125,115,108,87,4,57" hai2="106,31,33,1,25,43,51,46,44,89,135,39,53" hai3="8,12,85,11,101,86,128,96,126,50,81,36,121"/><T24/><D71/><U68/><E68/><V123/><F123/><W49/><G36/><T105/><D105/><U34/><E125/><V73/><F135/><W15/><G126/><T52/><D124/><U54/><E115/><V72/><F1/><W134/><G134/><T119/><D122/><U79/><E79/><V27/><F27/><W21/><G121/><T5/><D82/><U10/><E28/><V110/><F110/><N who="1" m="42025" /><E34/><V127/><F127/><W84/><G128/><T16/><D56/><U83/><AGARI ba="0,0" hai="4,6,10,14,18,54,57,63,83,87,88" m="42025" machi="83" ten="30,2000,0" yaku="14,1,54,1" doraHai="97" who="1" fromWho="1" sc="250,-10,250,20,250,-5,250,-5" /><INIT seed="1,0,0,3,1,107" ten="240,270,245,245" oya="1" hai0="50,105,44,133,122,116,103,134,80,99,84,114,51" hai1="74,67,113,19,8,123,83,97,9,89,95,72,18" hai2="15,39,64,0,40,22,71,21,48,87,53,20,14" hai3="13,119,26,32,66,49,59,27,25,135,46,69,108"/><U11/><E113/><V130/><F0/><W104/><G104/><T81/><D114/><U82/><E123/><V60/><F130/><W37/><G32/><T42/><D122/><U68/><E67/><V102/><F102/><W94/><G119/><T111/><D116/><U129/><E68/><V106/><F106/><W61/><G135/><N who="0" m="51723" /><D111/><U98/><E98/><V92/><F92/><W10/><G94/><T132/><N who="0" m="51731" /><T70/><DORA hai="2" /><D70/><U4/><E129/><V29/><F29/><W85/><G85/><T79/><D81/><U77/><REACH who="1" step="1"/><E4/><REACH who="1" ten="240,260,245,245" step="2"/><V55/><F64/><W17/><G108/><T33/><D33/><U127/><E127/><V117/><F71/><W57/><REACH who="3" step="1"/><G37/><AGARI ba="0,1" hai="37,42,44,50,51,79,80,84,99,103,105" m="51731" machi="37" ten="40,1300,0" yaku="20,1" doraHai="107,2" who="0" fromWho="3" sc="240,23,260,0,245,0,245,-13" /><INIT seed="2,0,0,5,5,31" ten="263,260,245,232" oya="2" hai0="121,30,95,64,61,49,84,20,37,36,48,133,88" hai1="111,18,22,130,91,17,78,33,126,47,113,107,123" hai2="59,0,53,9,72,96,28,10,69,16,94,125,13" hai3="93,57,5,40,23,8,68,82,6,124,11,35,74"/><V24/><F125/><W32/><G68/><T65/><D121/><U66/><E78/><V110/><F69/><W100/><G124/><T14/><D133/><U122/><E113/><V44/><F72/><W80/><G40/><T70/><D65/><U135/><E66/><V101/><F110/><W12/><G23/><T7/><D7/><U67/><E67/><V131/><F131/><W106/><G106/><T25/><REACH who="0" step="1"/><D14/><REACH who="0" ten="253,260,245,232" step="2"/><U86/><E122/><V109/><F109/><W98/><G57/><T55/><D55/><U50/><E135/><V81/><F0/><W43/><G43/><T2/><D2/><U76/><E123/><V90/><F44/><W71/><G71/><T45/><D45/><U19/><E47/><V3/><F3/><W38/><G38/><AGARI ba="0,1" hai="20,25,30,36,37,38,48,49,61,64,70,84,88,95" machi="38" ten="40,2600,0" yaku="1,1,54,1,53,0" doraHai="31" doraHaiUra="51" who="0" fromWho="3" sc="253,36,260,0,245,0,232,-26" /><INIT seed="3,0,0,0,4,14" ten="289,260,245,206" oya="3" hai0="83,126,61,18,77,13,27,22,55,108,17,104,115" hai1="89,26,101,28,90,30,35,8,95,33,99,117,97" hai2="36,58,12,41,15,133,129,81,79,76,80,127,75" hai3="92,70,82,68,25,21,87,105,74,78,66,47,43"/><W39/><G105/><T16/><D104/><U52/><E117/><V60/><F129/><W37/><G37/><T32/><D32/><U106/><E8/><V50/><F36/><W73/><G66/><T29/><D108/><U67/><E67/><V53/><F133/><W19/><REACH who="3" step="1"/><G92/><REACH who="3" ten="289,260,245,196" step="2"/><T4/><D115/><U110/><E95/><V88/><F127/><W135/><G135/><T113/><D113/><U64/><E64/><V24/><F75/><AGARI ba="0,1" hai="19,21,25,39,43,47,68,70,73,74,75,78,82,87" machi="75" ten="40,3900,0" yaku="1,1,52,1,53,0" doraHai="14" doraHaiUra="86" who="3" fromWho="2" sc="289,0,260,0,245,-39,196,49" /><INIT seed="3,1,0,1,0,94" ten="289,260,206,245" oya="3" hai0="88,30,10,25,7,2,76,8,57,0,3,120,82" hai1="109,46,102,101,60,32,108,91,40,133,72,34,63" hai2="31,89,78,44,16,124,20,129,99,73,87,90,111" hai3="69,84,29,71,118,49,68,19,56,14,38,104,50"/><W119/><G38/><T43/><D120/><U75/><E91/><V126/><F111/><N who="1" m="42569" /><E133/><V42/><F129/><W28/><G104/><T85/><D43/><U93/><E63/><V23/><F31/><W41/><G84/><T95/><D57/><U115/><E60/><V26/><F23/><W83/><G83/><T61/><D61/><U67/><E67/><V114/><F114/><W27/><G29/><T127/><D127/><N who="2" m="48682" /><F73/><N who="1" m="28233" /><E115/><V96/><F78/><W24/><G24/><T92/><D10/><U97/><E102/><V64/><F64/><W62/><G41/><T132/><D132/><U80/><E80/><N who="2" m="49383" /><F90/><W98/><G119/><T48/><D76/><U36/><AGARI ba="1,0" hai="32,34,36,40,46,93,97,101" m="28233,42569" machi="36" ten="30,2000,0" yaku="14,1,52,1" doraHai="94" who="1" fromWho="1" sc="289,-6,260,23,206,-6,245,-11" /><INIT seed="4,0,0,1,3,66" ten="283,283,200,234" oya="0" hai0="47,101,6,65,109,25,114,40,26,121,56,116,67" hai1="52,15,48,104,107,91,83,35,126,53,124,70,29" hai2="55,120,133,112,75,89,30,16,88,44,86,58,92" hai3="125,31,122,82,19,11,119,10,111,77,102,46,74"/><T68/><D121/><U54/><E48/><V123/><F112/><W34/><G119/><T87/><D116/><U85/><E15/><V1/><F75/><W78/><G122/><T61/><D114/><U96/><E29/><V12/><F1/><W41/><G111/><T113/><D113/><U42/><E42/><V95/><F133/><W45/><G125/><N who="1" m="48234" /><E35/><V105/><F105/><N who="1" m="40521" /><E96/><V51/><F30/><W39/><G31/><T49/><D109/><U135/><E135/><V22/><REACH who="2" step="1"/><F44/><REACH who="2" ten="283,283,190,234" step="2"/><W80/><G34/><T50/><D47/><U72/><E72/><V64/><F64/><W130/><G74/><T110/><D67/><U0/><E0/><V18/><F18/><W2/><G19/><T4/><D110/><U59/><E59/><V69/><F69/><AGARI ba="0,1" hai="52,53,54,69,70,83,85,91" m="40521,48234" machi="69" ten="40,8000,1" yaku="18,1,52,2,54,1" doraHai="66" who="1" fromWho="2" sc="283,0,283,90,190,-80,234,0" /><INIT seed="5,0,0,4,2,34" ten="283,373,110,234" oya="1" hai0="76,84,0,42,53,103,128,59,119,24,116,60,67" hai1="26,39,82,44,36,31,19,66,109,10,41,57,51" hai2="98,63,80,123,113,15,74,61,118,16,28,106,85" hai3="43,132,40,89,11,131,64,95,13,122,3,58,47"/><U100/><E100/><V20/><F118/><W35/><G122/><T45/><D24/><U93/><E93/><V1/><F123/><W125/><G35/><T12/><D12/><U71/><E82/><V102/><F1/><W115/><G115/><T110/><D103/><U135/><E135/><V108/><F108/><W38/><G132/><T92/><D0/><U87/><E87/><V86/><F113/><W72/><G72/><T65/><D76/><U99/><E99/><V48/><F74/><W30/><G40/><T101/><D101/><U73/><E73/><V117/><F117/><N who="0" m="45130" /><D92/><U9/><E39/><V129/><F129/><W2/><G131/><T17/><D17/><U52/><E19/><V27/><F48/><W5/><G30/><T69/><D84/><U77/><E77/><V68/><F68/><W75/><G125/><T97/><D97/><U107/><E107/><V32/><REACH who="2" step="1"/><F85/><REACH who="2" ten="283,373,100,234" step="2"/><W7/><G75/><T124/><D128/><U134/><E109/><V111/><F111/><W126/><G126/><T133/><D110/><U120/><E120/><V94/><F94/><W23/><G95/><T21/><D69/><U112/><E112/><V130/><F130/><W18/><G3/><T54/><D133/><U114/><E114/><V121/><F121/><W91/><REACH who="3" step="1"/><G7/><REACH who="3" ten="283,373,100,224" step="2"/><T96/><D124/><U127/><E127/><V88/><AGARI ba="0,2" hai="15,16,20,27,28,32,61,63,80,86,88,98,102,106" machi="88" ten="20,12000,2" yaku="1,1,0,1,7,1,54,2,53,1" doraHai="34" doraHaiUra="14" who="2" fromWho="2" sc="283,-30,373,-60,100,140,224,-30" /><INIT seed="6,0,0,4,2,5" ten="253,313,240,194" oya="2" hai0="74,85,37,101,62,77,72,49,63,121,88,47,53" hai1="126,114,94,7,58,35,45,75,73,116,19,31,52" hai2="68,71,12,32,39,133,119,104,107,98,50,83,113" hai3="38,134,48,87,46,115,21,10,44,105,41,96,84"/><V69/><F119/><W128/><G134/><T33/><D33/><U109/><E109/><V17/><F39/><W27/><G128/><T26/><D121/><U118/><E7/><V18/><F32/><W132/><G132/><T40/><D101/><U65/><E31/><V0/><F0/><W76/><G115/><T6/><D77/><U1/><E1/><V2/><F2/><W100/><G76/><T51/><D26/><U102/><E114/><V20/><F133/><W82/><G82/><T61/><D6/><U66/><E35/><V110/><F113/><W34/><G34/><T16/><D16/><U67/><E75/><V120/><F120/><W15/><G46/><T81/><REACH who="0" step="1"/><D51/><REACH who="0" ten="243,313,240,194" step="2"/><U111/><E19/><N who="2" m="10343" /><F50/><W125/><G38/><T106/><D106/><U103/><E103/><N who="2" m="62583" /><F107/><W86/><G125/><T95/><D95/><U59/><E94/><V99/><F110/><W14/><G14/><T130/><D130/><U131/><E131/><V3/><F3/><W112/><G112/><T70/><D70/><U22/><E111/><V43/><F83/><W78/><G78/><T135/><D135/><U29/><E126/><V80/><F80/><W11/><REACH who="3" step="1"/><G15/><REACH who="3" ten="243,313,240,184" step="2"/><T123/><D123/><U127/><E127/><V89/><F71/><W92/><G92/><T97/><D97/><U23/><E116/><V122/><F69/><W4/><G4/><T24/><D24/><U90/><E118/><V30/><F68/><W60/><G60/><T124/><D124/><U79/><E79/><V56/><F122/><W129/><G129/><T9/><D9/><U42/><E73/><RYUUKYOKU ba="0,2" sc="243,15,313,-15,240,-15,184,15" hai0="37,40,47,49,53,61,62,63,72,74,81,85,88" hai3="10,11,21,27,41,44,48,84,86,87,96,100,105" /><INIT seed="7,1,2,1,3,83" ten="258,298,225,199" oya="3" hai0="124,57,74,11,85,51,105,125,109,12,27,2,18" hai1="28,78,36,113,84,119,130,64,131,135,80,32,29" hai2="62,3,21,122,39,68,56,127,8,19,115,82,55" hai3="123,66,87,90,99,117,79,93,43,23,63,26,40"/><W41/><G117/><T104/><D74/><U42/><E119/><V65/><F115/><W118/><G118/><T88/><D2/><U121/><E121/><V37/><F122/><W35/><G35/><T72/><D72/><U129/><E113/><V106/><F106/><W7/><G123/><T116/><D116/><U102/><E135/><V132/><F132/><W75/><G75/><T100/><D100/><U73/><E102/><V53/><F127/><N who="0" m="48714" /><D109/><U58/><E32/><V44/><F82/><W67/><G7/><T76/><D76/><U114/><E114/><V91/><F91/><W96/><G79/><T111/><D27/><U20/><E73/><V94/><F3/><W101/><G63/><T97/><D97/><U108/><E108/><V128/><F94/><W34/><G34/><T77/><D77/><U89/><E78/><V70/><F8/><W110/><G110/><T0/><D0/><U13/><E42/><N who="2" m="22607" /><F39/><W15/><G15/><T14/><D14/><U95/><E36/><V45/><F128/><W49/><G49/><T17/><D111/><U133/><E95/><V112/><F112/><W47/><G47/><T86/><D105/><U103/><E103/><V69/><F45/><W22/><G22/><T38/><D104/><U24/><E13/><V16/><F21/><W50/><G50/><T59/><D51/><U71/><E133/><V92/><F92/><N who="3" m="54367" /><G96/><T30/><D38/><U54/><E71/><N who="2" m="18179" /><V33/><DORA hai="98" /><F33/><W1/><G1/><T46/><D46/><U10/><E10/><V126/><F126/><W4/><G4/><T120/><D120/><RYUUKYOKU ba="1,2" sc="258,-15,298,-15,225,15,199,15" hai2="16,19,53,55,56,62,65" hai3="23,26,40,41,43,66,67,93,99,101" /><INIT seed="7,2,2,3,5,25" ten="243,283,240,214" oya="3" hai0="98,53,91,69,77,74,10,96,115,7,114,37,131" hai1="38,112,19,47,66,14,59,62,60,34,23,52,101" hai2="56,82,49,26,57,110,35,75,45,40,24,108,86" hai3="107,64,27,30,58,8,32,41,22,20,4,125,84"/><W72/><G72/><T42/><D69/><U102/><E34/><V132/><F75/><W83/><G107/><T121/><D53/><U130/><E112/><N who="0" m="43049" /><D91/><U21/><E130/><V39/><F132/><W16/><G125/><T9/><D10/><N who="1" m="6615" /><E38/><V73/><F73/><W6/><G41/><T28/><D28/><U51/><E62/><V50/><F35/><W81/><G22/><AGARI ba="2,2" hai="21,22,23,47,51,52,59,60,66,101,102" m="6615" machi="22" ten="30,2000,0" yaku="8,1,54,1" doraHai="25" who="1" fromWho="3" sc="243,0,283,46,240,0,214,-26" owari="243,4.3,329,42.9,240,-16.0,188,-31.2" /></mjloggm>