<mjloggm ver="2.3"><GO type="41" lobby="0"/><UN n0="%E3%82%BF%E3%82%B1%E3%82%84%E3%82%93" n1="%6B%74%67%77%6B%74%72" n2="%E2%93%9D%4C%75%63%6B%79%4A" n3="%E3%83%9D%E3%83%B3%E3%83%84%E3%82%AB" dan="14,15,13,13" rate="1973.45,1996.50,1826.42,1889.10" sx="M,M,M,M"/><TAIKYOKU oya="0"/><INIT seed="0,0,0,2,2,2" ten="250,250,250,250" oya="0" hai0="13,134,71,126,124,113,34,101,83,111,58,37,88" hai1="26,65,125,96,43,116,87,17,31,47,18,100,63" hai2="64,12,44,36,77,15,48,95,6,98,82,86,120" hai3="104,78,62,92,99,131,102,108,1,128,72,118,76"/><T109/><D37/><U55/><E87/><V115/><F120/><W67/><G118/><T32/><D113/><U60/><E55/><V39/><F115/><W70/><G108/><N who="0" m="41547" /><D71/><U46/><E125/><N who="0" m="48233" /><D134/><U61/><E116/><V75/><F75/><W73/><G1/><T93/><D13/><U57/><E61/><V54/><F64/><W45/><G45/><T35/><D83/><U129/><E60/><V49/><F39/><W10/><G72/><T133/><D133/><U81/><E81/><V106/><F106/><W123/><G104/><T25/><D101/><U21/><E129/><N who="3" m="49738" /><G73/><T68/><D58/><U89/><E89/><V23/><F36/><W3/><G123/><T112/><D68/><U80/><E80/><V107/><F107/><W4/><AGARI ba="0,0" hai="3,4,10,62,67,70,76,78,92,99,102" m="49738" machi="4" ten="30,2000,0" yaku="19,1,52,1" doraHai="2" who="3" fromWho="3" sc="250,-10,250,-5,250,-5,250,20" /><INIT seed="1,0,0,5,2,121" ten="240,245,245,270" oya="1" hai0="56,82,9,119,2,33,92,8,101,39,98,17,32" hai1="38,91,79,105,127,24,65,15,28,124,126,117,20" hai2="60,52,34,30,68,58,113,41,43,36,47,87,118" hai3="67,108,31,78,66,44,129,48,106,29,122,26,134"/><U7/><E117/><V35/><F118/><W59/><G122/><T85/><D119/><U114/><E114/><V132/><F113/><W0/><G0/><T135/><D39/><U120/><E120/><V61/><F30/><W88/><G106/><T55/><D135/><U3/><E105/><V109/><F87/><W74/><G134/><T104/><D104/><U45/><E65/><N who="2" m="41007" /><F35/><W86/><G129/><T51/><D9/><N who="1" m="2303" /><E15/><V112/><F34/><W115/><G115/><T14/><D2/><U81/><E91/><AGARI ba="0,0" hai="8,14,17,32,33,51,55,56,82,85,91,92,98,101" machi="91" ten="30,1000,0" yaku="7,1" doraHai="121" who="0" fromWho="1" sc="240,10,245,-10,245,0,270,0" /><INIT seed="2,0,0,4,4,20" ten="250,235,245,270" oya="2" hai0="88,105,128,47,131,120,66,100,132,23,56,13,57" hai1="85,12,52,96,74,90,16,6,58,65,54,75,49" hai2="118,102,110,115,34,125,92,31,55,87,11,39,78" hai3="61,43,95,127,9,114,98,62,17,33,37,109,116"/><V4/><F115/><W86/><G116/><T30/><D120/><U15/><E65/><V38/><F118/><W22/><G114/><T80/><D132/><U51/><E96/><V99/><F125/><W104/><G33/><T45/><D100/><U67/><E6/><V5/><F5/><W42/><G127/><T60/><D105/><U48/><E67/><V50/><F110/><W123/><G109/><T0/><D0/><U28/><E28/><V7/><F7/><W36/><G9/><T77/><D57/><U73/><E15/><V106/><F78/><W10/><G10/><T121/><D121/><U76/><E76/><V134/><F134/><W71/><G123/><T41/><D47/><U3/><E3/><V46/><F87/><W1/><G1/><T94/><D13/><U91/><E58/><V68/><F68/><W119/><G71/><T59/><D59/><U25/><E25/><V82/><F82/><W64/><G119/><T112/><D112/><U129/><E129/><N who="0" m="49737" /><D23/><U81/><REACH who="1" step="1"/><E90/><REACH who="1" ten="250,225,245,270" step="2"/><V93/><F4/><W40/><G64/><T32/><D30/><U101/><E101/><V130/><F130/><W79/><G104/><T18/><D18/><U26/><E26/><V124/><F124/><W8/><G17/><T113/><D113/><U70/><E70/><V122/><F122/><W2/><G2/><T63/><D77/><U29/><E29/><V103/><F103/><W83/><G79/><T69/><D69/><U72/><N who="1" m="18432" /><DORA hai="14" /><U108/><E108/><V24/><F11/><AGARI ba="0,1" hai="11,12,16,48,49,51,52,54,81,85,91" m="18432" machi="11" ten="70,12000,2" yaku="1,1,52,1,54,2,53,3" doraHai="20,14" doraHaiUra="44,135" who="1" fromWho="2" sc="250,0,225,130,245,-120,270,0" /><INIT seed="3,0,0,1,3,101" ten="250,355,125,270" oya="3" hai0="97,53,65,68,89,67,3,107,72,104,46,24,19" hai1="86,100,114,69,22,18,125,135,120,34,28,10,30" hai2="108,50,27,71,66,127,133,74,79,102,84,54,70" hai3="56,35,130,52,83,32,80,117,9,99,7,59,122"/><W47/><G117/><T16/><D3/><U75/><E69/><V49/><F74/><W40/><G122/><T124/><D72/><U62/><E75/><V94/><F108/><W87/><G99/><T48/><D124/><U91/><E114/><V58/><F133/><W39/><G59/><T96/><D89/><U134/><E120/><V6/><F6/><W23/><G23/><T92/><D68/><U21/><E62/><V123/><F127/><W37/><G37/><T1/><D1/><U26/><E125/><V81/><F123/><W64/><G64/><T44/><D24/><U77/><E100/><V57/><F27/><W98/><G98/><T60/><D92/><U109/><E77/><V45/><F102/><W76/><G83/><T85/><D60/><U63/><E63/><V132/><F132/><N who="1" m="50729" /><E109/><V110/><F110/><W38/><G38/><T11/><D11/><U128/><E128/><V78/><F79/><W25/><G130/><T126/><D126/><U88/><E30/><V13/><F94/><W95/><G95/><T0/><D0/><U36/><E36/><V4/><F66/><W115/><G115/><T112/><D112/><U20/><E10/><N who="2" m="4295" /><F58/><W5/><G5/><T131/><D131/><U116/><E116/><V106/><F106/><W15/><G25/><T14/><D14/><N who="1" m="9303" /><E91/><V55/><F71/><W82/><G82/><AGARI ba="0,0" hai="21,22,26,28,34,82,86,88" m="9303,50729" machi="82" ten="30,2000,0" yaku="20,1,54,1" doraHai="101" who="1" fromWho="3" sc="250,0,355,20,125,0,270,-20" /><INIT seed="4,0,0,4,1,105" ten="250,375,125,250" oya="0" hai0="72,89,78,16,121,94,64,23,97,96,126,135,71" hai1="39,33,18,51,2,11,21,40,24,32,29,81,77" hai2="35,31,128,65,80,86,93,41,75,62,8,111,127" hai3="112,25,28,47,90,106,70,66,52,102,101,49,84"/><T27/><D121/><U7/><E51/><V9/><F111/><W59/><G112/><T61/><D135/><U115/><E115/><V56/><F127/><W132/><G106/><T0/><D0/><U122/><E122/><V46/><F128/><W91/><G70/><T53/><D126/><U38/><E29/><V44/><F46/><W120/><G91/><T110/><D110/><U79/><E79/><V95/><F35/><W68/><G68/><T73/><D78/><U103/><E103/><V14/><F9/><W37/><G132/><T116/><D116/><U19/><E19/><V131/><F31/><W123/><G120/><T117/><D117/><U87/><E39/><V98/><F98/><W88/><G90/><T114/><D114/><U22/><E21/><V63/><F63/><N who="3" m="38271" /><G37/><T130/><D130/><U107/><E107/><V20/><F20/><N who="3" m="15399" /><G123/><T17/><D97/><U34/><E32/><V10/><F10/><W48/><G49/><T99/><D99/><U108/><E108/><V50/><F75/><W57/><G47/><T100/><D100/><U85/><E85/><V55/><F65/><W58/><G57/><T6/><D6/><U26/><E24/><V30/><F30/><W74/><G74/><T42/><D42/><U76/><E77/><N who="2" m="46351" /><F131/><W1/><G1/><T134/><D134/><U3/><E2/><V60/><F62/><W15/><G15/><T54/><D17/><AGARI ba="0,0" hai="8,14,17,41,44,50,55,56,60,93,95" m="46351" machi="17" ten="30,1000,0" yaku="8,1" doraHai="105" who="2" fromWho="0" sc="250,-10,375,0,125,10,250,0" /><INIT seed="5,0,0,4,2,113" ten="240,375,135,250" oya="1" hai0="117,10,27,37,66,26,91,3,48,127,83,60,19" hai1="68,87,17,98,86,126,6,96,119,4,89,20,25" hai2="121,38,28,85,24,8,30,135,114,133,69,57,29" hai3="108,42,82,84,31,123,16,64,0,2,21,88,46"/><U130/><E68/><V106/><F106/><W9/><G108/><T47/><D127/><U34/><E130/><V1/><F38/><W33/><G64/><T128/><D128/><U65/><E65/><V44/><F44/><W18/><G123/><T49/><D37/><U72/><E72/><V125/><F85/><W59/><G59/><T63/><D117/><U62/><E62/><N who="0" m="23593" /><D3/><U76/><E126/><V73/><F73/><W132/><G132/><N who="2" m="50761" /><F57/><W12/><G18/><T43/><D66/><U81/><E119/><V131/><F69/><W53/><G53/><T7/><D49/><U115/><E34/><V40/><F40/><W111/><G111/><T54/><D7/><N who="1" m="2603" /><E115/><V122/><F114/><W107/><G33/><T79/><D43/><U118/><E118/><V15/><F1/><W14/><G107/><T23/><D79/><U110/><E110/><V102/><F102/><W112/><G112/><T105/><D105/><U41/><E41/><V35/><F131/><W116/><G116/><T94/><D83/><AGARI ba="0,0" hai="17,20,25,76,81,83,86,87,89,96,98" m="2603" machi="83" ten="30,1500,0" yaku="8,1" doraHai="113" who="1" fromWho="0" sc="240,-15,375,15,135,0,250,0" /><INIT seed="5,1,0,3,0,113" ten="225,390,135,250" oya="1" hai0="90,111,54,49,12,128,60,34,132,110,74,125,124" hai1="62,80,85,129,44,11,40,31,17,106,88,33,96" hai2="133,79,26,115,20,66,108,2,82,102,32,15,21" hai3="8,27,103,107,127,65,63,100,25,6,84,68,120"/><U14/><E129/><V10/><F108/><N who="0" m="41514" /><D34/><U3/><E3/><V83/><F115/><W43/><G43/><T105/><D74/><U86/><E62/><V72/><F133/><W112/><G112/><T1/><D1/><U39/><E86/><V5/><F102/><W0/><G100/><T77/><D105/><U81/><E31/><V119/><F66/><W98/><G84/><T130/><D77/><U46/><E33/><V117/><F83/><W97/><G98/><T92/><D12/><U121/><E121/><V95/><F95/><W4/><G120/><T37/><D37/><U57/><E46/><V41/><F41/><W50/><G6/><T35/><D35/><U75/><E75/><V94/><F94/><W9/><G8/><T42/><D90/><U114/><E114/><V48/><F48/><W22/><G50/><T118/><D92/><U64/><E106/><V58/><F58/><W135/><G135/><T116/><D60/><U104/><E104/><V71/><F71/><W45/><G45/><N who="0" m="27951" /><D42/><U36/><E36/><V122/><F122/><W89/><G89/><T24/><D24/><U76/><E96/><V51/><F51/><W99/><G25/><T13/><D13/><U55/><E39/><V30/><REACH who="2" step="1"/><F15/><REACH who="2" ten="225,390,125,250" step="2"/><W70/><G99/><T47/><D132/><U93/><E40/><V59/><F59/><N who="3" m="37119" /><G127/><N who="0" m="48715" /><D47/><U28/><E44/><V109/><F109/><W134/><G134/><T91/><D91/><U38/><E38/><V7/><F7/><W23/><G27/><T101/><D101/><U126/><E126/><V18/><F18/><W29/><G29/><RYUUKYOKU ba="1,1" sc="225,10,390,-30,125,10,250,10" hai0="116,118,128,130" hai2="2,5,10,20,21,26,30,32,72,79,82,117,119" hai3="0,4,9,22,23,68,70,97,103,107" /><INIT seed="6,2,1,0,3,44" ten="235,360,135,260" oya="2" hai0="38,24,16,135,90,129,8,114,62,85,115,59,15" hai1="131,126,118,87,113,21,40,53,20,18,100,2,94" hai2="26,46,133,33,14,122,130,78,27,56,95,9,6" hai3="30,25,102,3,69,111,110,116,17,55,12,67,32"/><V99/><F122/><W13/><G116/><T106/><D106/><U81/><E118/><V89/><F133/><W45/><G102/><T54/><D38/><U79/><E2/><V109/><F109/><W125/><G12/><T50/><D135/><U97/><E113/><N who="0" m="43017" /><D129/><U23/><E131/><V86/><F130/><W11/><G125/><T4/><D24/><N who="1" m="14359" /><E40/><V123/><F123/><W68/><G67/><T105/><D105/><U108/><E108/><V19/><F33/><W92/><G111/><T52/><D4/><U84/><E126/><V98/><F56/><W35/><G35/><T124/><D124/><U37/><E37/><V61/><F61/><W73/><G73/><T49/><D54/><U70/><E70/><V96/><F78/><W134/><G134/><T101/><D101/><U28/><E87/><V34/><F34/><W82/><G110/><T39/><D39/><U22/><E53/><V47/><REACH who="2" step="1"/><F27/><AGARI ba="2,1" hai="21,22,23,27,28,79,81,84,94,97,100" m="14359" machi="27" ten="30,1000,0" yaku="8,1" doraHai="44" who="1" fromWho="2" sc="235,0,360,26,135,-16,260,0" /><INIT seed="7,0,0,0,2,109" ten="235,386,119,260" oya="3" hai0="117,52,0,42,105,76,48,36,56,77,78,106,1" hai1="74,8,119,110,17,81,7,33,87,45,128,2,68" hai2="49,71,120,64,89,123,37,47,57,134,6,111,85" hai3="93,116,69,102,67,18,62,114,3,50,12,4,28"/><W122/><G116/><T97/><D117/><U39/><E110/><V43/><F6/><W98/><G122/><T60/><D36/><U108/><E108/><V86/><F86/><W22/><G3/><T121/><D121/><U82/><E68/><V44/><F85/><W23/><G4/><T65/><D42/><N who="1" m="22751" /><E33/><V126/><F89/><W101/><G50/><T70/><REACH who="0" step="1"/><D97/><REACH who="0" ten="225,386,119,260" step="2"/><U61/><E119/><V25/><F111/><W135/><G135/><T92/><D92/><U55/><E128/><V30/><F123/><W125/><G125/><T46/><D46/><U63/><E82/><V75/><F120/><W31/><G101/><T118/><D118/><U34/><E34/><V24/><F47/><W88/><G102/><T11/><D11/><U20/><E87/><V131/><F37/><W35/><G23/><T107/><AGARI ba="0,1" hai="0,1,48,52,56,60,65,70,76,77,78,105,106,107" machi="107" ten="40,5200,0" yaku="1,1,0,1,54,1,53,0" doraHai="109" doraHaiUra="41" who="0" fromWho="0" sc="225,62,386,-13,119,-13,260,-26" owari="287,8.7,373,47.3,106,-39.4,234,-16.6" /></mjloggm>