<mjloggm ver="2.3"><GO type="9" lobby="0"/><UN n0="%4E%30%6E%61%6D%65" n1="%E2%93%9D%4C%75%63%6B%79%4A" n2="%4E%6F%4E%61%6D%65" n3="%E3%82%88%E3%81%93%E3%82%84%E3%81%BE" dan="7,4,0,12" rate="1781.19,1557.21,1500.00,1740.02" sx="M,M,M,F"/><TAIKYOKU oya="0"/><INIT seed="0,0,0,5,1,0" ten="250,250,250,250" oya="0" hai0="82,80,68,98,49,44,129,3,109,53,133,66,26" hai1="56,102,7,67,94,63,65,59,99,119,22,89,55" hai2="104,45,100,4,108,76,122,2,92,62,28,121,58" hai3="21,125,31,83,64,57,91,123,72,34,106,25,5"/><T86/><D3/><U47/><E119/><V132/><F108/><W74/><G123/><T18/><D129/><U60/><E47/><V14/><F104/><W73/><G106/><T114/><D109/><U10/><E22/><V124/><F132/><W50/><G125/><T27/><D114/><U51/><E51/><V128/><F76/><W107/><G107/><T84/><D133/><U70/><E70/><V29/><F2/><W113/><G113/><T112/><D112/><U16/><E55/><V90/><F100/><W134/><G134/><T130/><D130/><U48/><E48/><V43/><F124/><W8/><G91/><T40/><D68/><U37/><E37/><V81/><F81/><N who="0" m="31338" /><D66/><U120/><E120/><V97/><F128/><W61/><G50/><N who="0" m="26887" /><D98/><U32/><E32/><V71/><F71/><W75/><G83/><T93/><D18/><U87/><E16/><V54/><F121/><W77/><G77/><T79/><D79/><U24/><E24/><N who="0" m="9257" /><D93/><U101/><REACH who="1" step="1"/><E99/><REACH who="1" ten="250,240,250,250" step="2"/><V103/><F97/><W13/><G74/><T9/><D9/><U36/><E36/><V35/><F122/><W39/><G39/><T126/><D126/><U118/><E118/><V11/><F35/><W33/><AGARI ba="0,1" hai="5,8,13,21,25,31,33,34,57,61,64,72,73,75" machi="33" ten="40,2700,0" yaku="0,1,52,1" doraHai="0" who="3" fromWho="3" sc="250,-13,240,-7,250,-7,250,37" /><INIT seed="1,0,0,1,4,132" ten="237,233,243,287" oya="1" hai0="52,16,2,114,108,20,94,18,62,67,60,130,59" hai1="32,27,115,118,41,33,102,14,77,43,13,30,86" hai2="81,46,113,68,22,10,15,34,133,6,0,31,55" hai3="112,95,65,106,26,85,71,37,96,11,120,21,91"/><U107/><E115/><V125/><F113/><W90/><G112/><T24/><D2/><U103/><E118/><V28/><F133/><W87/><G120/><T92/><D108/><U109/><E109/><V76/><F68/><W84/><G37/><T17/><D130/><U104/><E27/><V135/><F135/><W89/><G106/><T47/><D114/><U49/><E49/><V63/><F34/><W51/><G11/><T19/><D47/><U70/><E86/><V44/><F0/><W72/><G72/><T50/><D50/><U134/><E134/><V93/><F93/><W56/><G71/><T110/><D110/><U45/><E70/><V3/><F3/><W64/><G64/><T129/><D129/><U105/><E45/><V66/><F22/><W88/><G91/><T29/><N who="0" m="4096" /><DORA hai="69" /><T57/><AGARI ba="0,0" hai="20,24,29,52,57,59,60,62,67,92,94" m="4096" machi="57" ten="40,8000,1" yaku="4,1,0,1,8,1,54,2" doraHai="132,69" who="0" fromWho="0" sc="237,80,233,-40,243,-20,287,-20" /><INIT seed="2,0,0,1,2,43" ten="317,193,223,267" oya="2" hai0="116,0,8,42,119,108,29,47,82,101,74,67,111" hai1="27,87,52,48,23,14,96,88,110,1,59,19,95" hai2="46,132,10,118,28,58,126,84,49,39,24,124,130" hai3="73,91,76,16,31,25,70,13,125,20,131,94,117"/><V15/><F118/><N who="0" m="45098" /><D67/><U33/><E110/><N who="0" m="42025" /><D101/><U51/><E1/><V120/><F120/><W57/><G117/><T12/><D29/><U106/><E106/><V114/><F114/><W68/><G68/><T79/><D0/><U44/><E33/><V53/><F130/><W71/><G125/><T128/><D128/><U64/><E64/><V36/><F132/><W107/><G131/><T38/><D8/><U129/><E129/><V56/><F84/><W135/><G107/><T60/><D60/><U83/><E27/><V26/><F39/><W11/><G135/><T6/><D6/><U85/><REACH who="1" step="1"/><E83/><REACH who="1" ten="317,183,223,267" step="2"/><V78/><F26/><W65/><G65/><T92/><D12/><U81/><E81/><V127/><F24/><W98/><G71/><T22/><D92/><U50/><E50/><V62/><F49/><W69/><G69/><T37/><D22/><U45/><E45/><V75/><F46/><W77/><G70/><T112/><D37/><U103/><E103/><V134/><F36/><W4/><G57/><T109/><D109/><U61/><E61/><V34/><F62/><W21/><REACH who="3" step="1"/><G73/><REACH who="3" ten="317,183,223,257" step="2"/><T97/><D112/><U80/><E80/><V66/><F124/><W123/><G123/><T7/><D38/><U121/><E121/><V115/><F126/><W35/><G35/><T72/><D72/><U9/><E9/><V40/><F10/><W105/><G105/><T63/><D47/><U102/><E102/><V2/><F75/><W90/><G90/><T133/><D74/><U113/><E113/><V55/><F115/><W17/><G17/><T18/><D18/><RYUUKYOKU ba="0,2" sc="317,-15,183,15,223,-15,257,15" hai1="14,19,23,44,48,51,52,59,85,87,88,95,96" hai3="4,11,13,16,20,21,25,31,76,77,91,94,98" /><INIT seed="3,1,2,4,5,4" ten="302,198,208,272" oya="3" hai0="0,120,19,26,22,63,33,65,39,104,106,103,46" hai1="102,15,56,126,45,43,28,83,121,79,30,71,88" hai2="7,89,91,122,62,3,72,53,125,111,70,9,41" hai3="20,128,35,76,48,17,2,58,21,32,127,92,10"/><W95/><G127/><T66/><D120/><U55/><E71/><V34/><F125/><W27/><G128/><T86/><D0/><U59/><E102/><V94/><F122/><W52/><G76/><T29/><D86/><U49/><E126/><V6/><F111/><W93/><REACH who="3" step="1"/><G21/><REACH who="3" ten="302,198,208,262" step="2"/><T14/><D33/><U61/><E121/><V60/><F34/><W8/><G8/><T78/><D78/><U11/><E79/><V42/><F9/><W113/><G113/><T135/><D135/><U36/><E83/><V69/><F72/><W110/><G110/><T84/><D22/><U129/><E129/><V13/><F3/><W116/><G116/><T90/><D106/><U5/><REACH who="1" step="1"/><E88/><REACH who="1" ten="302,188,208,262" step="2"/><V109/><F91/><W117/><G117/><T108/><D90/><U77/><E77/><V50/><F89/><W47/><G47/><T64/><D46/><U114/><E114/><V87/><F109/><W119/><G119/><T1/><D108/><U97/><E97/><V44/><F44/><W82/><G82/><T67/><D103/><U107/><E107/><V75/><F75/><W85/><G85/><T24/><D84/><U23/><E23/><V81/><F87/><W130/><G130/><T51/><D104/><U115/><E115/><V112/><F81/><W74/><G74/><T57/><D65/><AGARI ba="1,4" hai="5,11,15,28,30,36,43,45,49,55,56,59,61,65" machi="65" ten="30,3900,0" yaku="1,1,7,1,52,1,53,0" doraHai="4" doraHaiUra="118" who="1" fromWho="0" sc="302,-42,188,82,208,0,262,0" /><INIT seed="4,0,0,3,0,13" ten="260,270,208,262" oya="0" hai0="130,26,71,108,15,16,19,97,125,85,81,95,82" hai1="129,76,89,131,122,112,105,114,88,126,11,72,62" hai2="90,100,119,109,102,52,106,63,25,67,22,4,77" hai3="127,135,53,44,98,8,87,20,33,113,2,66,60"/><T51/><D130/><N who="1" m="49675" /><E122/><V31/><F109/><W18/><G33/><T107/><D71/><U117/><E117/><V57/><F119/><W1/><G113/><N who="1" m="43626" /><E126/><V132/><F132/><W17/><G135/><T134/><D134/><U128/><N who="1" m="49683" /><U123/><DORA hai="55" /><E123/><V124/><F124/><W79/><G127/><T41/><D125/><U61/><E105/><V43/><F77/><W64/><G1/><T121/><D107/><U54/><E11/><V14/><F43/><W56/><G2/><T34/><D121/><U49/><E76/><V78/><F78/><W3/><G3/><T30/><D108/><U94/><E72/><V40/><F40/><W39/><G39/><T69/><D69/><U59/><E89/><V101/><F90/><W99/><G44/><T104/><D104/><U42/><E42/><V29/><F31/><W111/><G111/><T68/><D68/><U65/><E65/><N who="3" m="25194" /><G87/><AGARI ba="0,0" hai="49,54,59,61,62,87,88,94" m="43626,49683" machi="87" ten="40,8000,1" yaku="19,1,15,1,11,1,52,1,54,1" doraHai="13,55" who="1" fromWho="3" sc="260,0,270,80,208,0,262,-80" /><INIT seed="5,0,0,4,4,135" ten="260,350,208,182" oya="1" hai0="7,60,6,56,17,4,62,8,119,98,91,116,73" hai1="61,97,71,31,13,111,26,54,2,28,105,40,38" hai2="99,82,53,134,27,115,29,84,120,87,0,45,1" hai3="130,89,22,114,127,47,42,104,81,102,123,25,109"/><U51/><E2/><V110/><F110/><W23/><G123/><T107/><D73/><U100/><E111/><V19/><F120/><W10/><G109/><T39/><D39/><U79/><E31/><V3/><F134/><W76/><G130/><T48/><D119/><U15/><E79/><V55/><F115/><W94/><G114/><T59/><D116/><U5/><E5/><V68/><F68/><W20/><G10/><T11/><D107/><U30/><E30/><V70/><F70/><W21/><G104/><T67/><D48/><U18/><E18/><V88/><F19/><W128/><G128/><T126/><D126/><U35/><E40/><V112/><F99/><W63/><G102/><T78/><D78/><U41/><E41/><V69/><F69/><W65/><G127/><T131/><D131/><U58/><REACH who="1" step="1"/><E38/><REACH who="1" ten="260,340,208,182" step="2"/><V74/><F0/><W77/><G76/><T33/><D17/><U12/><E12/><V106/><F1/><W90/><G77/><T43/><D43/><U124/><E124/><V86/><F3/><W113/><G113/><T83/><D33/><U49/><E49/><V46/><F29/><W121/><G121/><T14/><D14/><U93/><E93/><V101/><F112/><W96/><G81/><T24/><D83/><U57/><E57/><V34/><F82/><W37/><G63/><T133/><D133/><U44/><E44/><V66/><F45/><W117/><G117/><T95/><REACH who="0" step="1"/><D24/><REACH who="0" ten="250,340,208,182" step="2"/><U64/><AGARI ba="0,2" hai="13,15,26,28,35,51,54,58,61,64,71,97,100,105" machi="64" ten="30,11700,0" yaku="1,1,0,1,25,2,53,0" doraHai="135" doraHaiUra="75" who="1" fromWho="1" sc="250,-39,340,137,208,-39,182,-39" /><INIT seed="5,1,0,1,0,93" ten="211,477,169,143" oya="1" hai0="91,133,67,4,92,78,35,130,39,52,84,112,82" hai1="5,88,117,104,60,64,115,131,97,47,113,29,121" hai2="30,74,56,108,86,106,58,77,2,20,19,45,10" hai3="48,42,3,101,103,0,127,123,107,33,70,81,24"/><U128/><E121/><V8/><F108/><W68/><G123/><T26/><D39/><U75/><E117/><V110/><F110/><W66/><G48/><T132/><D4/><U55/><E29/><V95/><F74/><W59/><G42/><T96/><D67/><U102/><E5/><V83/><F106/><W73/><G103/><T54/><D112/><N who="1" m="43083" /><E75/><V6/><F30/><N who="3" m="19655" /><G59/><T87/><D26/><U34/><E34/><V41/><F10/><W94/><G127/><T12/><D12/><U32/><E32/><V18/><F95/><W23/><G94/><T16/><D35/><U27/><E27/><V14/><REACH who="2" step="1"/><F19/><REACH who="2" ten="211,477,159,143" step="2"/><W65/><G23/><T135/><D16/><U105/><E105/><V1/><F1/><N who="3" m="587" /><G65/><T31/><D31/><U80/><E64/><V69/><F69/><W109/><G109/><T61/><D130/><U15/><E131/><V98/><F98/><N who="3" m="61879" /><G66/><T114/><D114/><U111/><E111/><V125/><F125/><W89/><G89/><N who="0" m="55311" /><D61/><U49/><E60/><V7/><F7/><W13/><G13/><T43/><D43/><U62/><E15/><V28/><F28/><W118/><G118/><T38/><D38/><AGARI ba="1,1" hai="2,6,8,14,18,20,38,41,45,56,58,77,83,86" machi="38" ten="30,2000,0" yaku="1,1,7,1,53,0" doraHai="93" doraHaiUra="57" who="2" fromWho="0" sc="211,-23,477,0,159,33,143,0" /><INIT seed="6,0,0,4,1,70" ten="188,477,192,143" oya="2" hai0="128,49,114,27,76,41,1,88,80,99,66,20,59" hai1="72,11,95,135,0,28,97,15,81,12,69,107,58" hai2="120,21,57,98,26,56,119,43,34,113,48,5,37" hai3="133,124,61,122,53,123,111,32,131,13,63,25,94"/><V33/><F120/><W109/><G13/><T71/><D1/><U16/><E69/><V117/><F113/><W36/><G32/><T9/><D114/><U29/><E107/><V38/><F5/><W42/><G25/><T83/><D71/><U18/><E135/><V132/><F132/><W130/><G133/><T102/><D128/><N who="3" m="49193" /><G94/><N who="0" m="58743" /><D9/><U101/><E0/><V129/><F129/><W103/><G103/><T4/><D4/><U22/><E72/><V2/><F2/><W40/><G124/><T79/><D66/><U10/><E81/><N who="0" m="31305" /><D88/><U52/><REACH who="1" step="1"/><E22/><REACH who="1" ten="188,467,192,143" step="2"/><V96/><F21/><W39/><G123/><T82/><N who="0" m="31313" /><T47/><DORA hai="87" /><D59/><U78/><E78/><V31/><F56/><N who="3" m="34959" /><G122/><T45/><D45/><U118/><E118/><V35/><F119/><W23/><G23/><T75/><D75/><U3/><E3/><V73/><F73/><W19/><G63/><AGARI ba="0,1" hai="10,11,12,15,16,18,28,29,52,58,63,95,97,101" machi="63" ten="30,16000,3" yaku="1,1,7,1,9,1,8,1,54,2,53,2" doraHai="70,87" doraHaiUra="6,62" who="1" fromWho="3" sc="188,0,467,170,192,0,143,-160" owari="188,-21.2,637,73.7,192,-0.8,-17,-51.7" /></mjloggm>