<mjloggm ver="2.3"><GO type="9" lobby="0"/><UN n0="%43%68%65%65%65%65%65" n1="%73%77%69%6D%63%61%70" n2="%54%4F%4D%4F%4B%45%4E" n3="%E2%93%9D%4C%75%63%6B%79%4A" dan="12,12,11,6" rate="1705.44,1790.51,1673.97,1646.71" sx="M,M,M,M"/><TAIKYOKU oya="0"/><INIT seed="0,0,0,4,3,81" ten="250,250,250,250" oya="0" hai0="112,110,122,102,11,85,56,15,103,55,23,3,50" hai1="127,52,133,123,115,109,0,116,135,1,121,77,13" hai2="129,76,117,25,65,94,4,104,130,79,98,34,59" hai3="70,73,49,97,91,106,26,58,67,37,21,128,24"/><T80/><D122/><U71/><E71/><V95/><F4/><W9/><G73/><T107/><D107/><U8/><E116/><V93/><F25/><W72/><G37/><T35/><D35/><U61/><E127/><V113/><F34/><W62/><G72/><T64/><D3/><U134/><E109/><V100/><F65/><W83/><G128/><N who="2" m="49257" /><F59/><W2/><G26/><T53/><D64/><U19/><E115/><V39/><F39/><W5/><G106/><T87/><D112/><U28/><E28/><V90/><F113/><W7/><G7/><N who="0" m="3583" /><D23/><U27/><E27/><V10/><F10/><W101/><G70/><T32/><D32/><U132/><N who="1" m="33792" /><DORA hai="63" /><U84/><E121/><V38/><F38/><W6/><G9/><T57/><D80/><N who="1" m="47119" /><E123/><V51/><F51/><W47/><G49/><N who="0" m="30767" /><D110/><U20/><E20/><V88/><F117/><W69/><G69/><T43/><D43/><U48/><E61/><V124/><F124/><W86/><G2/><T75/><D75/><U68/><E68/><V74/><F74/><W89/><G21/><T99/><D99/><U82/><E82/><V78/><AGARI ba="0,0" hai="76,78,79,88,90,93,94,95,98,100,104" m="49257" machi="78" ten="40,8000,1" yaku="19,1,34,2,54,1" doraHai="81,63" who="2" fromWho="2" sc="250,-40,250,-20,250,80,250,-20" /><INIT seed="1,0,0,3,1,129" ten="210,230,330,230" oya="1" hai0="51,97,46,79,15,92,3,120,36,63,34,101,58" hai1="110,25,43,122,109,90,6,41,112,27,71,88,9" hai2="91,30,106,33,82,68,94,119,86,0,80,75,89" hai3="20,107,115,104,69,126,64,52,14,67,42,95,132"/><U23/><E112/><V54/><F119/><W47/><G115/><T4/><D36/><U134/><E122/><V118/><F118/><W127/><G95/><T60/><D3/><U108/><E71/><V61/><F0/><W53/><G20/><T56/><D34/><U35/><E35/><V1/><F1/><W76/><G76/><T125/><D125/><N who="3" m="47625" /><G14/><T128/><D128/><U131/><E131/><V62/><F62/><N who="3" m="40183" /><G107/><T37/><D37/><U70/><E70/><V16/><F106/><W7/><G7/><T96/><D96/><U11/><E134/><V29/><F33/><W87/><G87/><T10/><D79/><U114/><E114/><V48/><F86/><W40/><G104/><T19/><D4/><U31/><E25/><V105/><F105/><W133/><G64/><T130/><D120/><U59/><E59/><N who="0" m="22569" /><D130/><U65/><E65/><V2/><F2/><W83/><G83/><T121/><D121/><U99/><E6/><V8/><F82/><W123/><G42/><AGARI ba="0,0" hai="10,15,19,42,46,51,60,63,92,97,101" m="22569" machi="42" ten="30,1000,0" yaku="8,1" doraHai="129" who="0" fromWho="3" sc="210,10,230,0,330,0,230,-10" /><INIT seed="2,0,0,4,4,94" ten="220,230,330,220" oya="2" hai0="70,20,89,107,64,37,114,103,91,36,90,92,38" hai1="79,25,27,129,33,123,75,62,71,21,4,3,46" hai2="83,77,9,31,53,128,11,93,122,120,67,19,65" hai3="125,113,96,86,60,80,7,82,8,52,47,101,81"/><V43/><F43/><W132/><G132/><T73/><D114/><U16/><E129/><V74/><F128/><W1/><G113/><T117/><D117/><U126/><E126/><V102/><F31/><W34/><G34/><T5/><D73/><U29/><E123/><V45/><F122/><W110/><G110/><T106/><D5/><U76/><E46/><V119/><F119/><W54/><G125/><T35/><D35/><U78/><E75/><V50/><F120/><W26/><G26/><T124/><D124/><U2/><REACH who="1" step="1"/><E4/><REACH who="1" ten="220,220,330,220" step="2"/><V85/><F74/><W13/><G47/><T104/><D20/><U6/><E6/><V24/><F11/><W23/><G23/><T30/><D30/><U40/><E40/><V0/><F0/><W84/><G1/><T63/><REACH who="0" step="1"/><D103/><REACH who="0" ten="210,220,330,220" step="2"/><U72/><E72/><V32/><F32/><W115/><G115/><T18/><D18/><U17/><E17/><V99/><REACH who="2" step="1"/><F9/><REACH who="2" ten="210,220,320,220" step="2"/><W127/><G8/><T130/><D130/><U133/><E133/><V135/><F135/><W100/><G127/><T95/><AGARI ba="0,3" hai="36,37,38,63,64,70,89,90,91,92,95,104,106,107" machi="95" ten="50,12000,2" yaku="1,1,0,1,29,2,53,3" doraHai="94" doraHaiUra="68" who="0" fromWho="0" sc="210,150,220,-30,320,-60,220,-30" /><INIT seed="3,0,0,2,0,132" ten="360,190,260,190" oya="3" hai0="47,134,133,98,88,112,61,43,114,2,99,32,4" hai1="75,10,14,121,53,119,104,5,25,103,30,130,79" hai2="100,41,24,37,128,21,62,126,113,51,105,82,6" hai3="0,48,3,89,54,65,91,123,64,22,12,131,55"/><W26/><G123/><T9/><D32/><U57/><E121/><V58/><F113/><N who="0" m="43626" /><D61/><U124/><E119/><V69/><F6/><W1/><G131/><T77/><D77/><U85/><E130/><V122/><F128/><W86/><G12/><T29/><D29/><U106/><E75/><V52/><F122/><W39/><G39/><N who="0" m="22015" /><D88/><U40/><E40/><V83/><F100/><W34/><G34/><T46/><D46/><U129/><E129/><V17/><F105/><W68/><G68/><T35/><D35/><U27/><E27/><V115/><F115/><W28/><G91/><T44/><D44/><U33/><E103/><V19/><F41/><W45/><REACH who="3" step="1"/><G55/><REACH who="3" ten="360,190,260,180" step="2"/><T59/><D134/><U92/><E53/><V118/><F37/><W127/><G127/><T36/><D36/><U71/><E71/><V63/><F126/><W97/><G97/><N who="0" m="36875" /><D133/><U87/><E124/><V110/><F69/><W74/><G74/><T70/><D70/><U38/><E38/><V18/><F118/><W117/><G117/><T109/><D109/><U96/><E106/><V20/><F110/><W13/><G13/><T93/><D2/><U23/><E104/><V11/><F52/><W72/><G72/><T66/><D66/><U108/><E108/><V31/><F24/><W73/><G73/><T80/><D4/><U76/><E33/><V8/><F31/><W84/><G84/><T42/><D42/><U7/><E85/><V107/><F107/><W135/><G135/><T116/><D116/><U81/><E79/><V102/><F102/><W67/><G67/><T101/><D101/><RYUUKYOKU ba="0,1" sc="360,-10,190,-10,260,-10,180,30" hai3="0,1,3,22,26,28,45,48,54,64,65,86,89" /><INIT seed="3,1,1,4,2,34" ten="350,180,250,210" oya="3" hai0="51,39,109,72,22,82,27,103,97,81,40,102,134" hai1="60,105,12,57,3,26,79,5,84,37,56,14,74" hai2="48,123,96,69,6,24,93,25,114,132,9,70,76" hai3="67,106,54,38,52,44,58,68,20,46,86,23,13"/><W31/><G106/><T101/><D134/><U59/><E105/><V83/><F132/><W4/><G68/><T85/><D109/><U64/><E37/><V77/><F114/><W78/><G38/><T49/><D39/><U75/><E26/><V121/><F48/><W61/><G78/><T18/><D72/><U111/><E111/><V71/><F77/><W118/><G118/><T53/><D40/><U91/><E79/><V36/><F36/><W128/><G128/><T90/><D51/><U43/><E43/><V45/><F45/><N who="3" m="17515" /><G86/><T32/><D32/><U104/><E104/><V47/><F47/><W89/><G89/><T63/><D63/><U125/><E125/><V11/><F11/><N who="3" m="4327" /><G31/><T41/><D41/><U133/><E133/><V98/><F98/><W21/><AGARI ba="1,1" hai="20,21,23,52,54,58,61,67" m="4327,17515" machi="21" ten="30,3000,0" yaku="8,1,54,1" doraHai="34" who="3" fromWho="3" sc="350,-11,180,-11,250,-11,210,43" /><INIT seed="3,2,0,4,0,111" ten="339,169,239,253" oya="3" hai0="67,61,72,115,125,40,89,30,22,5,118,80,103" hai1="2,132,98,53,91,20,114,131,87,134,92,50,85" hai2="46,73,90,104,23,71,69,128,21,35,62,54,59" hai3="97,19,32,49,124,63,57,113,102,70,84,33,31"/><W6/><G70/><T37/><D125/><U9/><E131/><V121/><F128/><W75/><G75/><T29/><D118/><U76/><E20/><V74/><F121/><W45/><G6/><T95/><D103/><U52/><E2/><V101/><F46/><W17/><G113/><T58/><D5/><U4/><E114/><V79/><F35/><W109/><G109/><T100/><D100/><U16/><E4/><V99/><F90/><W77/><G33/><T26/><D30/><U117/><E117/><V39/><F39/><W1/><G1/><T43/><D37/><U107/><E107/><V15/><F23/><W51/><G51/><T130/><D130/><U8/><E8/><V133/><F133/><N who="1" m="51305" /><E76/><V60/><F71/><W119/><G124/><T13/><D115/><U25/><E53/><V66/><REACH who="2" step="1"/><F79/><REACH who="2" ten="339,169,229,253" step="2"/><W10/><G77/><T47/><D47/><N who="1" m="27743" /><E9/><V42/><F42/><W12/><G32/><T44/><D44/><U83/><E83/><V86/><F86/><W55/><G84/><T48/><D80/><U93/><E93/><V110/><F110/><W96/><G119/><T88/><D72/><U78/><E78/><V18/><AGARI ba="2,1" hai="15,18,21,54,59,60,62,66,69,73,74,99,101,104" machi="18" ten="30,2000,0" yaku="1,1,0,1,53,0" doraHai="111" doraHaiUra="127" who="2" fromWho="2" sc="339,-7,169,-7,229,36,253,-12" /><INIT seed="4,0,0,5,3,119" ten="332,162,265,241" oya="0" hai0="77,71,67,30,66,122,59,90,120,80,35,79,12" hai1="45,28,34,43,27,130,18,68,57,49,63,103,29" hai2="17,84,115,123,31,10,23,33,89,2,37,48,52" hai3="24,117,15,39,21,8,102,132,44,0,11,95,104"/><T97/><D71/><U91/><E130/><V107/><F107/><W78/><G117/><T22/><D35/><U72/><E72/><V81/><F37/><W14/><G104/><T26/><D12/><U114/><E103/><V109/><F109/><W5/><G78/><T101/><D67/><U113/><E68/><V108/><F108/><W3/><G44/><T47/><D47/><U127/><E127/><V98/><F98/><W82/><G82/><T41/><D41/><U110/><E110/><V99/><F99/><W1/><G95/><N who="0" m="58559" /><D90/><U6/><E6/><V131/><F131/><W60/><G60/><N who="0" m="38175" /><D80/><U13/><E91/><V126/><F126/><W106/><G106/><T55/><D55/><N who="1" m="34239" /><E29/><V53/><F53/><W75/><G102/><T83/><D83/><U121/><E13/><V105/><F105/><W93/><G93/><T16/><D16/><U87/><E18/><V76/><F76/><AGARI ba="0,0" hai="22,26,30,76,77,79,120,122" m="38175,58559" machi="76" ten="30,5800,0" yaku="25,1,52,2" doraHai="119" who="0" fromWho="2" sc="332,58,162,0,265,-58,241,0" /><INIT seed="4,1,0,0,5,104" ten="390,162,207,241" oya="0" hai0="102,15,86,41,14,114,32,10,76,126,47,111,83" hai1="96,87,39,45,16,80,4,12,75,115,18,108,73" hai2="5,91,123,54,69,124,43,51,93,99,37,55,74" hai3="0,81,13,6,128,31,61,88,117,70,8,36,29"/><T56/><D126/><U94/><E108/><V77/><F123/><W110/><G110/><T122/><D122/><U24/><E4/><V67/><F124/><W26/><G36/><T113/><D32/><U119/><E119/><V82/><F51/><W107/><G107/><T112/><D111/><U92/><E24/><V27/><F27/><W30/><G128/><T118/><D118/><U38/><E18/><V34/><F34/><W11/><G70/><T19/><D56/><U127/><E127/><V3/><F67/><W28/><G61/><T44/><D102/><U60/><E60/><V71/><F55/><W98/><G98/><T131/><D131/><U85/><E85/><V125/><F54/><W129/><G81/><T62/><D62/><U63/><E63/><V2/><F2/><W1/><G88/><T25/><D25/><U21/><E39/><V97/><F99/><W72/><G72/><T84/><D84/><U130/><E130/><V95/><F93/><W66/><G66/><T134/><D134/><U58/><E58/><V20/><F20/><N who="3" m="15815" /><G117/><T105/><D105/><U65/><E65/><V116/><F125/><W48/><G48/><T35/><D35/><U50/><E38/><V9/><REACH who="2" step="1"/><F116/><REACH who="2" ten="390,162,197,241" step="2"/><W53/><G53/><T33/><D33/><U121/><E121/><V101/><F101/><W78/><G129/><T90/><D41/><U22/><E94/><V100/><F100/><W106/><G106/><T40/><D40/><U64/><E64/><V42/><F42/><W133/><G1/><T135/><D114/><U109/><E115/><V49/><F49/><RYUUKYOKU ba="1,1" sc="390,-10,162,-10,197,30,241,-10" hai2="3,5,9,37,43,69,71,74,77,82,91,95,97" /><INIT seed="5,2,1,3,0,58" ten="380,152,227,231" oya="1" hai0="10,106,3,57,114,42,96,54,84,52,87,21,83" hai1="39,92,86,45,80,112,128,32,23,75,4,6,107" hai2="109,73,116,103,71,63,132,33,97,131,64,60,0" hai3="50,1,119,8,99,77,40,88,67,117,79,110,127"/><U24/><E107/><V2/><F63/><W22/><G110/><T122/><D114/><U115/><E128/><V121/><F103/><W120/><G22/><T94/><D122/><U101/><E32/><V72/><F60/><W135/><G135/><T134/><D106/><U9/><E101/><V5/><F5/><N who="3" m="1071" /><G127/><T34/><D34/><U12/><E4/><V19/><F19/><W85/><G99/><T25/><D3/><U43/><E92/><V123/><F64/><W98/><G98/><T36/><D10/><U93/><E93/><V13/><F13/><W68/><G68/><T62/><D36/><U56/><E56/><V48/><F48/><W70/><G70/><T28/><D134/><U55/><E55/><V125/><F97/><W100/><G67/><T59/><D42/><U102/><E102/><V81/><F81/><N who="3" m="49199" /><G120/><T90/><D83/><U69/><E69/><V26/><F26/><W38/><G38/><T15/><D15/><U105/><E105/><V66/><F66/><W61/><G61/><AGARI ba="2,1" hai="21,25,28,52,54,57,59,61,62,84,87,90,94,96" machi="61" ten="30,12000,2" yaku="7,1,9,1,8,1,52,2,54,1" doraHai="58" who="0" fromWho="3" sc="380,136,152,0,227,0,231,-126" /><INIT seed="6,0,0,2,2,34" ten="516,152,227,105" oya="2" hai0="31,47,108,10,135,88,128,15,39,33,1,97,98" hai1="82,105,125,75,74,124,132,99,42,25,127,117,78" hai2="36,71,58,129,120,59,90,61,8,94,119,118,114" hai3="64,16,69,76,28,56,133,72,53,6,0,107,21"/><V46/><F120/><W123/><G123/><T96/><D135/><U122/><E42/><V29/><F129/><W60/><G107/><T41/><D1/><U12/><E25/><V67/><F114/><W32/><G133/><T14/><D108/><U17/><E117/><V116/><F29/><W24/><G76/><T130/><D33/><U11/><E132/><V19/><F19/><W100/><G100/><T23/><D31/><U4/><E122/><V2/><F46/><W70/><G72/><T7/><D23/><U63/><E75/><V43/><F43/><W13/><REACH who="3" step="1"/><G64/><REACH who="3" ten="516,152,227,95" step="2"/><T73/><D73/><U101/><REACH who="1" step="1"/><E63/><REACH who="1" ten="516,142,227,95" step="2"/><V52/><F119/><W112/><G112/><T77/><D130/><U83/><E83/><V3/><F118/><W9/><AGARI ba="0,2" hai="0,6,9,13,16,21,24,28,32,53,56,60,69,70" machi="9" ten="30,12000,2" yaku="1,1,0,1,24,2,52,1,54,1,53,0" doraHai="34" doraHaiUra="79" who="3" fromWho="3" sc="516,-30,142,-30,227,-60,95,140" /><INIT seed="7,0,0,3,1,30" ten="486,112,167,235" oya="3" hai0="39,19,61,88,18,121,6,70,90,69,63,32,131" hai1="132,16,66,24,84,135,71,33,96,0,56,101,67" hai2="1,118,127,46,47,80,104,106,129,27,130,14,116" hai3="8,91,43,65,97,114,128,107,124,29,22,103,28"/><W72/><G72/><T21/><D121/><U79/><E0/><V119/><F1/><W86/><G124/><T31/><D131/><U98/><E56/><V62/><F127/><W73/><G73/><T12/><D39/><U76/><E84/><V134/><F134/><N who="1" m="51241" /><E96/><V111/><F111/><W34/><G43/><T133/><D133/><U51/><E51/><V37/><F37/><W105/><G8/><T20/><D6/><U13/><E76/><V57/><F57/><W93/><G128/><N who="2" m="49257" /><F62/><W23/><G65/><T59/><D59/><U100/><E79/><V77/><F27/><W110/><G110/><T52/><D31/><N who="1" m="19687" /><E71/><V9/><F104/><W123/><G107/><T117/><D117/><U7/><E7/><N who="2" m="3391" /><F106/><W45/><G105/><T87/><D87/><AGARI ba="0,0" hai="46,47,77,80,87,116,118,119" m="3391,49257" machi="87" ten="40,1300,0" yaku="19,1" doraHai="30" who="2" fromWho="0" sc="486,-13,112,0,167,13,235,0" owari="473,57.3,112,-38.8,180,-22.0,235,3.5" /></mjloggm>