<mjloggm ver="2.3"><GO type="41" lobby="0"/><UN n0="%52%69%6F%6E" n1="%6D%28%E3%81%AE%5F%E3%81%AE%29%6D%E2%99%AA" n2="%E3%81%82%E3%82%8C%E3%81%87%EF%BC%9F%EF%BC%92" n3="%E2%93%9D%4C%75%63%6B%79%4A" dan="15,14,14,18" rate="1933.81,1907.08,2061.28,2171.88" sx="M,M,M,M"/><TAIKYOKU oya="0"/><INIT seed="0,0,0,2,4,55" ten="250,250,250,250" oya="0" hai0="18,108,71,118,93,68,0,8,129,62,53,56,80" hai1="15,128,16,51,43,12,28,65,84,112,3,2,131" hai2="44,100,9,113,134,106,67,133,32,127,83,70,61" hai3="59,52,74,21,37,102,42,94,49,10,48,33,11"/><T45/><D118/><U95/><E112/><V90/><F113/><W41/><G33/><T38/><D129/><N who="1" m="49739" /><E28/><V77/><F127/><W26/><G74/><T25/><D108/><U120/><E120/><V99/><F32/><W13/><G37/><T78/><D93/><U103/><E65/><V132/><F90/><W4/><G11/><T60/><D62/><U130/><E12/><V64/><F64/><W31/><G49/><T97/><D97/><AGARI ba="0,0" hai="4,10,13,21,26,31,41,42,48,52,59,94,97,102" machi="97" ten="40,5200,0" yaku="8,1,52,1,54,1" doraHai="55" who="3" fromWho="0" sc="250,-52,250,0,250,0,250,52" /><INIT seed="1,0,0,2,4,71" ten="198,250,250,302" oya="1" hai0="51,40,123,53,95,118,119,94,20,1,134,78,72" hai1="91,26,104,31,33,102,86,87,62,73,84,124,105" hai2="18,46,127,75,132,129,128,76,7,12,96,47,43" hai3="23,67,77,3,2,131,93,55,17,16,29,126,66"/><U85/><E73/><V24/><F127/><W130/><G55/><T59/><D134/><U25/><E124/><V49/><F132/><W115/><G126/><T38/><D1/><N who="3" m="9" /><G93/><T125/><D123/><U6/><E6/><V32/><F7/><W92/><G92/><T101/><D125/><U64/><E26/><V48/><F96/><W61/><G77/><T69/><D69/><N who="1" m="42135" /><E105/><V109/><F109/><W107/><G61/><T41/><D41/><U74/><E74/><V54/><F24/><N who="3" m="16543" /><G67/><T58/><D58/><U13/><E13/><V68/><F32/><W114/><G66/><T98/><D94/><N who="1" m="54631" /><E86/><V9/><F68/><W39/><G39/><T0/><D0/><U11/><E11/><V60/><F60/><W70/><G107/><T89/><D89/><U35/><E35/><V106/><F106/><W83/><G83/><T133/><D78/><U45/><E45/><V57/><F57/><W99/><G99/><AGARI ba="0,0" hai="25,31,33,85,87,99,102,104" m="54631,42135" machi="99" ten="30,1500,0" yaku="25,1" doraHai="71" who="1" fromWho="3" sc="198,0,250,15,250,0,302,-15" /><INIT seed="1,1,0,2,4,46" ten="198,265,250,287" oya="1" hai0="132,39,88,116,91,92,37,45,28,134,82,44,107" hai1="58,25,41,89,4,13,7,43,93,100,85,112,14" hai2="61,15,133,105,18,120,51,34,71,63,42,30,95" hai3="9,73,90,108,122,56,84,114,101,2,52,104,26"/><U79/><E112/><V29/><F120/><W10/><G114/><T76/><D116/><U83/><E100/><V75/><F75/><W33/><G73/><T115/><D115/><U32/><E32/><V131/><F105/><W135/><G122/><T77/><D28/><U65/><E25/><V49/><F131/><W64/><G64/><T27/><D27/><U6/><E41/><V55/><F133/><W98/><G108/><T3/><D92/><U50/><E65/><V72/><F72/><W24/><G135/><T12/><D12/><U48/><E43/><V22/><F34/><W17/><G2/><T130/><D82/><U69/><E69/><V96/><F42/><W47/><G47/><T113/><D113/><U54/><REACH who="1" step="1"/><E50/><REACH who="1" ten="198,255,250,287" step="2"/><N who="2" m="18955" /><F55/><W19/><G26/><T66/><D66/><U99/><AGARI ba="1,1" hai="4,6,7,13,14,48,54,58,79,83,85,89,93,99" machi="99" ten="30,11700,0" yaku="1,1,0,1,8,1,52,1,53,0" doraHai="46" doraHaiUra="106" who="1" fromWho="1" sc="198,-40,255,130,250,-40,287,-40" /><INIT seed="1,2,0,0,0,59" ten="158,385,210,247" oya="1" hai0="97,47,15,109,16,117,119,60,76,31,92,113,91" hai1="0,77,8,44,56,6,54,67,111,21,49,94,19" hai2="128,48,116,68,75,124,108,5,17,133,107,115,93" hai3="65,127,134,69,95,24,61,114,22,43,27,80,3"/><U104/><E104/><V106/><RYUUKYOKU type="yao9" ba="2,0" sc="158,0,385,0,210,0,247,0" hai2="5,17,48,68,75,93,106,107,108,115,116,124,128,133" /><INIT seed="1,3,0,5,0,40" ten="158,385,210,247" oya="1" hai0="133,16,80,59,111,32,34,28,37,44,119,27,31" hai1="82,22,75,71,104,122,86,4,79,13,9,100,26" hai2="62,20,70,5,77,103,17,10,99,23,85,128,126" hai3="78,11,89,73,41,36,12,91,117,132,58,105,35"/><U53/><E122/><V107/><F128/><W69/><G69/><T123/><D111/><U120/><E120/><V6/><F126/><W45/><G35/><T84/><D123/><U106/><E71/><V125/><F125/><W18/><G105/><T33/><D119/><U65/><E65/><V25/><F70/><W112/><G112/><T21/><D133/><U52/><E75/><V61/><F5/><W102/><G102/><T19/><D59/><U114/><E114/><V48/><F20/><W72/><G117/><T64/><D64/><U66/><E66/><V131/><F131/><W116/><G116/><T51/><D19/><U87/><E87/><V42/><F77/><W24/><G24/><T7/><D37/><U67/><E67/><V60/><F85/><W95/><G132/><T2/><D7/><U134/><E134/><V1/><REACH who="2" step="1"/><F61/><REACH who="2" ten="158,385,200,247" step="2"/><W43/><G78/><T96/><D2/><U54/><REACH who="1" step="1"/><E100/><REACH who="1" ten="158,375,200,247" step="2"/><V38/><F38/><W0/><G36/><T101/><D84/><U90/><E90/><V130/><F130/><W55/><G91/><T14/><D80/><U3/><E3/><V56/><F56/><W97/><G58/><T76/><D76/><U135/><E135/><V110/><F110/><W63/><G73/><T39/><D101/><U127/><E127/><V94/><F94/><W68/><G68/><T57/><D57/><U121/><E121/><V108/><F108/><W109/><G109/><T118/><D118/><U46/><E46/><AGARI ba="3,2" hai="1,6,10,17,23,25,42,46,48,60,62,99,103,107" machi="46" ten="40,2600,0" yaku="1,1,52,1,53,0" doraHai="40" doraHaiUra="50" who="2" fromWho="1" sc="158,0,375,-35,200,55,247,0" /><INIT seed="2,0,0,3,3,31" ten="158,340,255,247" oya="2" hai0="39,45,6,103,27,90,82,5,93,88,44,41,8" hai1="50,104,112,33,30,24,117,91,47,21,46,121,69" hai2="73,0,18,65,123,128,20,71,134,25,127,87,13" hai3="122,10,4,34,40,89,95,19,56,57,53,84,63"/><V70/><F123/><W15/><G122/><T113/><D113/><U22/><E121/><V14/><F73/><W75/><G75/><T120/><D120/><U96/><E117/><V124/><F0/><W2/><G40/><T38/><D6/><U129/><E112/><V29/><F65/><W11/><REACH who="3" step="1"/><G57/><REACH who="3" ten="158,340,255,237" step="2"/><T26/><D41/><U17/><E69/><V83/><F70/><W115/><G115/><T37/><D37/><U32/><E47/><V111/><F71/><W72/><G72/><T61/><D39/><U28/><E46/><V94/><F134/><W98/><G98/><N who="0" m="59855" /><D38/><U102/><E96/><V125/><F128/><W110/><G110/><T62/><D45/><U80/><E129/><V76/><F111/><W9/><G9/><T78/><D44/><U99/><E99/><V130/><F130/><W132/><G132/><T7/><D8/><U35/><E104/><V86/><F18/><W105/><G105/><T60/><D7/><U135/><E17/><V114/><F114/><W58/><G58/><T81/><D5/><U36/><E135/><V55/><F55/><W16/><G16/><T43/><D43/><U49/><E36/><V131/><F131/><W107/><G107/><T64/><D64/><U23/><E28/><V118/><F118/><W59/><G59/><T67/><D67/><U51/><E102/><V48/><F48/><W52/><G52/><T1/><D61/><U133/><E133/><V116/><F116/><W3/><G3/><T101/><D1/><U42/><E42/><V97/><F97/><W54/><G54/><T126/><D62/><RYUUKYOKU ba="0,1" sc="158,-30,340,10,255,10,237,10" hai1="21,22,23,24,30,32,33,35,49,50,51,80,91" hai2="13,14,20,25,29,76,83,86,87,94,124,125,127" hai3="2,4,10,11,15,19,34,53,56,63,84,89,95" /><INIT seed="2,1,1,5,0,66" ten="128,350,265,247" oya="2" hai0="65,77,74,111,26,99,75,83,106,80,21,119,19" hai1="68,70,95,94,52,44,13,49,28,100,112,5,108" hai2="76,81,42,67,107,4,36,102,105,18,8,51,55" hai3="16,115,135,25,117,1,64,133,90,17,7,2,113"/><V132/><F132/><N who="3" m="50763" /><G64/><T37/><D111/><U62/><E112/><N who="3" m="43082" /><G90/><T33/><D119/><U78/><E108/><V58/><F67/><W123/><G117/><T11/><D37/><U27/><E78/><V121/><F121/><W131/><G123/><T24/><D65/><U10/><E100/><V129/><F129/><W98/><G98/><T120/><D120/><U72/><E72/><V103/><F18/><N who="3" m="7275" /><G131/><T134/><D134/><U116/><E116/><V96/><F103/><W82/><G82/><T32/><D99/><U71/><REACH who="1" step="1"/><E62/><REACH who="1" ten="128,340,265,247" step="2"/><V41/><F107/><W14/><G25/><T126/><D106/><U35/><AGARI ba="1,2" hai="5,10,13,27,28,35,44,49,52,68,70,71,94,95" machi="35" ten="30,12000,2" yaku="1,1,2,1,0,1,52,3,54,1,53,0" doraHai="66" doraHaiUra="97" who="1" fromWho="1" sc="128,-31,340,143,265,-61,247,-31" /><INIT seed="3,0,0,1,3,49" ten="97,483,204,216" oya="3" hai0="80,19,52,60,94,57,105,100,77,21,71,37,83" hai1="89,16,84,4,96,68,47,125,123,0,1,134,46" hai2="79,24,109,87,12,26,7,107,133,95,11,51,17" hai3="15,75,124,34,111,30,64,43,25,28,101,132,59"/><W88/><G75/><T32/><D32/><U66/><E123/><V23/><F107/><W76/><G76/><T8/><D37/><U112/><E134/><V39/><F39/><W6/><G101/><T97/><D71/><U128/><E96/><V110/><F133/><W38/><G124/><T93/><D8/><U86/><E112/><V40/><F40/><W14/><G30/><T35/><D35/><U102/><E128/><V33/><F51/><W129/><G111/><N who="2" m="42505" /><F33/><W55/><G64/><T44/><D44/><U122/><E122/><V92/><F79/><W69/><G69/><T90/><D77/><U116/><E116/><V120/><F120/><W36/><G129/><T81/><REACH who="0" step="1"/><D90/><REACH who="0" ten="87,483,204,216" step="2"/><U131/><E68/><V114/><F114/><W27/><G38/><T31/><D31/><U22/><E131/><V91/><F95/><W99/><G36/><T3/><D3/><AGARI ba="0,1" hai="3,7,11,12,17,23,24,26,87,91,92" m="42505" machi="3" ten="30,1000,0" yaku="14,1" doraHai="49" who="2" fromWho="0" sc="87,-10,483,0,204,20,216,0" /><INIT seed="4,0,0,3,5,124" ten="77,483,224,216" oya="0" hai0="70,130,3,49,79,45,117,16,42,62,32,118,41" hai1="52,101,96,13,22,78,35,1,126,116,128,28,127" hai2="39,115,43,34,83,131,88,8,38,44,9,95,31" hai3="94,68,25,50,73,91,108,2,122,54,18,105,103"/><T4/><D32/><U63/><E116/><V71/><F71/><W6/><G68/><T129/><D42/><U23/><E1/><V27/><F115/><W86/><G108/><T112/><D112/><U75/><E35/><V12/><F131/><N who="0" m="50186" /><D79/><U33/><E33/><V69/><F69/><W17/><G122/><T37/><D49/><U92/><E78/><V111/><F111/><W57/><G73/><T61/><D16/><U114/><E75/><V84/><F38/><W106/><G18/><T74/><D74/><U113/><E128/><V132/><F132/><W55/><G17/><T80/><D80/><U109/><E109/><V123/><F123/><W93/><G50/><T7/><D7/><U5/><E5/><V119/><F119/><N who="0" m="45578" /><D70/><U90/><E90/><V29/><F29/><W87/><G91/><T20/><D20/><U56/><E23/><V66/><F83/><W77/><G6/><T89/><D89/><U72/><E72/><V125/><F43/><W85/><G77/><T10/><AGARI ba="0,0" hai="3,4,10,37,41,45,61,62" m="45578,50186" machi="10" ten="40,12000,1" yaku="19,1,52,3" doraHai="124" who="0" fromWho="0" sc="77,120,483,-40,224,-40,216,-40" /><INIT seed="4,1,0,3,1,110" ten="197,443,184,176" oya="0" hai0="82,18,27,51,134,67,46,13,20,26,132,135,98" hai1="116,28,54,24,88,31,36,63,100,95,40,96,130" hai2="10,34,107,119,77,16,35,45,87,43,30,75,113" hai3="85,127,125,121,17,92,22,49,19,14,117,124,126"/><T84/><D67/><U0/><E116/><V60/><F107/><W131/><N who="3" m="31744" /><DORA hai="69" /><W123/><G117/><T74/><D74/><U120/><E120/><N who="3" m="46154" /><G49/><T73/><D73/><U109/><E109/><V39/><F119/><W23/><G92/><T56/><D56/><U68/><E130/><V97/><F113/><W93/><G93/><T103/><D103/><U42/><E100/><V70/><F87/><W64/><G64/><T12/><D98/><U79/><E96/><V7/><F30/><W21/><G85/><T115/><D13/><U57/><E28/><V122/><F16/><N who="3" m="6219" /><G131/><T4/><D84/><U129/><E129/><V3/><F97/><W99/><G99/><T104/><D104/><U114/><E95/><V8/><F122/><W72/><G72/><T55/><D82/><U15/><E63/><V106/><F106/><W102/><G102/><T32/><D115/><U11/><E114/><V52/><F8/><W65/><G65/><T66/><D66/><U37/><E11/><V62/><F70/><W80/><G80/><T1/><REACH who="0" step="1"/><D32/><REACH who="0" ten="187,443,184,176" step="2"/><U128/><E128/><V41/><F35/><W33/><G33/><T91/><D91/><U25/><E88/><V133/><F34/><W53/><G53/><T5/><D5/><U59/><E54/><V9/><F52/><W118/><G118/><T58/><D58/><U90/><E57/><V112/><F112/><W94/><G94/><T29/><D29/><U44/><E59/><V38/><F75/><W81/><G81/><T6/><D6/><U48/><E31/><V2/><F7/><W86/><G86/><RYUUKYOKU ba="1,1" sc="187,15,443,-15,184,-15,176,15" hai0="1,4,12,18,20,26,27,46,51,55,132,134,135" hai3="14,21,22,23" /><INIT seed="4,2,1,5,1,22" ten="202,428,169,191" oya="0" hai0="71,72,126,85,5,38,102,36,96,40,7,123,133" hai1="26,84,44,9,32,17,31,57,91,124,51,132,66" hai2="24,8,68,30,27,134,135,118,62,127,47,23,128" hai3="28,15,93,3,59,115,18,13,80,109,129,75,131"/><T74/><D123/><U111/><E111/><V114/><F114/><W76/><G109/><T12/><D71/><U21/><E132/><N who="2" m="50731" /><F128/><N who="3" m="49227" /><G3/><T4/><D133/><U79/><E124/><V61/><F127/><W107/><G107/><T130/><D126/><U81/><E79/><V99/><F118/><W50/><G28/><T112/><D112/><U125/><E125/><V63/><F99/><W54/><G115/><T19/><D130/><U105/><E105/><V20/><F8/><N who="3" m="6503" /><G93/><T70/><D70/><U90/><E9/><V110/><F110/><W14/><AGARI ba="2,1" hai="13,14,50,54,59,75,76,80" m="6503,49227" machi="14" ten="30,1100,0" yaku="19,1" doraHai="22" who="3" fromWho="3" sc="202,-7,428,-5,169,-5,191,27" /><INIT seed="5,0,0,2,4,27" ten="195,423,164,218" oya="1" hai0="61,44,102,37,34,53,96,95,69,7,29,38,22" hai1="87,41,17,118,93,81,113,45,106,85,30,115,59" hai2="98,18,16,88,51,103,47,6,109,97,110,0,43" hai3="92,107,70,10,99,68,24,78,65,120,3,111,28"/><U86/><E106/><V73/><F73/><W84/><G120/><T48/><D7/><U132/><E118/><V83/><F110/><W4/><G111/><T124/><D124/><U121/><E121/><V101/><F109/><W122/><G122/><T64/><D22/><U49/><E132/><V23/><F6/><W74/><G84/><T108/><D108/><U112/><E93/><V32/><F0/><W2/><G65/><T91/><REACH who="0" step="1"/><D102/><REACH who="0" ten="185,423,164,218" step="2"/><N who="2" m="38922" /><F32/><W54/><G92/><T128/><D128/><U57/><E81/><V79/><F79/><W130/><G78/><T66/><D66/><U94/><E94/><V33/><F33/><W46/><G4/><T14/><D14/><U100/><E100/><V75/><F75/><W114/><G74/><T5/><D5/><U1/><E1/><V9/><F9/><W25/><G10/><T90/><D90/><U116/><E115/><V131/><F131/><W67/><G114/><T21/><D21/><U135/><E113/><V12/><F18/><W123/><G123/><T50/><D50/><U119/><E17/><V42/><F42/><W56/><G3/><T125/><D125/><U63/><E112/><V20/><F23/><W36/><G2/><T60/><D60/><U35/><E35/><V80/><F80/><W26/><G130/><T71/><D71/><U13/><E119/><V129/><F129/><W8/><G70/><T134/><D134/><U89/><E135/><V11/><F11/><W52/><G8/><T77/><D77/><U31/><E116/><V40/><F40/><N who="3" m="22791" /><G68/><T55/><D55/><U104/><E89/><RYUUKYOKU ba="0,1" sc="185,15,423,-15,164,15,218,-15" hai0="29,34,37,38,44,48,53,61,64,69,91,95,96" hai2="12,16,20,43,47,51,83,88,97,98" /><INIT seed="6,1,1,1,3,45" ten="200,408,179,203" oya="2" hai0="110,22,33,37,48,121,103,4,31,114,126,113,71" hai1="125,1,24,52,69,54,104,102,67,131,6,32,43" hai2="41,89,81,133,9,35,34,57,29,44,129,98,58" hai3="91,78,84,115,85,18,88,68,17,112,26,86,46"/><V96/><F129/><W70/><G78/><T5/><D110/><U77/><E77/><V49/><F133/><W130/><G130/><T2/><D121/><U63/><E43/><V87/><F34/><W107/><G107/><T127/><D71/><N who="3" m="27177" /><G46/><T23/><D37/><U38/><E38/><V19/><F35/><W62/><G62/><T75/><D75/><U95/><E95/><V8/><F29/><W124/><G26/><N who="0" m="18679" /><D48/><U92/><E92/><V82/><F82/><W61/><G61/><T14/><D103/><U105/><E131/><V80/><F80/><W20/><G20/><N who="0" m="7723" /><D2/><U40/><E40/><V10/><REACH who="2" step="1"/><F19/><REACH who="2" ten="200,408,169,203" step="2"/><N who="3" m="7179" /><G124/><N who="0" m="47659" /><D4/><U30/><E125/><V7/><F7/><W56/><G56/><AGARI ba="1,2" hai="8,9,10,41,44,49,56,57,58,81,87,89,96,98" machi="56" ten="40,7700,0" yaku="1,1,8,1,52,1,53,0" doraHai="45" doraHaiUra="119" who="2" fromWho="3" sc="200,0,408,0,169,100,203,-80" /><INIT seed="6,2,0,2,4,75" ten="200,408,269,123" oya="2" hai0="36,91,114,11,61,100,49,12,66,53,125,62,118" hai1="4,116,18,95,52,30,20,16,8,45,13,104,57" hai2="89,48,33,73,19,132,134,127,133,84,43,41,17" hai3="105,58,93,109,121,35,10,115,47,2,69,39,129"/><V94/><F127/><W126/><RYUUKYOKU type="yao9" ba="2,0" sc="200,0,408,0,269,0,123,0" hai3="2,10,35,39,47,58,69,93,105,109,115,121,126,129" /><INIT seed="6,3,0,3,1,121" ten="200,408,269,123" oya="2" hai0="130,59,12,15,17,56,115,18,79,14,13,3,5" hai1="58,40,21,111,127,27,4,85,37,71,60,99,108" hai2="70,76,23,81,10,45,68,78,1,107,89,46,118" hai3="87,129,11,61,80,20,7,123,74,103,42,2,133"/><V39/><F118/><W119/><G123/><T24/><D79/><U50/><E127/><V65/><F107/><W48/><G119/><T49/><D115/><U104/><E4/><V114/><F114/><W84/><G129/><T125/><D49/><U64/><E85/><V94/><F23/><W110/><G133/><T83/><D83/><U22/><E99/><V38/><F65/><W31/><G103/><T132/><D59/><U98/><E98/><V73/><F89/><W25/><G61/><T6/><D56/><U82/><E82/><V97/><F97/><W43/><G110/><N who="1" m="42026" /><E27/><V92/><F81/><W106/><G106/><T128/><D132/><U41/><E104/><V63/><F63/><W19/><G87/><T126/><D12/><U135/><E135/><V36/><F10/><W26/><G74/><T122/><D13/><U35/><E35/><V34/><F1/><W0/><G2/><T33/><D3/><U30/><E30/><V100/><F34/><W8/><G11/><T77/><D77/><N who="2" m="29802" /><F100/><W117/><G117/><T57/><D57/><U54/><E41/><V9/><F9/><W109/><G109/><T53/><D33/><U52/><E54/><V86/><F86/><W105/><G105/><T67/><D53/><U88/><E88/><V29/><F29/><W101/><G101/><T134/><D134/><U47/><AGARI ba="3,0" hai="21,22,37,40,47,50,52,58,60,64,71" m="42026" machi="47" ten="30,8000,1" yaku="24,1,52,3,54,1" doraHai="121" who="1" fromWho="1" sc="200,-23,408,89,269,-43,123,-23" /><INIT seed="7,0,0,2,4,68" ten="177,497,226,100" oya="3" hai0="100,98,104,41,60,108,72,20,99,114,5,129,77" hai1="1,14,9,124,8,2,15,30,120,113,135,53,52" hai2="131,55,107,88,65,4,59,117,81,44,18,133,125" hai3="10,70,116,119,27,106,123,78,91,92,97,51,112"/><W32/><G123/><T0/><D108/><U69/><E120/><V58/><F107/><W101/><G70/><T110/><D110/><U26/><E113/><V43/><F117/><W103/><G112/><T75/><D114/><U66/><E66/><V42/><F125/><W118/><G10/><T90/><D41/><N who="2" m="15370" /><F4/><W13/><G13/><T122/><D122/><U19/><E124/><V127/><F127/><W39/><G51/><T96/><D99/><U16/><E69/><V76/><F76/><W74/><G39/><T46/><D129/><U25/><E30/><V126/><F126/><W21/><G32/><T12/><D46/><U121/><E121/><V62/><F131/><W47/><G47/><T61/><D61/><U128/><E128/><V57/><F18/><W28/><REACH who="3" step="1"/><G106/><REACH who="3" ten="177,497,226,90" step="2"/><N who="0" m="63751" /><D12/><U29/><E15/><V93/><F133/><W3/><G3/><T36/><D104/><U71/><E135/><V85/><F44/><W23/><G23/><T33/><D36/><U37/><E37/><V6/><F57/><W64/><G64/><T84/><D33/><U73/><E71/><V40/><F58/><W109/><G109/><T134/><D134/><U45/><E14/><V79/><F65/><W50/><G50/><T34/><D34/><U86/><E45/><V94/><F40/><W38/><G38/><T132/><D132/><U49/><E1/><V82/><F6/><W24/><G24/><T130/><D130/><U67/><E2/><V87/><AGARI ba="0,1" hai="55,59,62,79,81,82,85,87,88,93,94" m="15370" machi="87" ten="30,2000,0" yaku="8,1,54,1" doraHai="68" who="2" fromWho="2" sc="177,-5,497,-5,226,30,90,-10" owari="172,-22.8,492,59.2,256,5.6,80,-42.0" /></mjloggm>