<mjloggm ver="2.3"><GO type="9" lobby="0"/><UN n0="%E2%93%9D%4C%75%63%6B%79%4A" n1="%4E%6F%4E%61%6D%65" n2="%E5%A1%A9%E3%81%AE%E7%94%BA" n3="%69%63%68%65%65" dan="8,0,11,10" rate="1721.23,1500.00,1682.46,1527.33" sx="M,M,M,M"/><TAIKYOKU oya="0"/><INIT seed="0,0,0,5,2,61" ten="250,250,250,250" oya="0" hai0="103,48,51,91,67,69,44,74,25,8,107,83,30" hai1="15,96,115,3,43,68,86,87,12,75,22,60,9" hai2="124,85,56,77,108,58,111,132,109,76,35,122,7" hai3="16,47,53,72,114,17,93,10,5,90,4,80,23"/><T100/><D51/><U32/><E75/><V52/><F35/><W41/><G114/><T116/><D116/><U26/><E43/><V71/><F122/><W6/><G53/><T79/><D91/><U101/><E115/><V59/><F71/><W97/><G17/><T50/><D50/><U55/><E3/><V42/><F42/><W31/><G31/><T46/><D8/><U62/><E32/><V70/><F70/><W54/><G54/><T82/><D83/><U117/><E117/><V126/><F7/><W118/><G118/><T37/><D37/><U81/><E68/><V36/><F36/><W78/><G23/><T29/><D30/><U45/><E45/><V98/><F132/><W127/><G127/><N who="2" m="48681" /><F98/><W65/><G65/><T130/><D130/><U66/><E55/><V34/><F34/><W106/><G106/><T125/><D107/><U119/><E119/><V102/><F102/><W57/><G57/><N who="2" m="22121" /><F85/><W88/><G90/><T95/><D125/><U39/><E39/><V20/><F20/><W2/><REACH who="3" step="1"/><G16/><REACH who="3" ten="250,250,250,240" step="2"/><T0/><D69/><U63/><E66/><V113/><F113/><W123/><G123/><T27/><D67/><U121/><E121/><V89/><F89/><W104/><G104/><T133/><D29/><U94/><E9/><V64/><F64/><W131/><G131/><T128/><D128/><U112/><E112/><V19/><F19/><W40/><G40/><T84/><D103/><U33/><E33/><V18/><F18/><W28/><G28/><T105/><D100/><U14/><E81/><V49/><AGARI ba="0,1" hai="49,52,59,76,77,108,109,111" m="22121,48681" machi="49" ten="40,5200,0" yaku="14,1,18,1,54,1" doraHai="61" who="2" fromWho="2" sc="250,-26,250,-13,250,62,240,-13" /><INIT seed="1,0,0,1,2,87" ten="224,237,312,227" oya="1" hai0="24,120,20,112,40,28,103,37,135,121,57,100,113" hai1="45,91,67,46,108,127,14,44,21,69,19,133,34" hai2="12,43,56,41,16,8,119,3,65,94,27,38,105" hai3="73,82,7,104,6,99,47,131,66,95,101,31,10"/><U80/><E34/><V25/><F105/><W97/><G131/><T128/><D57/><U39/><E39/><V92/><F119/><W15/><G66/><T22/><D40/><U36/><E36/><V13/><F3/><W63/><G47/><T88/><D37/><U118/><E118/><V17/><F43/><W126/><G126/><T0/><D0/><U4/><E133/><V51/><F38/><W98/><G98/><T58/><D58/><U109/><E127/><V23/><F41/><W61/><G6/><T33/><D103/><U62/><E4/><V48/><F48/><W114/><G114/><N who="0" m="44139" /><D100/><U75/><E75/><V18/><F65/><W72/><G72/><T116/><D116/><U71/><E71/><V1/><F1/><W55/><G55/><T42/><BYE who="3" /><D42/><U129/><E129/><V54/><F27/><W68/><G68/><T93/><D135/><U83/><REACH who="1" step="1"/><E91/><REACH who="1" ten="224,227,312,227" step="2"/><V89/><REACH who="2" step="1"/><F89/><REACH who="2" ten="224,227,302,227" step="2"/><W59/><G59/><T110/><D128/><U70/><E70/><V76/><F76/><W85/><G85/><T107/><D121/><U50/><E50/><V53/><F53/><UN n3="%69%63%68%65%65" /><W122/><G122/><T111/><D120/><U132/><E132/><V2/><F2/><W30/><G104/><T78/><D107/><U74/><E74/><V117/><F117/><W115/><G115/><T77/><BYE who="1" /><D78/><U49/><E49/><V5/><F5/><W125/><G7/><T79/><D79/><U64/><E64/><V90/><F90/><N who="3" m="55543" /><G125/><T9/><D77/><U52/><E52/><V35/><F35/><W81/><G73/><T130/><D130/><RYUUKYOKU ba="0,2" sc="224,-15,227,15,302,15,227,-15" hai1="14,19,21,44,45,46,62,67,69,80,83,108,109" hai2="8,12,13,16,17,18,23,25,51,54,56,92,94" /><INIT seed="1,1,2,3,0,127" ten="209,242,317,212" oya="1" hai0="133,114,73,51,112,111,106,13,75,124,71,26,34" hai1="102,101,90,82,43,23,131,83,66,122,63,7,36" hai2="118,0,19,56,100,17,116,53,2,58,126,74,10" hai3="16,18,21,61,105,48,135,94,104,31,107,72,45"/><U55/><E55/><V14/><F74/><W62/><G72/><T87/><D71/><U49/><E49/><V3/><F126/><W109/><G135/><T22/><D106/><U46/><E46/><V40/><F40/><W81/><G109/><T35/><D87/><U99/><E99/><V89/><F100/><W70/><G81/><T117/><D117/><U4/><E4/><V80/><F58/><W110/><G110/><T103/><D103/><U64/><E64/><V67/><F67/><W38/><G38/><T20/><D124/><U6/><E6/><V42/><F42/><W123/><G123/><T79/><D133/><U54/><E54/><V125/><F125/><W8/><G31/><T57/><D51/><U52/><E52/><V120/><F120/><W50/><G8/><T47/><D47/><U24/><E24/><V113/><F113/><W121/><G121/><T128/><D26/><U9/><E9/><V130/><F130/><W134/><G134/><T77/><D57/><U115/><E115/><V92/><F80/><W132/><G132/><T69/><D69/><U11/><E11/><V129/><F129/><W95/><G95/><T93/><D93/><U12/><E12/><V39/><F39/><W5/><G5/><T108/><D13/><U59/><E59/><V98/><REACH who="2" step="1"/><F19/><REACH who="2" ten="209,242,307,212" step="2"/><W32/><G18/><T88/><D128/><U15/><E15/><V37/><F37/><W60/><G70/><T96/><D96/><U91/><E91/><AGARI ba="1,3" hai="20,22,34,35,73,75,77,79,88,91,108,111,112,114" machi="91" ten="25,3200,0" yaku="22,2,54,1" doraHai="127" who="0" fromWho="1" sc="209,65,242,-35,307,0,212,0" /><INIT seed="2,0,0,5,4,94" ten="274,207,307,212" oya="2" hai0="119,25,133,37,110,3,46,64,125,38,99,65,12" hai1="71,8,81,51,9,92,120,90,57,58,28,48,135" hai2="33,1,68,23,112,98,6,108,123,52,13,4,22" hai3="113,35,69,130,129,111,82,29,49,118,5,73,85"/><V121/><F68/><W19/><G69/><T41/><D3/><U89/><E89/><V63/><F112/><W102/><G118/><T36/><D12/><U91/><E91/><V54/><F33/><W60/><G60/><T104/><D110/><U96/><E96/><V42/><F42/><W47/><G73/><T16/><D133/><U75/><E75/><V117/><F117/><W126/><G5/><T24/><D125/><U72/><E72/><V32/><F32/><W21/><G113/><T15/><D119/><U0/><E0/><V127/><F127/><W44/><G126/><T56/><D56/><U132/><E132/><V95/><F108/><W14/><G111/><T100/><D65/><U17/><E17/><V107/><F107/><W131/><G102/><T70/><D64/><U26/><E26/><V114/><F114/><W66/><G66/><T67/><D67/><U59/><E59/><V79/><F79/><N who="3" m="46303" /><G49/><T106/><D106/><U80/><E80/><V76/><F76/><W34/><G34/><T7/><D7/><N who="2" m="2602" /><F1/><W55/><G55/><N who="2" m="21033" /><F123/><W87/><G87/><T84/><D84/><U115/><E115/><V116/><F116/><W78/><G78/><T93/><D70/><U122/><E122/><V39/><F39/><W134/><G134/><T30/><D104/><U61/><E61/><V2/><F2/><W31/><G31/><T53/><D30/><U43/><E43/><V105/><F105/><W97/><G97/><T109/><D109/><U40/><E40/><V101/><F121/><W77/><G77/><T10/><D41/><U62/><E62/><RYUUKYOKU ba="0,0" sc="274,15,207,-15,307,-15,212,15" hai0="10,15,16,24,25,36,37,38,46,53,93,99,100" hai3="14,19,21,29,35,44,47,129,130,131" /><INIT seed="3,1,0,4,0,48" ten="289,192,292,227" oya="3" hai0="58,40,124,4,29,54,126,80,107,118,130,59,92" hai1="84,52,5,17,38,53,88,57,35,73,63,77,97" hai2="0,9,19,98,49,116,104,105,95,71,69,55,101" hai3="134,36,79,7,81,82,75,131,20,18,1,90,129"/><W128/><G36/><T23/><D107/><U28/><E28/><V51/><F116/><W106/><G1/><T15/><D118/><U103/><E103/><V99/><F105/><W114/><G7/><T26/><D40/><U47/><E47/><V94/><F49/><W109/><G114/><T70/><D70/><U78/><E78/><V110/><F110/><W89/><G18/><T132/><D132/><U27/><E27/><V45/><F0/><W76/><G20/><T123/><D123/><U102/><E102/><V41/><F104/><W24/><G24/><T85/><D92/><U44/><E44/><V3/><F41/><W100/><G134/><T120/><D130/><U14/><E14/><V121/><F121/><W115/><G115/><T31/><D59/><U111/><E111/><V37/><F37/><W96/><REACH who="3" step="1"/><G109/><REACH who="3" ten="289,192,292,217" step="2"/><T56/><D4/><U22/><E22/><V50/><F3/><W93/><G93/><T30/><D26/><U72/><E72/><AGARI ba="1,1" hai="72,75,76,79,81,82,89,90,96,100,106,128,129,131" machi="72" ten="40,18000,2" yaku="1,1,9,1,19,1,34,3,53,0" doraHai="48" doraHaiUra="64" who="3" fromWho="1" sc="289,0,192,-183,292,0,217,193" /><INIT seed="3,2,0,2,3,107" ten="289,9,292,410" oya="3" hai0="22,108,135,41,118,122,64,26,13,109,86,82,96" hai1="134,11,119,84,53,94,57,10,60,28,24,0,8" hai2="27,1,93,17,37,70,124,56,105,16,111,14,131" hai3="3,123,103,46,71,130,110,133,83,19,117,128,85"/><W102/><G123/><T87/><D122/><U80/><E80/><V31/><F111/><N who="0" m="42570" /><D64/><U63/><E63/><V73/><F131/><N who="3" m="50219" /><G117/><T114/><D41/><U59/><E59/><V34/><F124/><W120/><G133/><T98/><D13/><U21/><E21/><V33/><F105/><W7/><G120/><T88/><D118/><U4/><E4/><V51/><F73/><W92/><G71/><T35/><D35/><U2/><E2/><V36/><F70/><W121/><G121/><T69/><D69/><U52/><E52/><V29/><F1/><W95/><G110/><T55/><D55/><U112/><E112/><V91/><F37/><W101/><G46/><T106/><D106/><U30/><E30/><V48/><F36/><W20/><G3/><T89/><D135/><U66/><E66/><V65/><F65/><W97/><G7/><T5/><D5/><U32/><E32/><V126/><F126/><W77/><G97/><T67/><D67/><U79/><E79/><V115/><F115/><W127/><G127/><T104/><D104/><U113/><E113/><V40/><F40/><W116/><G116/><T125/><D125/><U99/><E99/><V81/><F34/><W15/><AGARI ba="2,0" hai="15,19,20,77,83,85,92,95,101,102,103" m="50219" machi="15" ten="30,1500,0" yaku="19,1" doraHai="107" who="3" fromWho="3" sc="289,-7,9,-7,292,-7,410,21" /><INIT seed="3,3,0,1,4,133" ten="282,2,285,431" oya="3" hai0="120,103,98,50,60,57,24,105,40,58,84,15,119" hai1="5,102,77,9,21,30,1,38,33,121,118,109,42" hai2="52,18,35,134,91,37,36,132,116,22,76,26,62" hai3="34,45,48,63,19,130,104,51,112,90,54,2,122"/><W127/><G122/><T20/><D120/><U123/><E123/><V64/><F116/><W85/><G112/><T107/><D119/><U46/><E46/><V56/><F76/><W32/><G104/><T124/><D15/><U11/><E11/><V128/><F35/><W100/><G2/><T29/><D107/><U31/><E31/><V88/><F128/><W94/><G130/><T75/><D75/><U67/><E67/><V125/><F125/><W43/><G100/><T28/><D124/><U8/><E8/><V87/><F91/><W12/><G63/><T13/><D13/><U44/><E44/><V73/><F73/><W86/><G86/><T82/><D29/><U74/><E74/><V111/><F111/><W110/><G110/><T114/><D114/><U69/><E69/><V3/><F3/><W71/><G71/><T6/><D6/><U55/><E55/><V89/><F89/><W4/><G4/><T96/><D98/><U113/><E113/><V72/><F72/><W115/><G115/><T27/><D27/><U83/><E83/><V101/><F101/><W92/><G92/><T117/><D117/><U129/><E129/><V47/><F47/><W39/><G39/><T99/><D103/><U108/><E108/><V81/><REACH who="2" step="1"/><F64/><REACH who="2" ten="282,2,275,431" step="2"/><W95/><G127/><T68/><D105/><U14/><E14/><V80/><F80/><W106/><G95/><T61/><D82/><U7/><E7/><V93/><F93/><W70/><G106/><T65/><D65/><U49/><E49/><V126/><F126/><W79/><G79/><T16/><D50/><RYUUKYOKU ba="3,1" sc="282,-10,2,-10,275,30,431,-10" hai2="18,22,26,36,37,52,56,62,81,87,88,132,134" owari="272,-12.8,-8,-50.8,305,10.5,431,53.1" /></mjloggm>