<mjloggm ver="2.3"><GO type="41" lobby="0"/><UN n0="%E2%93%9D%4C%75%63%6B%79%4A" n1="%33%6E%73%73%45%72%64%41" n2="%E4%B8%AD%E6%A3%AE%E3%82%A2%E3%82%AD%E3%83%A9" n3="%79%6F%6F%6F%69%63%68%69" dan="17,15,14,14" rate="2135.42,1987.16,1849.18,1818.07" sx="M,M,M,M"/><TAIKYOKU oya="0"/><INIT seed="0,0,0,1,3,44" ten="250,250,250,250" oya="0" hai0="111,51,48,96,110,75,69,125,56,35,130,90,21" hai1="20,92,132,126,62,42,5,66,97,109,0,77,116" hai2="117,98,88,16,99,27,89,2,81,64,113,57,19" hai3="128,68,124,23,50,82,93,84,79,14,74,54,49"/><T100/><D35/><U118/><E109/><N who="0" m="41481" /><D69/><U83/><E126/><V8/><F113/><W55/><G68/><T107/><D125/><U25/><E132/><V119/><F2/><W122/><G124/><T72/><D130/><U45/><E5/><V43/><F64/><W127/><G127/><T53/><D90/><U65/><E0/><V67/><F67/><W7/><G128/><T123/><D123/><U121/><E121/><V134/><F134/><W95/><G122/><T6/><D6/><U63/><E63/><V47/><F57/><N who="3" m="32975" /><G74/><N who="0" m="28203" /><D21/><U31/><E66/><V41/><F81/><W135/><G135/><T80/><D80/><U70/><E83/><V71/><F71/><W40/><G40/><T22/><D22/><U3/><E3/><V1/><F1/><W133/><G133/><T33/><D33/><U46/><E77/><V32/><F32/><W13/><G13/><T91/><D91/><U112/><E112/><V102/><F27/><W30/><G30/><T106/><D107/><U12/><E12/><V120/><F120/><W87/><G87/><T131/><D131/><U114/><E114/><V73/><F73/><W15/><G15/><T76/><D76/><U58/><E70/><V28/><F28/><W60/><G60/><AGARI ba="0,0" hai="48,51,53,56,60,96,100,106" m="28203,41481" machi="60" ten="30,11600,0" yaku="14,1,10,1,52,2" doraHai="44" who="0" fromWho="3" sc="250,116,250,0,250,0,250,-116" /><INIT seed="0,1,0,4,3,16" ten="366,250,250,134" oya="0" hai0="60,21,130,71,58,85,48,47,95,57,3,11,27" hai1="126,10,56,40,108,127,104,77,31,123,67,49,13" hai2="8,121,59,78,14,102,112,124,75,50,134,9,69" hai3="84,64,2,41,109,114,105,96,18,12,82,91,76"/><T53/><D130/><U70/><E104/><V94/><F69/><W87/><G2/><T66/><D3/><U17/><E123/><V79/><F112/><W1/><G1/><T133/><D133/><U119/><E119/><V106/><F106/><W46/><G114/><T44/><D11/><U122/><E122/><V132/><F8/><W23/><G109/><T83/><D95/><U26/><E77/><V33/><F33/><W100/><G64/><T39/><D39/><U45/><E70/><V52/><F121/><W103/><G103/><T34/><D34/><U97/><E108/><V19/><F124/><W38/><REACH who="3" step="1"/><G91/><REACH who="3" ten="366,250,250,124" step="2"/><N who="0" m="51647" /><D71/><U110/><E110/><V120/><F120/><W92/><G92/><T35/><D35/><U93/><E126/><V6/><F75/><AGARI ba="1,1" hai="12,18,23,38,41,46,75,76,82,84,87,96,100,105" machi="75" ten="30,3900,0" yaku="1,1,7,1,52,1,53,0" doraHai="16" doraHaiUra="111" who="3" fromWho="2" sc="366,0,250,0,250,-42,124,52" /><INIT seed="1,0,0,5,1,125" ten="366,250,208,176" oya="1" hai0="51,64,21,99,67,124,24,9,85,38,26,100,96" hai1="110,62,3,78,91,32,5,7,25,2,45,95,66" hai2="92,126,123,88,86,131,105,23,114,69,135,68,120" hai3="72,117,35,20,75,12,103,43,134,79,4,74,60"/><U90/><E78/><V47/><F105/><W28/><G35/><T80/><D38/><U8/><E45/><V18/><F126/><W36/><G134/><T11/><D124/><U118/><E118/><V113/><F69/><W133/><G133/><T58/><D51/><U37/><E37/><V104/><F68/><W29/><G117/><T19/><D26/><U44/><E44/><V122/><F104/><W27/><G36/><T55/><D11/><U53/><E53/><V41/><F135/><W16/><G43/><T130/><D9/><U93/><E110/><V71/><F71/><W39/><G39/><T59/><D130/><U109/><E109/><V84/><F47/><W107/><G79/><T48/><D59/><U119/><E119/><V106/><F106/><W83/><G83/><T46/><D100/><U42/><E42/><V82/><F41/><W127/><G127/><T108/><D108/><U61/><E25/><V56/><F56/><W54/><G4/><T10/><D10/><U1/><E32/><V87/><F131/><W70/><G27/><T57/><D58/><U63/><E66/><N who="0" m="25129" /><D57/><U115/><E115/><N who="2" m="44043" /><F82/><W112/><G112/><T34/><D34/><U52/><E52/><V77/><F77/><AGARI ba="0,0" hai="19,21,24,46,48,55,77,80,85,96,99" m="25129" machi="77" ten="30,1000,0" yaku="8,1" doraHai="125" who="0" fromWho="2" sc="366,10,250,0,208,-10,176,0" /><INIT seed="2,0,0,0,1,105" ten="376,250,198,176" oya="2" hai0="31,24,43,55,40,104,124,83,107,25,27,20,41" hai1="29,110,122,21,11,82,121,50,78,44,72,95,46" hai2="14,116,134,28,92,48,22,45,18,119,60,93,79" hai3="115,52,111,69,128,1,61,117,35,54,101,64,102"/><V108/><F134/><W100/><G117/><T42/><N who="0" m="10240" /><DORA hai="15" /><T65/><D65/><U90/><E110/><V62/><F108/><W66/><G111/><T57/><D124/><U51/><E11/><V98/><F93/><W114/><G1/><T74/><D107/><U16/><E29/><V103/><F119/><W109/><G109/><T91/><D104/><U112/><E112/><V58/><F79/><W49/><G35/><T32/><D32/><U8/><E8/><V96/><F96/><W30/><G30/><T34/><D34/><U77/><E77/><V86/><F86/><W125/><G125/><T118/><D74/><U127/><E51/><V88/><F116/><W63/><G128/><T4/><D4/><U3/><E3/><V97/><F97/><W23/><G23/><T129/><D129/><U19/><E127/><V133/><F133/><W71/><REACH who="3" step="1"/><G49/><REACH who="3" ten="376,250,198,166" step="2"/><N who="0" m="30959" /><D118/><U12/><E50/><V123/><F28/><W131/><G131/><T17/><D31/><U5/><E121/><V0/><F0/><W130/><G130/><T56/><D56/><U38/><E122/><V6/><F123/><W94/><G94/><T67/><D67/><U26/><E38/><V33/><F58/><W47/><G47/><T85/><AGARI ba="0,1" hai="17,20,24,25,27,83,85,91" m="30959,10240" machi="85" ten="40,2700,0" yaku="8,1,52,1" doraHai="105,15" who="0" fromWho="0" sc="376,37,250,-7,198,-13,166,-7" /><INIT seed="3,0,0,2,5,120" ten="413,243,185,159" oya="3" hai0="123,29,104,7,54,106,28,6,42,45,37,76,119" hai1="94,100,15,78,86,122,117,107,66,21,39,4,31" hai2="132,114,38,56,75,41,116,5,10,65,98,63,127" hai3="46,30,36,3,82,89,72,81,129,103,67,133,131"/><W8/><G30/><T128/><D123/><U16/><E117/><V1/><F114/><W69/><G103/><T11/><D119/><U92/><E122/><V44/><F116/><W20/><G20/><T96/><D54/><U2/><E39/><V33/><F33/><W130/><G133/><T13/><D128/><U77/><E107/><V26/><F26/><W60/><G72/><T90/><D76/><U9/><E66/><V95/><F132/><W25/><G25/><T55/><D55/><U111/><E111/><V134/><F134/><W19/><G89/><T24/><D29/><U53/><E53/><V32/><F32/><W80/><G36/><T0/><D7/><U43/><E43/><V79/><F127/><W17/><G46/><T105/><D13/><U58/><E58/><V87/><F87/><W97/><G97/><T71/><D71/><U51/><E51/><V27/><F27/><W49/><G49/><T124/><D124/><U110/><E110/><V52/><F65/><W126/><G126/><T48/><D48/><U68/><E68/><V35/><F35/><W93/><G93/><T57/><D57/><U88/><REACH who="1" step="1"/><E31/><REACH who="1" ten="413,233,185,159" step="2"/><V70/><F70/><W84/><REACH who="3" step="1"/><G84/><REACH who="3" ten="413,233,185,149" step="2"/><T118/><D118/><U113/><E113/><V61/><F61/><W40/><G40/><T73/><D42/><U115/><E115/><V101/><F75/><W47/><G47/><T99/><D73/><U18/><E18/><V85/><F85/><W62/><G62/><T83/><D37/><U74/><E74/><V22/><F79/><W135/><G135/><T23/><D45/><RYUUKYOKU ba="0,2" sc="413,0,233,0,185,0,149,0" hai0="0,6,11,23,24,28,83,90,96,99,104,105,106" hai1="2,4,9,15,16,21,77,78,86,88,92,94,100" hai2="1,5,10,22,38,41,44,52,56,63,95,98,101" hai3="3,8,17,19,60,67,69,80,81,82,129,130,131" /><INIT seed="3,1,2,2,1,34" ten="413,233,185,149" oya="3" hai0="32,20,67,77,74,48,111,19,93,57,108,25,104" hai1="118,37,114,54,51,129,82,79,24,112,131,21,87" hai2="78,41,11,52,103,123,5,65,102,132,44,80,71" hai3="113,12,76,89,40,85,105,107,91,128,109,55,26"/><W36/><G113/><T94/><D104/><U75/><E37/><V70/><F132/><W15/><G36/><T83/><D32/><U7/><E7/><V98/><F123/><W100/><G40/><T39/><D39/><U58/><E75/><V62/><F71/><W61/><G128/><N who="1" m="49226" /><E118/><V88/><F52/><W23/><G109/><N who="0" m="42059" /><D48/><U135/><E135/><V0/><F88/><N who="3" m="33867" /><G107/><T2/><D2/><U6/><E6/><V72/><REACH who="2" step="1"/><F98/><REACH who="2" ten="413,233,175,149" step="2"/><W92/><G105/><T99/><D99/><U106/><E106/><V13/><F13/><N who="3" m="5195" /><G100/><T27/><D27/><U3/><E3/><V17/><F17/><AGARI ba="1,3" hai="17,21,24,51,54,58,79,82,87,112,114" m="49226" machi="17" ten="30,1000,0" yaku="19,1" doraHai="34" who="1" fromWho="2" sc="413,0,233,43,175,-13,149,0" /><INIT seed="4,0,0,0,0,129" ten="413,276,162,149" oya="0" hai0="76,123,99,6,91,9,23,95,70,14,87,26,49" hai1="111,71,124,2,53,64,96,32,133,36,128,29,10" hai2="7,107,39,79,115,55,42,11,127,132,125,89,85" hai3="50,68,84,8,113,94,46,88,60,104,34,116,114"/><T17/><D70/><U43/><E53/><V134/><F79/><W105/><G34/><T1/><D123/><U80/><E96/><V131/><F107/><W18/><G116/><T45/><D1/><U75/><E64/><V30/><F30/><W118/><G118/><T73/><D73/><U122/><E80/><N who="2" m="49319" /><F115/><N who="3" m="44043" /><G68/><T57/><D57/><U37/><E43/><V38/><F55/><W62/><G8/><T24/><D76/><U22/><E22/><V77/><F77/><W93/><G18/><T108/><D108/><U31/><E10/><V102/><F102/><W109/><G109/><T19/><D87/><U72/><E72/><V110/><F110/><W65/><G94/><T120/><D120/><U16/><E16/><V61/><F61/><N who="3" m="23659" /><G65/><T44/><D49/><U56/><E31/><V5/><F131/><W58/><G58/><T83/><D83/><U48/><E29/><V13/><F5/><W41/><AGARI ba="0,0" hai="41,46,50,84,88,93,104,105" m="23659,44043" machi="41" ten="30,2000,0" yaku="15,1,54,1" doraHai="129" who="3" fromWho="3" sc="413,-10,276,-5,162,-5,149,20" /><INIT seed="5,0,0,0,4,103" ten="403,271,157,169" oya="1" hai0="39,111,113,41,77,27,133,65,34,112,24,62,96" hai1="33,134,52,29,11,80,69,56,79,82,51,48,86" hai2="118,2,78,28,23,46,107,5,37,94,66,88,61" hai3="104,90,110,8,25,122,19,100,35,53,14,12,64"/><U68/><E134/><V135/><F78/><W129/><G122/><T42/><D111/><U89/><E48/><V76/><F76/><W3/><G110/><T108/><D108/><U83/><E83/><V31/><F118/><W95/><G129/><T99/><D77/><U74/><REACH who="1" step="1"/><E11/><REACH who="1" ten="403,261,157,169" step="2"/><V26/><F135/><W120/><G120/><T130/><D133/><U102/><E102/><V127/><F127/><W106/><G100/><T115/><D115/><U70/><E70/><V91/><F37/><W109/><G109/><T4/><D39/><U117/><E117/><V13/><F61/><W119/><G119/><T101/><D62/><U98/><E98/><V43/><F43/><W1/><G64/><T10/><D65/><U63/><E63/><V17/><F66/><W67/><G67/><T81/><D101/><U73/><E73/><V132/><F132/><W32/><G53/><T22/><D99/><U84/><E84/><V72/><F72/><W16/><G8/><T45/><D10/><U85/><E85/><V125/><F125/><W128/><G128/><T121/><D96/><U124/><E124/><V38/><F38/><W7/><G95/><T54/><D130/><U20/><E20/><V92/><F94/><W47/><G47/><T15/><D45/><U55/><E55/><V58/><F92/><W105/><G105/><T114/><D54/><U50/><E50/><V40/><F107/><W9/><G9/><N who="0" m="4519" /><D81/><U44/><E44/><V123/><F46/><W60/><G60/><T57/><D114/><U6/><E6/><V36/><F123/><W30/><G7/><RYUUKYOKU ba="0,1" sc="403,-10,261,30,157,-10,169,-10" hai1="29,33,51,52,56,68,69,74,79,80,82,86,89" /><INIT seed="5,1,1,0,0,73" ten="393,291,147,159" oya="1" hai0="75,44,135,103,56,12,113,76,134,119,100,47,116" hai1="115,33,112,48,83,3,63,105,86,127,125,2,8" hai2="80,74,130,109,20,117,101,126,52,78,120,0,31" hai3="68,30,16,57,67,35,69,28,71,85,25,18,102"/><U41/><E33/><V110/><F0/><W58/><G102/><N who="0" m="38955" /><D56/><U26/><E105/><V95/><F117/><N who="0" m="45130" /><D12/><U131/><E26/><V64/><F120/><W9/><G67/><T79/><D75/><U99/><E99/><V46/><F64/><W37/><G37/><T27/><D27/><U10/><E63/><V88/><F101/><W66/><G66/><T7/><D7/><U70/><E70/><V72/><F72/><W29/><G35/><T87/><D113/><N who="1" m="43595" /><E131/><V92/><F92/><W132/><G25/><T49/><D49/><U107/><E107/><V5/><F130/><W133/><G85/><T11/><D11/><N who="1" m="4139" /><E48/><V1/><F5/><W93/><G93/><T61/><D61/><U51/><E51/><V55/><F1/><N who="1" m="9" /><E41/><V114/><F114/><W21/><G9/><T54/><D54/><U82/><E86/><V98/><F55/><W124/><G124/><AGARI ba="1,1" hai="82,83,124,125,127" m="9,4139,43595" machi="124" ten="40,12000,1" yaku="28,2,18,1,15,1" doraHai="73" who="1" fromWho="3" sc="393,0,291,133,147,0,159,-123" /><INIT seed="5,2,0,0,5,126" ten="393,424,147,36" oya="1" hai0="11,101,27,122,62,42,50,34,63,134,15,35,106" hai1="107,114,123,3,18,68,82,47,88,40,59,103,130" hai2="17,102,26,83,65,13,71,53,127,64,125,92,44" hai3="61,54,93,121,24,115,1,2,120,133,87,79,98"/><U66/><E123/><V94/><F26/><W100/><G133/><T46/><D134/><U28/><E68/><V16/><F83/><W29/><G115/><T70/><D122/><U117/><E117/><V111/><F44/><W49/><G121/><T80/><D106/><U110/><E28/><V60/><F60/><W75/><G75/><T96/><D35/><U78/><E114/><V36/><F13/><W52/><G120/><T43/><D43/><U9/><E110/><V85/><F85/><W113/><G113/><T119/><D119/><U6/><E18/><V95/><F95/><W20/><G61/><T37/><D37/><U25/><E25/><V31/><F36/><W108/><G54/><T22/><D34/><U124/><E124/><V105/><F53/><W56/><G108/><T89/><D70/><U57/><E66/><V76/><F71/><W33/><G33/><T118/><D118/><U132/><E132/><V116/><F31/><W30/><G30/><N who="0" m="17783" /><D101/><U72/><E88/><V41/><F116/><W55/><G55/><T58/><D58/><U67/><E67/><V19/><F111/><W104/><REACH who="3" step="1"/><G93/><REACH who="3" ten="393,424,147,26" step="2"/><N who="0" m="56367" /><D80/><AGARI ba="2,1" hai="1,2,20,24,29,49,52,56,79,80,87,98,100,104" machi="80" ten="40,2600,0" yaku="1,1,54,1,53,0" doraHai="126" doraHaiUra="5" who="3" fromWho="0" sc="393,-32,424,0,147,0,26,42" /><INIT seed="6,0,0,5,3,126" ten="361,424,147,68" oya="2" hai0="14,82,112,51,33,114,104,39,118,30,79,2,43" hai1="8,90,49,87,129,54,46,5,22,111,21,29,84" hai2="134,77,59,91,71,28,47,66,102,96,42,135,55" hai3="50,6,52,97,61,81,64,41,25,23,94,60,12"/><V19/><F71/><W121/><G121/><T1/><D51/><U119/><E129/><V70/><F66/><W56/><G41/><T68/><D14/><U7/><E111/><V18/><F70/><W4/><G81/><T85/><D104/><U86/><E119/><V124/><F124/><W16/><G61/><T15/><D15/><U101/><E101/><V100/><F28/><W58/><REACH who="3" step="1"/><G25/><REACH who="3" ten="361,424,147,58" step="2"/><T117/><D43/><N who="1" m="24799" /><E84/><V83/><F135/><W32/><G32/><T65/><D33/><U122/><E86/><N who="2" m="50655" /><F134/><W133/><G133/><T115/><D118/><U26/><E122/><V57/><F77/><W88/><AGARI ba="0,1" hai="4,6,12,16,23,50,52,56,58,60,64,88,94,97" machi="88" ten="20,12000,2" yaku="1,1,0,1,7,1,8,1,54,3,53,0" doraHai="126" doraHaiUra="73" who="3" fromWho="3" sc="361,-30,424,-30,147,-60,58,130" /><INIT seed="7,0,0,0,1,69" ten="331,394,87,188" oya="3" hai0="7,35,124,79,85,104,18,54,32,37,128,10,70" hai1="121,82,29,130,87,2,94,60,39,132,116,97,31" hai2="117,22,101,47,65,89,53,112,42,98,66,3,90" hai3="16,76,14,102,9,68,43,56,88,24,15,46,129"/><W5/><G68/><T52/><D104/><U110/><E110/><V34/><F34/><W127/><G102/><T8/><D70/><U11/><E39/><V45/><F3/><W92/><G129/><T135/><D18/><U77/><E121/><V122/><F101/><W59/><G127/><T84/><D79/><U78/><E78/><V115/><F98/><W17/><G24/><T27/><D27/><U30/><E130/><V118/><F42/><W106/><G106/><T58/><D58/><U13/><E2/><V23/><REACH who="2" step="1"/><F53/><REACH who="2" ten="331,394,77,188" step="2"/><W74/><G74/><T62/><D128/><U72/><E72/><V123/><AGARI ba="0,1" hai="22,23,45,47,65,66,89,90,112,115,117,118,122,123" machi="123" ten="25,8000,1" yaku="1,1,2,1,0,1,22,2,53,0" doraHai="69" doraHaiUra="33" who="2" fromWho="2" sc="331,-20,394,-20,77,90,188,-40" owari="311,11.1,374,47.4,167,-23.3,148,-35.2" /></mjloggm>