<mjloggm ver="2.3"><GO type="41" lobby="0"/><UN n0="%E6%81%B5%E9%87%8C%E8%8B%A5%36%38" n1="%E9%9B%AA%E3%81%AE%E6%A1%9C" n2="%31%30%32%39%33%38%61%7A" n3="%E2%93%9D%4C%75%63%6B%79%4A" dan="15,13,13,18" rate="1966.18,1848.26,1900.72,2208.56" sx="F,M,M,M"/><TAIKYOKU oya="0"/><INIT seed="0,0,0,5,5,88" ten="250,250,250,250" oya="0" hai0="17,122,106,28,55,15,110,41,62,6,63,133,35" hai1="47,117,98,124,125,10,29,77,40,99,16,13,43" hai2="97,87,64,72,20,57,73,32,95,12,92,7,2" hai3="4,36,71,93,9,94,115,127,38,131,81,49,109"/><T70/><D106/><U89/><E117/><V42/><F32/><W14/><G115/><T5/><D122/><U79/><E29/><V74/><F2/><W54/><G71/><T114/><D114/><U116/><E116/><V103/><F42/><W59/><G109/><T56/><D133/><U51/><E40/><V104/><F87/><W123/><G123/><T107/><D107/><U24/><E24/><V48/><F7/><W25/><G131/><T96/><D41/><U1/><E1/><V31/><F48/><W80/><G127/><N who="1" m="48714" /><E89/><V129/><F129/><W102/><G102/><T58/><D70/><U30/><E30/><V128/><F128/><W65/><G65/><T50/><D50/><U27/><E27/><V112/><F112/><W83/><REACH who="3" step="1"/><G25/><REACH who="3" ten="250,250,250,240" step="2"/><T26/><D110/><U0/><E0/><V8/><F64/><W52/><G52/><T75/><D63/><U22/><E22/><V101/><F20/><W126/><G126/><T69/><D69/><U66/><E66/><V118/><F101/><W111/><G111/><T100/><D58/><U90/><E98/><V132/><F57/><W121/><G121/><T86/><D56/><U91/><E99/><V135/><F118/><W46/><G46/><T76/><D62/><U130/><E130/><V82/><F97/><W67/><G67/><T45/><D55/><U19/><E19/><V105/><F103/><W44/><G44/><T108/><D17/><U18/><E18/><V134/><F134/><W119/><G119/><T68/><D68/><U113/><E113/><V11/><F135/><W60/><G60/><RYUUKYOKU ba="0,1" sc="250,-15,250,15,250,-15,240,15" hai1="10,13,16,43,47,51,77,79,90,91" hai3="4,9,14,36,38,49,54,59,80,81,83,93,94" /><INIT seed="1,1,1,0,0,17" ten="235,265,235,255" oya="1" hai0="1,8,85,34,20,32,10,99,92,31,9,51,45" hai1="66,115,118,47,68,71,12,11,4,119,78,109,67" hai2="91,6,24,95,3,96,123,113,7,116,132,14,107" hai3="117,42,128,63,86,16,26,23,114,112,79,82,130"/><U133/><E115/><V122/><F116/><W97/><G117/><T70/><D70/><U94/><E133/><V87/><F132/><W15/><G42/><T53/><D1/><U55/><E109/><V120/><F3/><W57/><G97/><T73/><D73/><U61/><E78/><V72/><F113/><W29/><G130/><T44/><D85/><U110/><E110/><V69/><F69/><W35/><REACH who="3" step="1"/><G128/><REACH who="3" ten="235,265,235,245" step="2"/><T38/><D38/><U129/><E129/><V33/><F123/><W54/><AGARI ba="1,2" hai="15,16,23,26,29,35,54,57,63,79,82,86,112,114" machi="54" ten="20,12000,2" yaku="1,1,2,1,0,1,7,1,52,1,54,1,53,0" doraHai="17" doraHaiUra="93" who="3" fromWho="3" sc="235,-31,265,-61,235,-31,245,143" /><INIT seed="2,0,0,2,0,41" ten="204,204,204,388" oya="2" hai0="112,23,133,59,128,122,77,32,5,132,126,94,127" hai1="106,85,97,89,72,16,22,119,108,27,14,73,103" hai2="70,130,2,8,101,44,64,65,91,3,9,100,104" hai3="111,15,61,0,86,116,114,40,26,76,29,49,46"/><V39/><F130/><W4/><G116/><T54/><D112/><U48/><E108/><V75/><F75/><W124/><G0/><T118/><D32/><U33/><E119/><V58/><F58/><W84/><G124/><N who="0" m="47659" /><D118/><U134/><E134/><N who="0" m="51817" /><D77/><U110/><E110/><V113/><F113/><W71/><G111/><T51/><D5/><U35/><E35/><V99/><F91/><W47/><G71/><T87/><D23/><U42/><E33/><V80/><F80/><W125/><G61/><T52/><D94/><U17/><E89/><V7/><F65/><W102/><G76/><T120/><D87/><U131/><E85/><V92/><F92/><W53/><G102/><T62/><D128/><U38/><E131/><V105/><F9/><N who="3" m="4519" /><G114/><T93/><D93/><U82/><E82/><V74/><F74/><W55/><G125/><T57/><AGARI ba="0,0" hai="51,52,54,57,59,62,120,122" m="51817,47659" machi="57" ten="40,8000,1" yaku="18,1,20,1,34,2,54,1" doraHai="41" who="0" fromWho="0" sc="204,80,204,-20,204,-40,388,-20" /><INIT seed="3,0,0,3,5,132" ten="284,184,164,368" oya="3" hai0="99,55,120,41,60,97,31,82,51,57,117,70,43" hai1="50,105,135,6,18,91,68,134,32,23,61,130,102" hai2="127,77,94,85,122,58,14,133,65,74,129,3,21" hai3="90,109,76,98,1,4,66,12,96,9,118,79,78"/><W103/><G118/><T42/><D120/><U2/><E32/><V45/><F3/><W34/><G34/><T128/><D128/><U30/><E30/><V27/><F74/><W37/><G37/><T114/><D117/><U101/><E130/><V10/><F122/><W0/><G66/><T73/><D114/><U49/><E91/><V84/><F133/><N who="1" m="50697" /><E6/><V26/><F45/><W17/><G109/><T113/><D113/><U13/><E2/><V131/><F26/><W83/><G1/><T126/><D31/><U106/><E102/><V81/><F131/><W111/><G111/><T48/><D82/><U112/><E112/><V89/><F65/><W104/><G98/><T108/><D73/><U7/><E7/><V64/><F64/><W107/><G90/><T123/><D97/><N who="1" m="61615" /><E106/><V121/><F58/><W16/><G107/><T15/><D123/><U59/><E68/><V93/><F93/><W115/><G115/><T29/><D29/><U40/><E40/><V54/><F54/><AGARI ba="0,0" hai="13,18,23,49,50,54,59,61" m="61615,50697" machi="54" ten="30,1000,0" yaku="20,1" doraHai="132" who="1" fromWho="2" sc="284,0,184,10,164,-10,368,0" /><INIT seed="4,0,0,5,0,6" ten="284,194,154,368" oya="0" hai0="27,127,45,42,79,19,22,65,34,126,97,0,21" hai1="69,14,37,71,75,114,85,5,123,38,17,131,39" hai2="82,31,3,90,72,33,16,32,4,58,56,105,10" hai3="113,41,74,68,76,11,125,26,78,111,13,100,124"/><T12/><D65/><U29/><E123/><V135/><F105/><W20/><G111/><T121/><D79/><U106/><E75/><V61/><F135/><W7/><G68/><T25/><D97/><U92/><E106/><V18/><F58/><W89/><G113/><T73/><D73/><U47/><E131/><V93/><F72/><W117/><G117/><T50/><D0/><U109/><E109/><V36/><F82/><W55/><G41/><T88/><D121/><U130/><E130/><V94/><F94/><W104/><G55/><T52/><D34/><U133/><E29/><V116/><F36/><W99/><G89/><T95/><D42/><U44/><E5/><V107/><F107/><W129/><G129/><T51/><D50/><U134/><E114/><V48/><F48/><W110/><G110/><T70/><D70/><U2/><E2/><V122/><F122/><W96/><G99/><N who="0" m="57831" /><D22/><U81/><E69/><V120/><F116/><W24/><G74/><T28/><D28/><U54/><E71/><V98/><F32/><W60/><G60/><T83/><D83/><U87/><E81/><V66/><REACH who="2" step="1"/><F120/><REACH who="2" ten="284,194,144,368" step="2"/><W103/><G104/><T128/><D128/><U86/><E92/><V67/><F67/><W112/><G112/><T91/><D91/><U64/><E64/><V40/><F40/><W108/><G108/><T59/><D59/><U62/><E62/><V132/><F132/><N who="1" m="50793" /><E54/><V115/><F115/><W8/><G78/><T46/><D45/><U53/><E53/><V30/><F30/><N who="3" m="17735" /><G76/><T77/><D77/><U119/><E119/><V35/><F35/><RYUUKYOKU ba="0,1" sc="284,10,194,10,144,10,368,-30" hai0="12,19,21,25,27,46,51,52,126,127" hai1="14,17,37,38,39,44,47,85,86,87" hai2="3,4,10,16,18,31,33,56,61,66,90,93,98" /><INIT seed="4,1,1,5,5,110" ten="294,204,154,338" oya="0" hai0="78,55,74,111,131,45,30,99,94,126,115,132,91" hai1="54,61,76,17,120,37,51,25,29,130,107,68,13" hai2="39,135,38,53,64,52,23,104,90,11,5,7,32" hai3="44,80,2,129,69,14,112,134,123,8,65,12,0"/><T79/><D111/><U16/><E120/><V82/><F32/><W121/><G69/><T60/><D126/><U4/><E37/><V46/><F104/><W28/><G65/><T108/><D108/><U95/><E107/><V106/><F106/><W100/><G100/><T125/><D125/><U35/><E130/><V20/><F64/><W10/><G80/><T109/><D131/><U15/><E76/><V42/><F135/><W72/><G44/><T3/><D132/><U103/><E61/><V105/><F105/><W9/><G72/><T117/><D3/><N who="3" m="1065" /><G129/><T6/><D6/><U70/><E4/><V22/><F39/><W67/><G67/><T75/><D117/><U114/><E114/><V41/><F41/><W58/><G58/><T63/><D115/><U49/><E68/><V56/><F56/><W96/><G96/><T66/><D74/><U33/><E33/><V50/><F38/><W21/><G112/><T86/><D75/><U98/><E70/><V113/><F113/><W118/><G118/><T73/><D73/><U62/><E62/><V83/><F83/><W128/><G128/><T93/><D66/><U102/><E102/><V31/><F31/><W57/><G57/><N who="0" m="34879" /><D63/><U1/><E1/><V119/><F119/><W85/><G85/><T87/><D45/><U127/><E127/><V43/><F43/><W97/><G97/><T71/><D71/><U92/><E92/><V47/><F47/><W27/><G134/><T124/><D109/><U24/><E54/><N who="2" m="21099" /><F11/><W26/><G27/><T48/><D124/><U59/><E59/><V101/><F101/><RYUUKYOKU ba="1,1" sc="294,-15,204,-15,154,15,338,15" hai2="5,7,20,22,23,42,46,50,82,90" hai3="8,9,10,12,14,21,26,28,121,123" /><INIT seed="5,2,1,0,2,99" ten="279,189,169,353" oya="1" hai0="61,47,42,30,90,17,5,32,91,12,71,116,108" hai1="83,49,134,48,65,114,119,86,50,70,85,127,8" hai2="62,53,111,35,124,79,78,74,107,57,123,81,52" hai3="23,87,130,0,14,129,7,60,56,51,55,69,58"/><U34/><E119/><V95/><F123/><W106/><G106/><T76/><D108/><U3/><E34/><V117/><F117/><W16/><G69/><T41/><D116/><U25/><E114/><V131/><F111/><W135/><G135/><T40/><D5/><U82/><E134/><V44/><F35/><W46/><G87/><T92/><D76/><U120/><E120/><V105/><F124/><W125/><G125/><T112/><D112/><U75/><E127/><V36/><F131/><N who="3" m="50187" /><G60/><T98/><D30/><U15/><E3/><V121/><F121/><W28/><G28/><T67/><D32/><U132/><E75/><V122/><F122/><W133/><G133/><T80/><D80/><U1/><E1/><V19/><F79/><W39/><G39/><T27/><D27/><U93/><E25/><V38/><F38/><W118/><G118/><T10/><REACH who="0" step="1"/><D90/><REACH who="0" ten="269,189,169,353" step="2"/><U102/><E132/><V128/><F128/><W103/><G103/><T43/><D43/><U2/><E83/><V22/><F81/><W9/><AGARI ba="2,2" hai="0,7,9,14,16,23,46,51,55,56,58" m="50187" machi="9" ten="30,2000,0" yaku="19,1,54,1" doraHai="99" who="3" fromWho="3" sc="269,-7,189,-12,169,-7,353,46" /><INIT seed="6,0,0,3,0,87" ten="262,177,162,399" oya="2" hai0="105,135,12,91,128,64,70,99,110,54,116,27,9" hai1="22,82,120,58,104,63,15,77,39,106,75,61,115" hai2="66,89,65,42,21,0,37,7,3,129,125,5,108" hai3="103,67,72,60,92,68,17,69,121,122,52,28,76"/><V124/><F37/><W49/><G28/><T51/><D110/><U33/><E33/><V53/><F42/><W74/><G76/><T6/><D116/><U18/><E115/><V98/><F108/><W88/><G103/><T84/><D135/><U46/><E120/><V26/><F129/><W35/><G35/><T30/><D128/><U57/><E39/><V48/><F5/><W114/><G69/><T83/><D70/><U29/><E46/><V2/><F7/><W94/><G94/><T90/><D64/><U31/><E104/><V13/><F13/><W36/><G36/><T59/><D105/><U71/><E71/><V20/><F20/><W50/><G50/><T117/><D99/><U40/><E40/><V14/><F14/><W34/><G34/><T102/><D102/><U1/><E1/><V107/><F107/><W133/><G17/><T80/><D117/><U132/><E132/><V96/><F96/><W119/><G114/><T127/><D127/><N who="2" m="48714" /><F89/><N who="0" m="33802" /><D84/><U43/><E106/><V19/><F98/><W4/><G119/><T81/><D27/><U131/><E131/><V101/><F101/><W118/><G118/><T126/><D126/><U123/><E123/><V85/><F85/><N who="3" m="52239" /><G122/><T130/><D130/><U44/><E75/><N who="3" m="28714" /><G121/><T73/><D73/><U95/><E95/><V56/><AGARI ba="0,0" hai="0,2,3,19,21,26,48,53,56,65,66" m="48714" machi="56" ten="40,2100,0" yaku="18,1" doraHai="87" who="2" fromWho="2" sc="262,-7,177,-7,162,21,399,-7" /><INIT seed="6,1,0,2,2,31" ten="255,170,183,392" oya="2" hai0="97,75,99,107,13,60,86,100,95,94,9,52,12" hai1="74,98,76,33,26,93,50,123,23,85,41,89,69" hai2="91,20,135,101,6,84,11,117,38,14,83,61,73" hai3="44,5,134,34,90,109,58,30,82,55,64,62,104"/><V57/><F117/><W130/><G109/><T80/><D75/><U21/><E69/><V118/><F135/><W43/><G104/><T63/><D107/><U53/><E123/><V79/><F118/><W71/><G5/><T37/><D37/><U129/><E129/><V0/><F38/><W70/><G90/><T124/><D124/><U103/><E41/><V2/><F101/><W72/><G82/><T108/><D108/><U110/><E110/><V56/><F20/><W3/><G3/><T19/><D13/><U46/><E74/><V127/><F57/><W8/><G8/><T32/><D52/><U45/><E76/><V59/><F59/><W49/><G72/><T68/><D32/><U88/><E46/><V29/><F29/><W115/><G115/><T22/><D9/><U125/><E125/><V112/><F112/><W10/><G10/><T16/><D19/><U114/><E114/><V81/><REACH who="2" step="1"/><F127/><REACH who="2" ten="255,170,173,392" step="2"/><W119/><G119/><T120/><D68/><U39/><E39/><V18/><F18/><W121/><G71/><T78/><D120/><U28/><REACH who="1" step="1"/><E89/><AGARI ba="1,1" hai="12,16,22,60,63,78,80,86,89,94,95,97,99,100" machi="89" ten="30,3900,0" yaku="7,1,8,1,54,1" doraHai="31" who="0" fromWho="1" sc="255,52,170,-42,173,0,392,0" /><INIT seed="7,0,0,5,0,60" ten="307,128,173,392" oya="3" hai0="133,36,50,32,59,0,65,64,122,66,28,22,49" hai1="123,8,55,134,71,99,61,106,26,131,80,14,77" hai2="70,132,37,126,23,69,75,88,40,87,116,39,18" hai3="102,34,111,130,90,51,62,7,43,38,135,68,6"/><W48/><G102/><T10/><D32/><U112/><E123/><V27/><F75/><W113/><G62/><T124/><D122/><U31/><E112/><V103/><F116/><W20/><G43/><T57/><D0/><U95/><E131/><V54/><F126/><W35/><G90/><T3/><D3/><U117/><E134/><V97/><F132/><W101/><G101/><T33/><D33/><U121/><E121/><V17/><F17/><W53/><G53/><T41/><D10/><U11/><E117/><V119/><F54/><W25/><G25/><T78/><D78/><U105/><E8/><V79/><F79/><W107/><G68/><T86/><D86/><U96/><E96/><V73/><F73/><W16/><G38/><T47/><D124/><U12/><E12/><V125/><F39/><W4/><G7/><T29/><D22/><U83/><E106/><V45/><F119/><W100/><G100/><T81/><D81/><U67/><E105/><V91/><F91/><W109/><G107/><T72/><D72/><U15/><E15/><V63/><F125/><W82/><G82/><T58/><REACH who="0" step="1"/><D133/><REACH who="0" ten="297,128,173,392" step="2"/><U120/><E120/><V110/><F87/><W24/><G35/><T93/><D93/><U56/><E77/><V92/><F92/><W114/><G34/><T98/><D98/><U128/><E128/><V89/><F97/><W9/><G130/><T108/><D108/><U74/><E74/><V30/><F110/><W21/><G135/><T118/><D118/><U104/><E104/><V44/><F23/><W13/><G111/><T94/><D94/><RYUUKYOKU ba="0,1" sc="297,30,128,-10,173,-10,392,-10" hai0="28,29,36,41,47,49,50,57,58,59,64,65,66" owari="327,12.7,118,-38.2,163,-23.7,392,49.2" /></mjloggm>