<mjloggm ver="2.3"><GO type="41" lobby="0"/><UN n0="%E3%82%A2%E3%83%AA%E3%83%95%E3%83%AD%E3%83%9F%E3%83%B3" n1="%E2%93%9D%4C%75%63%6B%79%4A" n2="%53%65%76%69%6C%6C%61" n3="%E3%83%89%E3%83%AB%E3%83%88%E3%83%A0%E3%83%B3%E3%83%88" dan="13,17,15,14" rate="1854.15,2172.30,2000.91,1910.90" sx="M,M,M,M"/><TAIKYOKU oya="0"/><INIT seed="0,0,0,2,5,61" ten="250,250,250,250" oya="0" hai0="70,50,58,108,17,118,89,8,109,132,103,95,121" hai1="0,12,74,28,31,104,57,83,114,97,54,46,130" hai2="10,64,78,48,59,33,14,82,79,30,71,100,42" hai3="63,81,67,49,76,94,91,19,39,72,115,84,87"/><T35/><D121/><U102/><E0/><V110/><F110/><N who="0" m="42602" /><D70/><U16/><E130/><V37/><F100/><W3/><G39/><T90/><D118/><U44/><E114/><V13/><F30/><W55/><G115/><T93/><D35/><U113/><E113/><V116/><F116/><W120/><G120/><T129/><D129/><U134/><E134/><V25/><F25/><W77/><G3/><T124/><D132/><U43/><E83/><V60/><F33/><W41/><G41/><T123/><D123/><U106/><E74/><V47/><F82/><W99/><G19/><T7/><D17/><U69/><E69/><V53/><REACH who="2" step="1"/><F14/><REACH who="2" ten="250,250,240,250" step="2"/><W119/><G119/><T11/><D124/><U62/><E106/><V20/><F20/><W24/><G24/><T122/><D122/><U66/><E31/><V125/><F125/><W45/><REACH who="3" step="1"/><G77/><REACH who="3" ten="250,250,240,240" step="2"/><T1/><D8/><U52/><E28/><V68/><F68/><AGARI ba="0,2" hai="45,49,55,63,67,68,72,76,81,84,87,91,94,99" machi="68" ten="30,8000,1" yaku="1,1,2,1,7,1,52,1,53,1" doraHai="61" doraHaiUra="107" who="3" fromWho="2" sc="250,0,250,0,240,-80,240,100" /><INIT seed="1,0,0,1,4,132" ten="250,250,160,340" oya="1" hai0="31,86,72,29,7,113,118,3,13,77,119,39,24" hai1="105,130,109,80,6,53,106,82,135,108,11,28,87" hai2="57,25,22,18,83,92,16,98,88,60,14,4,112" hai3="0,21,103,33,36,114,47,38,51,46,17,99,56"/><U27/><E53/><V43/><F112/><W75/><G114/><T45/><D113/><U107/><E135/><V65/><F43/><W8/><G75/><T15/><D86/><U26/><E130/><V54/><F83/><W73/><G33/><T90/><D90/><U104/><N who="1" m="26624" /><DORA hai="30" /><U76/><E82/><V66/><F4/><W19/><G73/><T49/><D39/><U123/><E123/><V124/><F124/><W100/><G21/><AGARI ba="0,0" hai="14,16,18,21,22,25,54,57,60,65,66,88,92,98" machi="21" ten="30,12000,2" yaku="7,1,25,2,8,1,54,2" doraHai="132,30" who="2" fromWho="3" sc="250,0,250,0,160,120,340,-120" /><INIT seed="2,0,0,3,4,4" ten="250,250,280,220" oya="2" hai0="55,75,125,29,8,102,110,20,122,40,85,131,37" hai1="6,17,116,126,83,84,79,60,130,132,53,26,68" hai2="23,7,58,89,21,34,80,61,93,32,95,52,10" hai3="2,38,67,129,105,11,78,25,30,103,100,19,43"/><V104/><F104/><W123/><G129/><T15/><D122/><U70/><E116/><V9/><F34/><W46/><G123/><T111/><D75/><U121/><E121/><V76/><F32/><W108/><G67/><T74/><D74/><U107/><E107/><V5/><F5/><W120/><G120/><T81/><D102/><U39/><E39/><V94/><F89/><W16/><G78/><T45/><D55/><U1/><E126/><V49/><F61/><W119/><G119/><T13/><D125/><U47/><E132/><V113/><F113/><W65/><G65/><T22/><D131/><U117/><E130/><V124/><F124/><W90/><G90/><T118/><D15/><U12/><E26/><V87/><REACH who="2" step="1"/><F10/><REACH who="2" ten="250,250,270,220" step="2"/><W28/><G105/><T24/><D22/><U44/><E60/><V134/><F134/><W98/><G103/><T133/><D133/><U135/><E135/><V14/><AGARI ba="0,1" hai="7,9,14,21,23,49,52,58,76,80,87,93,94,95" machi="14" ten="30,18000,2" yaku="1,1,0,1,8,1,52,1,54,1,53,1" doraHai="4" doraHaiUra="0" who="2" fromWho="2" sc="250,-60,250,-60,270,190,220,-60" /><INIT seed="2,1,0,5,3,67" ten="190,190,460,160" oya="2" hai0="86,44,96,128,2,53,34,47,115,99,66,131,14" hai1="80,79,21,32,54,95,64,112,82,85,25,100,71" hai2="11,37,36,127,52,27,124,20,31,30,108,23,0" hai3="19,121,33,106,68,8,24,105,130,107,65,18,90"/><V4/><F108/><W63/><G121/><T97/><D115/><U38/><E32/><V57/><F23/><W72/><G72/><T50/><D2/><U35/><E38/><V109/><F109/><W56/><G130/><N who="0" m="49707" /><D34/><U46/><E35/><V78/><F78/><W73/><G73/><T122/><D122/><U88/><E112/><V75/><F31/><W87/><G8/><T120/><D120/><U94/><E64/><V13/><F13/><W7/><G7/><T3/><D3/><U70/><E100/><V91/><F91/><W69/><G18/><T17/><D86/><U28/><E95/><V48/><REACH who="2" step="1"/><F75/><REACH who="2" ten="190,190,450,160" step="2"/><W126/><G126/><AGARI ba="1,1" hai="0,4,11,20,27,30,36,37,48,52,57,124,126,127" machi="126" ten="40,12000,1" yaku="1,1,2,1,18,1,54,1,53,0" doraHai="67" doraHaiUra="111" who="2" fromWho="3" sc="190,0,190,0,450,133,160,-123" /><INIT seed="2,2,0,3,0,97" ten="190,190,583,37" oya="2" hai0="56,5,86,35,95,62,54,133,111,82,116,60,132" hai1="131,76,88,57,1,50,33,123,81,41,31,91,23" hai2="10,84,109,19,9,124,87,80,67,8,135,103,89" hai3="120,59,53,128,16,61,108,92,115,25,20,26,24"/><V12/><F124/><W21/><G128/><T39/><D116/><U45/><E33/><V119/><F119/><W55/><G108/><T104/><D111/><U36/><E1/><V34/><F34/><W101/><G120/><T47/><D104/><U43/><E131/><V102/><F135/><N who="0" m="51786" /><D35/><U83/><E123/><V96/><F96/><N who="3" m="59527" /><G115/><T122/><D122/><U52/><E43/><V126/><F126/><W134/><G134/><T69/><D95/><U40/><E41/><V29/><F29/><N who="3" m="17543" /><G26/><T73/><D5/><U68/><E68/><V85/><F109/><W7/><G7/><T118/><D118/><U107/><E107/><V65/><F85/><W66/><AGARI ba="2,0" hai="16,21,25,53,55,59,61,66" m="17543,59527" machi="66" ten="30,7900,0" yaku="25,1,8,1,52,1,54,1" doraHai="97" who="3" fromWho="3" sc="190,-22,190,-22,583,-41,37,85" /><INIT seed="3,0,0,5,5,105" ten="168,168,542,122" oya="3" hai0="115,25,11,90,53,124,86,24,104,129,75,94,61" hai1="88,111,38,119,6,33,135,110,65,10,3,116,13" hai2="41,99,112,113,125,31,42,117,1,89,123,131,80" hai3="5,69,98,72,79,17,58,121,81,96,84,71,19"/><W22/><G121/><T45/><D104/><U74/><E65/><V63/><F117/><N who="1" m="45129" /><E38/><V12/><F1/><W66/><G5/><T108/><D108/><N who="1" m="41515" /><E135/><V77/><F63/><W87/><G17/><T91/><D115/><U70/><E70/><V56/><F56/><W101/><G98/><T134/><D134/><U14/><E74/><V21/><F42/><W118/><G118/><T106/><D106/><U15/><E88/><V59/><F89/><W76/><G71/><T51/><D129/><U52/><E52/><V55/><F55/><W97/><G69/><T40/><D124/><U109/><N who="1" m="41523" /><U2/><DORA hai="82" /><E3/><V28/><F41/><W132/><G132/><T36/><D61/><U107/><E107/><V100/><F125/><W35/><G72/><T62/><D62/><U64/><E64/><V18/><F113/><W57/><G66/><T73/><D91/><U93/><E93/><V50/><F112/><W92/><G97/><T7/><D75/><U4/><E33/><V27/><F59/><W128/><G35/><T130/><D73/><U85/><E85/><V30/><F99/><W44/><G44/><T29/><D53/><U95/><E95/><V60/><F60/><W34/><G34/><T68/><D94/><U103/><E103/><V23/><F100/><W78/><G128/><T54/><D130/><U39/><E39/><V32/><F32/><W47/><G47/><T37/><D68/><U83/><E83/><V20/><F131/><W102/><G102/><T120/><D37/><U46/><E46/><V0/><F0/><W8/><G81/><RYUUKYOKU ba="0,0" sc="168,-10,168,30,542,-10,122,-10" hai1="2,4,6,10,13,14,15" /><INIT seed="4,1,0,4,0,98" ten="158,198,532,112" oya="0" hai0="81,60,110,132,70,106,10,63,134,95,18,100,3" hai1="123,88,14,79,109,103,34,92,15,27,21,64,13" hai2="7,38,118,2,52,28,54,116,131,120,40,1,66" hai3="43,122,74,69,68,112,104,26,47,93,19,87,77"/><T30/><D106/><U91/><E34/><V62/><F120/><W36/><G104/><T76/><D110/><U9/><E109/><V89/><F28/><W45/><G122/><T125/><D125/><U11/><E79/><V4/><F89/><N who="1" m="34377" /><E64/><V128/><F40/><W23/><G112/><T16/><D30/><N who="1" m="17775" /><E123/><V24/><F24/><W61/><G87/><T99/><D3/><U124/><E124/><V114/><F38/><W80/><G93/><T78/><D10/><U46/><E46/><V127/><F127/><W135/><G61/><N who="0" m="23627" /><D70/><U55/><E55/><V119/><F114/><W97/><G97/><AGARI ba="1,0" hai="9,11,13,14,15,92,97,103" m="17775,34377" machi="97" ten="30,3900,0" yaku="8,1,52,1,54,1" doraHai="98" who="1" fromWho="3" sc="158,0,198,42,532,0,112,-42" /><INIT seed="5,0,0,3,2,120" ten="158,240,532,70" oya="1" hai0="59,17,18,108,44,112,65,47,134,131,28,111,104" hai1="67,33,126,37,75,114,1,55,73,39,61,123,87" hai2="54,69,51,115,101,24,23,46,50,100,66,89,29" hai3="40,82,79,42,62,38,117,19,88,14,22,129,9"/><U56/><E33/><V119/><F119/><W30/><G129/><T85/><D104/><U25/><E1/><V60/><F115/><W90/><G117/><T68/><D28/><U11/><E123/><V36/><F36/><W94/><G38/><T81/><D112/><U3/><E114/><V49/><F49/><W70/><G70/><T48/><D131/><U118/><E87/><V122/><F122/><W110/><G110/><T2/><D2/><U103/><E103/><V109/><F109/><W83/><G62/><T34/><D34/><U12/><E3/><V0/><F0/><W8/><G83/><T43/><D134/><U6/><E118/><V95/><F51/><W124/><G124/><T78/><D68/><U7/><E7/><V80/><F80/><W102/><G102/><T74/><D47/><U93/><E93/><V20/><F23/><W97/><G90/><T4/><D4/><U27/><E39/><V63/><F63/><W105/><G105/><T72/><D18/><U35/><E37/><V135/><F135/><W58/><G58/><T16/><D17/><U130/><E126/><V10/><F10/><W128/><G128/><T86/><D86/><AGARI ba="0,0" hai="20,24,29,46,50,54,60,66,69,86,89,95,100,101" machi="86" ten="30,1000,0" yaku="7,1" doraHai="120" who="2" fromWho="0" sc="158,-10,240,0,532,10,70,0" /><INIT seed="6,0,0,2,1,46" ten="148,240,542,70" oya="2" hai0="12,16,8,135,47,35,20,36,92,5,123,2,4" hai1="132,107,44,112,85,22,122,90,84,27,75,88,115" hai2="0,26,9,60,111,17,89,93,86,69,64,118,13" hai3="56,45,82,81,18,57,78,24,103,116,25,65,30"/><V94/><F118/><W134/><G116/><T14/><D36/><U98/><E22/><V41/><F41/><W109/><G134/><T130/><D92/><U10/><E27/><V113/><F113/><N who="1" m="43593" /><E10/><V77/><F77/><W119/><G109/><T100/><D100/><N who="1" m="62871" /><E44/><V80/><F111/><W43/><G103/><T7/><D47/><U63/><E63/><V133/><F133/><W73/><G119/><T125/><D135/><U110/><E132/><V37/><F37/><W15/><G82/><T106/><D106/><U21/><E21/><V59/><F69/><W38/><G65/><T52/><D52/><U70/><E70/><V48/><F0/><W76/><G78/><T114/><D123/><U23/><E23/><V42/><F26/><W129/><G25/><T66/><D66/><U79/><E122/><V99/><F99/><W1/><G1/><T50/><D114/><U128/><E128/><V6/><F6/><W3/><G3/><T61/><D35/><U39/><E39/><V67/><F64/><W126/><G129/><T68/><D130/><U62/><E62/><V108/><F108/><W101/><G24/><T105/><D61/><U72/><E79/><V91/><F60/><W19/><G30/><T58/><D68/><U49/><E49/><V11/><F48/><W131/><G131/><T87/><D50/><U97/><E97/><V124/><F11/><N who="3" m="6527" /><G19/><T51/><D16/><U102/><E102/><V34/><F17/><W95/><G126/><T31/><D125/><U120/><E110/><V104/><F124/><W71/><G71/><T29/><D2/><RYUUKYOKU ba="0,0" sc="148,-10,240,-10,542,-10,70,30" hai3="38,43,45,56,57,73,76,81,95,101" /><INIT seed="7,1,0,5,1,1" ten="138,230,532,100" oya="3" hai0="41,2,61,135,6,128,55,7,56,127,26,19,117" hai1="23,88,0,60,29,111,113,125,99,91,18,93,35" hai2="37,50,48,122,104,74,73,123,115,102,112,9,114" hai3="81,65,67,33,57,40,106,21,62,58,42,110,31"/><W34/><G106/><T49/><D117/><U53/><E0/><V100/><F37/><W69/><G110/><T54/><D128/><U71/><E35/><V28/><F28/><W22/><G81/><T130/><D130/><U129/><E29/><V15/><F50/><W64/><G31/><T107/><D107/><U72/><E125/><V63/><F48/><W79/><G79/><T103/><D127/><U36/><E113/><V75/><F63/><W47/><G62/><T8/><D135/><U70/><E91/><V101/><F104/><W66/><N who="3" m="16384" /><DORA hai="4" /><W76/><G76/><T132/><D132/><U82/><E36/><V17/><AGARI ba="1,0" hai="9,15,17,73,74,75,100,101,102,112,114,115,122,123" machi="17" ten="50,8000,1" yaku="0,1,29,2,15,1,52,1" doraHai="1,4" who="2" fromWho="2" sc="138,-21,230,-21,532,83,100,-41" owari="117,-28.3,209,0.9,615,71.5,59,-44.1" /></mjloggm>