<mjloggm ver="2.3"><GO type="41" lobby="0"/><UN n0="%E2%93%9D%4C%75%63%6B%79%4A" n1="%E3%81%8A%E3%81%A4%E3%81%A7%E3%81%99" n2="%E6%9D%8F%E3%81%A1%E3%82%83%E3%82%93" n3="%41%63%61%63%61%73%63" dan="17,13,13,14" rate="2165.73,1828.68,1901.94,1895.65" sx="M,M,M,M"/><TAIKYOKU oya="0"/><INIT seed="0,0,0,2,2,15" ten="250,250,250,250" oya="0" hai0="11,6,89,114,67,96,112,93,84,98,37,110,45" hai1="7,82,22,16,94,57,81,100,87,19,64,102,126" hai2="56,125,52,55,135,134,2,127,86,25,105,60,54" hai3="53,107,47,3,44,36,46,17,35,70,115,108,23"/><T49/><D37/><U20/><E126/><N who="2" m="48139" /><F105/><W24/><G108/><T28/><D110/><U21/><E7/><V33/><F2/><W85/><G115/><T120/><D120/><U62/><E82/><V121/><F86/><W103/><G3/><T5/><D67/><U29/><E29/><V101/><F101/><N who="1" m="39017" /><E94/><V32/><F25/><W65/><G35/><N who="2" m="13385" /><F121/><W48/><G36/><T83/><D28/><U73/><E73/><V123/><F123/><W117/><G117/><T30/><D30/><U10/><E10/><V59/><F59/><W42/><G42/><T12/><D6/><U34/><E34/><V74/><F74/><W69/><G85/><T8/><D11/><U113/><E113/><V109/><F109/><W95/><G107/><T9/><D9/><U78/><AGARI ba="0,0" hai="16,19,20,21,22,57,62,64,78,81,87" m="39017" machi="78" ten="30,7900,0" yaku="8,1,52,2,54,1" doraHai="15" who="1" fromWho="1" sc="250,-39,250,79,250,-20,250,-20" /><INIT seed="1,0,0,3,3,52" ten="211,329,230,230" oya="1" hai0="11,89,135,19,85,56,119,94,118,110,103,106,91" hai1="66,75,67,97,8,7,131,31,63,92,81,60,115" hai2="76,35,37,4,3,79,23,44,10,70,98,47,48" hai3="17,101,15,45,74,55,21,40,73,32,82,59,124"/><U96/><E115/><V116/><F35/><W43/><G32/><T100/><D135/><U77/><E31/><V50/><F70/><W117/><G117/><T16/><D106/><U36/><E36/><V24/><F37/><W132/><G132/><T0/><D110/><U86/><E75/><V102/><F48/><W122/><G122/><T1/><D85/><U134/><E134/><V113/><F44/><W33/><G33/><T95/><D11/><U25/><E25/><V58/><F116/><W99/><G124/><T42/><REACH who="0" step="1"/><D56/><REACH who="0" ten="201,329,230,230" step="2"/><U38/><E97/><V127/><F113/><W5/><G5/><T20/><D20/><U13/><E131/><V46/><F58/><W39/><G82/><T88/><D88/><N who="1" m="55303" /><E38/><V69/><F46/><W80/><G80/><T64/><D64/><AGARI ba="0,1" hai="7,8,13,60,63,64,66,67,77,81,86" m="55303" machi="64" ten="30,2900,0" yaku="8,1,54,1" doraHai="52" who="1" fromWho="0" sc="201,-29,329,39,230,0,230,0" /><INIT seed="1,1,0,0,0,76" ten="172,368,230,230" oya="1" hai0="25,48,55,13,127,44,134,43,87,47,59,92,27" hai1="50,71,16,123,33,110,18,101,5,10,112,81,38" hai2="2,35,39,88,74,120,57,0,56,1,128,66,130" hai3="73,83,62,9,84,118,121,99,107,67,20,111,133"/><U46/><E71/><V82/><F39/><W108/><G121/><T109/><D127/><U26/><E123/><V85/><F35/><W4/><G133/><T75/><D75/><U23/><E112/><V102/><F120/><W63/><G118/><T15/><D109/><N who="3" m="42057" /><G73/><T70/><D70/><U29/><E110/><V114/><F74/><W86/><G86/><T7/><D47/><U116/><E38/><V131/><F102/><N who="3" m="62943" /><G20/><T106/><D106/><U72/><E101/><V3/><N who="2" m="0" /><DORA hai="124" /><V58/><REACH who="2" step="1"/><F114/><REACH who="2" ten="172,368,220,230" step="2"/><W135/><G135/><T28/><D134/><U125/><E33/><V30/><F30/><W105/><G105/><T31/><D31/><U6/><E125/><V21/><F21/><W24/><G24/><T54/><D27/><U79/><E116/><V93/><F93/><W91/><G67/><AGARI ba="1,1" hai="56,57,58,66,67,82,85,88,128,130,131" m="0" machi="67" ten="80,16000,3" yaku="1,1,29,2,19,1,52,4,54,1,53,1" doraHai="76,124" doraHaiUra="132,77" who="2" fromWho="3" sc="172,0,368,0,220,173,230,-163" /><INIT seed="2,0,0,5,1,122" ten="172,368,393,67" oya="2" hai0="53,44,62,12,128,87,24,45,119,102,23,113,38" hai1="103,27,118,135,42,50,106,30,84,132,20,0,115" hai2="90,130,40,117,75,56,47,126,3,16,37,83,116" hai3="32,110,35,25,49,33,100,127,94,5,2,34,36"/><V120/><F120/><W96/><N who="3" m="8192" /><DORA hai="98" /><W93/><G127/><T109/><D113/><U79/><E0/><V7/><F130/><W4/><G36/><T69/><D128/><U10/><E115/><V107/><F107/><W131/><G131/><T41/><D12/><U9/><E118/><V57/><F126/><W89/><G2/><T67/><D87/><U55/><E42/><V11/><F90/><W64/><G64/><T54/><D119/><U17/><E79/><V105/><F105/><W82/><G82/><T129/><D129/><U101/><E106/><V1/><F1/><W19/><G110/><T14/><D14/><N who="1" m="7375" /><E84/><V134/><F134/><N who="1" m="51241" /><E10/><V61/><F16/><W68/><G68/><T123/><D123/><U60/><E60/><V66/><REACH who="2" step="1"/><F57/><AGARI ba="0,0" hai="20,27,30,50,55,57,101,103" m="51241,7375" machi="57" ten="30,3900,0" yaku="20,1,52,2" doraHai="122,98" who="1" fromWho="2" sc="172,0,368,39,393,-39,67,0" /><INIT seed="3,0,0,5,1,109" ten="172,407,354,67" oya="3" hai0="116,57,121,129,38,68,48,65,2,120,122,62,101" hai1="131,91,106,18,26,5,111,84,79,78,24,102,103" hai2="117,9,123,128,125,61,64,100,53,39,97,94,127" hai3="54,85,89,31,98,17,95,114,56,28,110,70,76"/><W119/><G119/><T37/><D2/><U7/><E106/><V30/><F39/><N who="0" m="14858" /><D101/><U90/><E84/><V73/><F73/><W50/><G70/><T21/><D21/><U75/><E111/><V42/><F42/><W69/><G110/><T55/><D116/><U6/><E18/><V133/><F30/><W93/><G69/><T108/><D108/><U59/><E59/><V12/><F53/><W99/><G114/><T67/><D67/><U104/><E104/><V25/><F25/><N who="1" m="9833" /><E75/><V36/><F36/><W35/><G35/><T60/><D129/><U16/><E16/><N who="2" m="8207" /><F117/><W23/><G98/><T34/><D34/><U115/><E115/><V3/><F3/><W1/><G1/><T80/><D80/><U47/><E47/><V83/><F83/><W105/><G105/><T130/><D130/><U134/><E131/><V92/><F128/><W74/><G74/><T29/><D29/><U71/><E71/><N who="2" m="42383" /><F123/><N who="0" m="31490" /><T45/><DORA hai="13" /><D62/><U77/><E134/><V20/><F20/><W11/><G11/><T107/><D107/><U81/><E81/><V22/><F22/><W40/><G40/><T63/><D63/><U96/><E96/><N who="2" m="59399" /><F133/><W8/><G8/><T10/><D10/><U112/><E112/><V58/><F97/><W15/><REACH who="3" step="1"/><G76/><REACH who="3" ten="172,407,354,57" step="2"/><T126/><D68/><U0/><E0/><V135/><F135/><W132/><G132/><T82/><D82/><U72/><E72/><V19/><F94/><W87/><G87/><T44/><D126/><U51/><E79/><V27/><F127/><W41/><G41/><T32/><D32/><U86/><E78/><RYUUKYOKU ba="0,1" sc="172,15,407,-15,354,-15,57,15" hai0="44,45,48,55,57,60,65" hai3="15,17,23,28,31,50,54,56,85,89,93,95,99" /><INIT seed="3,1,1,0,4,88" ten="187,392,339,72" oya="3" hai0="54,135,124,85,91,79,81,52,129,59,86,73,61" hai1="110,17,122,37,92,101,87,89,15,76,46,95,38" hai2="94,58,84,68,12,49,117,5,19,65,108,128,29" hai3="75,31,13,118,127,131,44,0,51,26,32,8,56"/><W1/><G75/><T66/><D129/><U64/><E122/><V21/><F68/><W7/><G118/><T113/><D113/><U45/><E64/><V4/><F108/><W93/><G131/><T97/><D124/><U63/><E63/><V3/><F3/><W126/><G56/><T134/><D97/><U6/><E6/><V35/><F117/><W33/><G33/><T123/><D123/><U2/><E76/><V133/><F133/><N who="0" m="50698" /><D73/><U96/><E2/><V103/><F103/><W28/><G28/><T62/><D62/><U43/><E110/><V98/><F98/><W74/><G74/><T14/><D14/><U57/><E57/><V47/><F58/><W55/><REACH who="3" step="1"/><G93/><AGARI ba="1,1" hai="52,54,59,61,66,79,81,85,86,91,93" m="50698" machi="93" ten="30,3900,0" yaku="20,1,52,1,54,1" doraHai="88" who="0" fromWho="3" sc="187,52,392,0,339,0,72,-42" /><INIT seed="4,0,0,5,4,13" ten="239,392,339,30" oya="0" hai0="19,134,97,115,25,66,92,130,99,63,117,27,108" hai1="11,122,39,75,111,1,31,119,70,85,28,78,54" hai2="129,38,17,12,118,98,88,135,89,113,34,21,52" hai3="116,79,106,126,76,45,127,67,103,120,5,102,71"/><T24/><D117/><U3/><E85/><V121/><F121/><W30/><G116/><T55/><D108/><U114/><E78/><V46/><F34/><W14/><G120/><T51/><D134/><U80/><E80/><V132/><F129/><W81/><G30/><T37/><D37/><U56/><E11/><V64/><F64/><W60/><G45/><T91/><D115/><U77/><E77/><V96/><F38/><W73/><G79/><T0/><D0/><U23/><E56/><V26/><F118/><W68/><G68/><T36/><D36/><U125/><E54/><V62/><F113/><W18/><G5/><T6/><D6/><U2/><E23/><N who="2" m="11687" /><F135/><W84/><G73/><T16/><D99/><N who="2" m="37930" /><F132/><W53/><G53/><T7/><D7/><U48/><E31/><N who="2" m="17871" /><F62/><W95/><G106/><T33/><D33/><U15/><E48/><AGARI ba="0,0" hai="46,48,52,88,89" m="17871,37930,11687" machi="48" ten="30,7700,0" yaku="8,1,52,1,54,2" doraHai="13" who="2" fromWho="1" sc="239,0,392,-77,339,77,30,0" /><INIT seed="5,0,0,4,4,65" ten="239,315,416,30" oya="1" hai0="126,49,91,119,104,76,106,30,27,87,108,120,125" hai1="110,40,74,82,22,19,103,23,53,127,46,131,83" hai2="6,9,118,20,129,50,57,33,75,77,0,98,130" hai3="90,54,61,111,28,86,45,117,8,94,80,37,114"/><U59/><E127/><N who="0" m="48649" /><D49/><U16/><E131/><N who="2" m="50187" /><F33/><W24/><G111/><T60/><D108/><U121/><E110/><V4/><F4/><W134/><G134/><T113/><D76/><U133/><E103/><V62/><F50/><W116/><G37/><T123/><D60/><U56/><E133/><V99/><F118/><W31/><G114/><T124/><N who="0" m="48657" /><T42/><DORA hai="68" /><D42/><U13/><E121/><N who="0" m="46665" /><D113/><U109/><E109/><V1/><F1/><W128/><G128/><T63/><D63/><U96/><E96/><V11/><F11/><W84/><G28/><T81/><D119/><U15/><E74/><V14/><F77/><W66/><G8/><T135/><D135/><U10/><E10/><V89/><F89/><W102/><G45/><T17/><D17/><U29/><E29/><V58/><F58/><W85/><G102/><T78/><D78/><U72/><E72/><V69/><F75/><W112/><G112/><T55/><D55/><U71/><E71/><V44/><F44/><W132/><G132/><T25/><D30/><U38/><E59/><V2/><F69/><W93/><G93/><T105/><AGARI ba="0,0" hai="25,27,81,87,91,104,105,106" m="46665,48657" machi="105" ten="50,3200,0" yaku="18,1,13,1" doraHai="65,68" who="0" fromWho="0" sc="239,32,315,-16,416,-8,30,-8" /><INIT seed="6,0,0,4,2,123" ten="271,299,408,22" oya="2" hai0="15,23,96,73,25,67,5,84,30,52,81,105,99" hai1="118,59,131,62,34,124,108,44,128,45,54,86,78" hai2="85,101,134,94,38,24,19,75,37,122,106,82,113" hai3="32,50,98,14,57,12,11,7,13,16,1,51,47"/><V48/><F106/><W121/><G121/><T114/><D73/><U74/><E74/><V93/><F75/><W42/><G32/><T117/><D67/><U100/><E34/><V35/><F94/><W119/><G119/><T92/><D114/><U6/><E100/><V9/><F9/><W120/><G120/><T53/><D117/><U46/><E118/><V130/><F19/><W39/><G98/><T26/><D26/><U88/><E78/><V17/><F17/><W68/><G68/><T27/><D27/><U0/><E124/><V22/><F35/><W21/><REACH who="3" step="1"/><G57/><REACH who="3" ten="271,299,408,12" step="2"/><T71/><D99/><U28/><E131/><V18/><F130/><W83/><G83/><T31/><D71/><U61/><E128/><V116/><F82/><W125/><G125/><T111/><D96/><U65/><E59/><V63/><F116/><W90/><G90/><T76/><D81/><U69/><E88/><V91/><F91/><W20/><G20/><T115/><D23/><U80/><E80/><V132/><F22/><W133/><G133/><T66/><D76/><U55/><E69/><V10/><F122/><W135/><G135/><T77/><D77/><U2/><E45/><V102/><F132/><W41/><G41/><T89/><D89/><U40/><E40/><V3/><F134/><W60/><G60/><T36/><D84/><U109/><E46/><V72/><F85/><W43/><G43/><T126/><D126/><U87/><E44/><V103/><F72/><W127/><G127/><T107/><D115/><U79/><E79/><V104/><F113/><W33/><G33/><RYUUKYOKU ba="0,1" sc="271,-10,299,-10,408,-10,12,30" hai3="1,7,11,12,13,14,16,21,39,42,47,50,51" /><INIT seed="7,1,1,3,3,7" ten="261,289,398,42" oya="3" hai0="75,64,90,63,135,113,77,40,79,104,13,121,65" hai1="5,125,0,39,110,122,114,59,33,67,38,108,41" hai2="55,126,51,95,37,21,129,3,133,50,106,53,71" hai3="109,89,54,81,18,123,96,84,45,1,29,66,31"/><W70/><G123/><T72/><D121/><U115/><E33/><V111/><F71/><W4/><G109/><N who="1" m="42090" /><E5/><V112/><F95/><W52/><G96/><T83/><D40/><U49/><E0/><V87/><F87/><W61/><G1/><T58/><D135/><U107/><E107/><V48/><F50/><W56/><G4/><T101/><D113/><N who="1" m="43019" /><E122/><V46/><F53/><W28/><G18/><T98/><D65/><U2/><E2/><V117/><F55/><W93/><G70/><T85/><D13/><U12/><E12/><V16/><F16/><W36/><REACH who="3" step="1"/><G93/><REACH who="3" ten="261,289,398,32" step="2"/><T86/><D79/><U20/><E125/><V10/><F3/><W34/><G34/><T130/><D130/><U30/><E30/><V118/><F126/><W42/><AGARI ba="1,2" hai="28,29,31,36,42,45,52,54,56,61,66,81,84,89" machi="42" ten="30,6000,0" yaku="1,1,0,1,54,1,53,0" doraHai="7" doraHaiUra="44" who="3" fromWho="3" sc="261,-21,289,-21,398,-21,32,83" /><INIT seed="7,2,0,3,0,18" ten="240,268,377,115" oya="3" hai0="13,128,21,41,134,57,11,100,16,125,116,58,0" hai1="92,19,42,48,83,44,119,65,108,24,31,131,28" hai2="38,71,86,93,54,37,15,23,22,59,69,3,112" hai3="101,1,78,34,74,135,52,91,39,33,124,7,5"/><W56/><G124/><T110/><D125/><U62/><E119/><V29/><F15/><W97/><G135/><T114/><D110/><U85/><E108/><V4/><F29/><W129/><G129/><T63/><D116/><U50/><E50/><V68/><F4/><W67/><G67/><T79/><D79/><U126/><E126/><V46/><F93/><W49/><G39/><T109/><D100/><U87/><E131/><V88/><F86/><W113/><G113/><T105/><D105/><U102/><E85/><V94/><F94/><W9/><G5/><T120/><D120/><U75/><E75/><V115/><F3/><W27/><G27/><T77/><D77/><U80/><E19/><V72/><F72/><W121/><G121/><T32/><D41/><U12/><E12/><V96/><F46/><W82/><REACH who="3" step="1"/><G91/><REACH who="3" ten="240,268,377,105" step="2"/><T14/><D114/><U43/><E24/><V130/><F88/><W132/><G132/><T26/><D134/><U10/><E65/><V89/><F130/><W117/><G117/><T107/><D26/><U36/><E36/><V123/><F123/><W6/><G6/><T70/><D128/><U99/><E31/><V66/><F66/><W81/><G81/><T60/><D109/><U76/><E28/><V35/><F38/><W104/><AGARI ba="2,1" hai="1,7,9,33,34,49,52,56,74,78,82,97,101,104" machi="104" ten="20,12000,1" yaku="1,1,0,1,7,1,54,1,53,1" doraHai="18" doraHaiUra="51" who="3" fromWho="3" sc="240,-42,268,-42,377,-42,105,136" /><INIT seed="7,3,0,4,3,77" ten="198,226,335,241" oya="3" hai0="52,18,44,61,73,48,9,118,15,122,23,99,100" hai1="45,93,123,88,0,46,21,57,71,5,101,51,113" hai2="86,97,68,74,72,87,16,129,43,91,110,40,78" hai3="47,103,82,4,56,27,39,17,92,102,11,89,108"/><W30/><G108/><T124/><D122/><U133/><E71/><V7/><F68/><W59/><G17/><T13/><D124/><U60/><E123/><V121/><F7/><W20/><G82/><T26/><D118/><U42/><E113/><V105/><F43/><W83/><G39/><T31/><D73/><U54/><E101/><N who="3" m="38410" /><G83/><T64/><D15/><U79/><E79/><V134/><F40/><W132/><G132/><T28/><D64/><U107/><E107/><V34/><F16/><W126/><G47/><T6/><REACH who="0" step="1"/><D61/><REACH who="0" ten="188,226,335,241" step="2"/><U62/><E62/><V33/><F74/><W119/><G119/><T50/><D50/><U14/><E133/><V128/><F72/><W25/><G126/><T112/><D112/><U41/><E0/><V12/><F121/><W125/><G125/><T115/><D115/><U117/><E117/><V29/><F134/><W111/><G111/><T66/><D66/><N who="1" m="39183" /><E45/><V98/><F78/><W131/><G27/><T94/><AGARI ba="3,1" hai="6,9,13,18,23,26,28,31,44,48,52,94,99,100" machi="94" ten="20,8000,1" yaku="1,1,0,1,7,1,8,1,54,1,53,0" doraHai="77" doraHaiUra="84" who="0" fromWho="0" sc="188,99,226,-23,335,-23,241,-43" owari="287,8.7,203,-19.7,312,41.2,198,-30.2" /></mjloggm>