<mjloggm ver="2.3"><GO type="41" lobby="0"/><UN n0="%E2%93%9D%4C%75%63%6B%79%4A" n1="%E5%BC%B1%E9%9B%80%32" n2="%E3%81%B1%E3%81%A1%E3%81%B1%E3%81%A1%E3%81%B0%E3%82%84%E3%81%A1" n3="%E6%96%B0%E7%A4%BE%E4%BC%9A%E4%BA%BA%32" dan="16,14,15,14" rate="2156.26,1900.91,2024.34,1927.56" sx="M,M,M,M"/><TAIKYOKU oya="0"/><INIT seed="0,0,0,3,4,135" ten="250,250,250,250" oya="0" hai0="36,20,0,35,43,106,13,115,48,73,61,29,60" hai1="133,92,39,121,81,128,44,34,56,82,89,107,55" hai2="4,45,126,54,80,37,70,116,123,6,131,49,95" hai3="125,58,72,120,9,31,86,129,77,78,103,30,91"/><T113/><BYE who="2" /><D73/><UN n2="%E3%81%B1%E3%81%A1%E3%81%B1%E3%81%A1%E3%81%B0%E3%82%84%E3%81%A1" /><U117/><E117/><V5/><F123/><W85/><G9/><T26/><D106/><U98/><E121/><V105/><F116/><W112/><G120/><T32/><D48/><U84/><E133/><V110/><F105/><W71/><G71/><T88/><D36/><U38/><E128/><V66/><F131/><W65/><G129/><T10/><D43/><U33/><E107/><V1/><F1/><W40/><G40/><T75/><D75/><U94/><E34/><N who="0" m="12841" /><D61/><U111/><E33/><V18/><F37/><W132/><G132/><T23/><D60/><U52/><E111/><V134/><F110/><W28/><G72/><T104/><D88/><N who="1" m="55559" /><E39/><V97/><F66/><W16/><G112/><T118/><D104/><U7/><E38/><V68/><F70/><W22/><G125/><T109/><D118/><U93/><E7/><V62/><F126/><W87/><G103/><T2/><D109/><U11/><E11/><V14/><F68/><W67/><G58/><T59/><D59/><U102/><E102/><N who="2" m="60735" /><F62/><W41/><G91/><T12/><D115/><U64/><E81/><V119/><F119/><W47/><G41/><T101/><D101/><U21/><E21/><N who="2" m="11479" /><F134/><W42/><G47/><T51/><D113/><U79/><E79/><N who="3" m="30218" /><G42/><T53/><D23/><U17/><E44/><V99/><F80/><W57/><G57/><N who="0" m="32959" /><D2/><U46/><E46/><V15/><F99/><W114/><G114/><T100/><D100/><U50/><E50/><V19/><F5/><W96/><G96/><T74/><D74/><U83/><E64/><V24/><F15/><AGARI ba="0,0" hai="15,16,22,28,30,31,65,67,85,86,87" m="30218" machi="15" ten="30,3900,0" yaku="6,1,8,1,54,1" doraHai="135" who="3" fromWho="2" sc="250,0,250,0,250,-39,250,39" /><INIT seed="1,0,0,1,2,17" ten="250,250,211,289" oya="1" hai0="90,16,5,88,39,56,95,92,52,105,76,110,41" hai1="10,22,109,98,58,36,4,116,123,31,28,33,49" hai2="45,12,3,82,131,135,54,7,47,128,134,62,96" hai3="13,106,100,130,67,107,104,69,64,23,113,20,102"/><U24/><E116/><V112/><F3/><W40/><G113/><T86/><D105/><U60/><E123/><V118/><F82/><W37/><G69/><T81/><D110/><U74/><E36/><V26/><F96/><W84/><G84/><T1/><D1/><U51/><E74/><V94/><F94/><W63/><G130/><N who="2" m="49705" /><F12/><W70/><G13/><T44/><D5/><U126/><E126/><V72/><F7/><W38/><G40/><T35/><D35/><U19/><E109/><V108/><F26/><W133/><G133/><N who="2" m="50697" /><F72/><W27/><G27/><T119/><D119/><U97/><E97/><V129/><F118/><W124/><G124/><T15/><D95/><U127/><E127/><V77/><F77/><W9/><G9/><T125/><D92/><U46/><E98/><V57/><F108/><W122/><G122/><T8/><REACH who="0" step="1"/><D125/><REACH who="0" ten="240,250,211,289" step="2"/><U55/><E33/><V30/><F129/><W83/><G83/><T121/><D121/><U66/><REACH who="1" step="1"/><E51/><AGARI ba="0,1" hai="8,15,16,39,41,44,51,52,56,76,81,86,88,90" machi="51" ten="30,12000,2" yaku="1,1,7,1,54,3,53,1" doraHai="17" doraHaiUra="50" who="0" fromWho="1" sc="240,130,250,-120,211,0,289,0" /><INIT seed="2,0,0,1,0,131" ten="370,130,211,289" oya="2" hai0="126,10,119,106,26,70,48,49,133,75,112,91,84" hai1="81,57,97,46,102,24,94,19,51,56,128,22,122" hai2="37,117,71,29,88,42,44,33,73,11,130,110,123" hai3="38,58,113,79,114,69,4,41,34,18,62,108,92"/><V95/><F117/><W39/><G69/><T30/><D75/><U67/><E128/><V6/><F130/><W40/><G79/><T17/><D112/><N who="3" m="43113" /><G34/><T87/><D106/><U50/><E122/><V125/><F123/><W129/><G4/><T65/><D126/><U16/><E81/><V47/><F125/><W77/><G129/><T31/><D65/><U45/><E67/><V68/><F110/><W5/><G77/><T83/><D70/><U14/><E50/><V12/><F73/><W96/><G5/><T35/><D31/><U21/><REACH who="1" step="1"/><E46/><REACH who="1" ten="370,120,211,289" step="2"/><V121/><F121/><W72/><G38/><T63/><D49/><U59/><E59/><V116/><F116/><W89/><G39/><T99/><D48/><U64/><E64/><V61/><F61/><W13/><G72/><T115/><D63/><U9/><E9/><V3/><F47/><W111/><G58/><T27/><D10/><U23/><E23/><V105/><F68/><W127/><G62/><T53/><D115/><U85/><E85/><V80/><F71/><W78/><G127/><T74/><D87/><U2/><E2/><V104/><F3/><W32/><G32/><T28/><D35/><U135/><E135/><V109/><F109/><N who="3" m="42059" /><G78/><T82/><D74/><U52/><AGARI ba="0,1" hai="14,16,19,21,22,24,45,51,52,56,57,94,97,102" machi="52" ten="20,12000,2" yaku="1,1,0,1,7,1,8,1,54,2,53,0" doraHai="131" doraHaiUra="7" who="1" fromWho="1" sc="370,-30,120,130,211,-60,289,-30" /><INIT seed="3,0,0,1,0,135" ten="340,250,151,259" oya="3" hai0="83,130,78,33,111,13,21,35,59,63,98,109,118" hai1="42,38,32,45,6,115,43,95,113,54,65,29,85" hai2="134,122,86,114,24,72,125,119,30,22,110,41,101" hai3="46,52,126,17,53,49,124,64,104,47,8,79,102"/><W73/><G104/><T18/><D118/><U112/><E65/><V117/><F72/><W55/><G102/><T5/><D130/><U82/><E6/><V105/><F105/><W133/><G79/><T96/><D5/><U15/><E43/><V44/><F101/><W129/><G73/><T16/><D18/><U1/><E1/><V132/><F86/><W84/><G84/><T62/><D63/><U88/><E15/><V128/><F44/><N who="3" m="16939" /><G129/><T10/><D10/><U91/><E54/><N who="3" m="21098" /><G133/><N who="2" m="51305" /><F41/><W40/><G8/><T127/><D98/><U7/><E7/><V57/><F57/><N who="3" m="33007" /><G17/><T0/><D96/><U39/><E29/><V9/><F128/><W4/><G40/><T121/><D16/><U56/><E32/><V25/><F119/><W66/><G4/><T19/><D19/><U92/><E115/><V68/><F114/><W27/><G27/><T71/><D35/><U31/><E31/><V75/><F25/><W2/><G2/><T69/><D0/><U123/><E42/><V90/><F24/><W26/><G26/><T76/><D33/><U120/><E85/><V107/><F30/><W97/><G97/><T77/><D78/><U106/><E106/><V28/><F107/><W70/><G70/><T51/><D71/><U14/><E82/><V108/><F68/><W23/><G23/><T12/><D69/><U3/><E3/><V100/><F22/><W34/><G34/><T74/><D21/><U99/><E113/><V89/><F28/><W11/><G11/><T81/><D74/><U20/><E112/><V50/><F75/><W87/><G87/><RYUUKYOKU ba="0,0" sc="340,-10,250,-10,151,-10,259,30" hai3="64,66,124,126" /><INIT seed="3,1,0,4,0,3" ten="330,240,141,289" oya="3" hai0="132,108,92,118,71,106,110,68,72,70,67,65,125" hai1="123,26,61,48,62,90,63,126,104,74,22,52,94" hai2="25,112,75,121,0,84,21,113,50,131,128,1,44" hai3="42,129,78,60,135,37,100,124,73,116,114,91,55"/><W87/><G116/><T77/><D118/><U56/><E123/><V38/><F75/><W28/><G114/><N who="2" m="44137" /><F38/><W117/><G117/><T89/><D106/><U83/><E126/><V36/><F36/><W115/><G115/><T16/><D125/><U9/><E104/><V133/><F84/><W13/><G135/><T105/><D105/><U12/><E74/><V76/><F76/><W14/><G129/><N who="2" m="49737" /><F50/><W45/><G124/><T103/><D103/><U11/><E83/><V31/><F44/><W79/><G100/><T127/><D132/><U88/><E94/><V40/><F40/><W49/><G28/><T53/><D53/><U18/><REACH who="1" step="1"/><E11/><REACH who="1" ten="330,230,141,289" step="2"/><V66/><F133/><W30/><G73/><T120/><D72/><U95/><E95/><V119/><F119/><W29/><G78/><T19/><D77/><U57/><E57/><V47/><F47/><W15/><G79/><T43/><D127/><U32/><E32/><V97/><F121/><W39/><G37/><T5/><D120/><U64/><E64/><V10/><F66/><W6/><G39/><T23/><D67/><U35/><E35/><V20/><F97/><W107/><G107/><T85/><D65/><U81/><E81/><V86/><F86/><W69/><G69/><T34/><D71/><U93/><E93/><V122/><F122/><W109/><G109/><T54/><D110/><U4/><AGARI ba="1,1" hai="4,9,12,18,22,26,48,52,56,61,62,63,88,90" machi="4" ten="30,12000,2" yaku="1,1,0,1,8,1,52,1,54,2,53,1" doraHai="3" doraHaiUra="46" who="1" fromWho="1" sc="330,-31,230,133,141,-31,289,-61" /><INIT seed="4,0,0,0,5,92" ten="299,363,110,228" oya="0" hai0="113,105,49,109,84,110,116,125,35,53,1,58,123" hai1="128,134,48,81,83,121,79,25,43,7,15,62,77" hai2="111,95,132,73,33,10,56,4,65,44,114,101,54" hai3="8,38,45,86,127,24,108,100,32,120,71,85,11"/><T26/><D123/><U29/><E121/><V131/><F111/><N who="0" m="42506" /><D1/><U112/><E128/><V129/><F73/><W118/><G71/><T5/><D5/><U135/><E112/><V97/><F33/><W70/><G120/><T50/><D105/><U82/><E62/><V51/><F114/><W98/><G70/><T91/><D113/><U119/><E119/><V96/><F132/><N who="1" m="50729" /><E43/><V34/><F34/><W36/><G45/><T106/><D106/><U124/><E124/><V17/><F17/><W60/><G127/><T68/><D68/><U52/><E15/><V69/><F69/><W39/><G108/><T2/><D2/><U3/><E7/><V67/><F44/><W61/><G32/><T107/><D107/><U28/><E3/><V104/><F129/><W64/><G24/><T102/><D102/><U41/><E41/><V115/><F115/><W42/><G42/><T66/><D66/><U80/><E80/><V126/><F126/><W20/><G118/><T78/><D116/><U63/><E63/><V130/><F130/><W13/><G64/><T16/><D125/><U37/><E37/><V57/><F131/><W88/><G11/><T14/><D50/><U40/><E40/><V6/><F6/><N who="3" m="3223" /><G20/><N who="0" m="11287" /><D35/><N who="1" m="20879" /><E29/><V94/><F4/><W99/><G100/><T74/><D26/><U22/><E22/><V103/><F104/><W76/><G61/><T19/><D19/><U87/><E87/><V23/><F23/><W27/><G60/><T47/><D74/><U59/><AGARI ba="0,0" hai="48,52,59,77,79,81,82,83" m="20879,50729" machi="59" ten="30,2000,0" yaku="20,1,54,1" doraHai="92" who="1" fromWho="1" sc="299,-10,363,20,110,-5,228,-5" /><INIT seed="5,0,0,3,3,9" ten="289,383,105,223" oya="1" hai0="2,79,14,53,125,69,49,63,44,133,28,106,129" hai1="87,127,24,0,80,131,22,20,45,112,38,93,119" hai2="82,68,64,36,120,122,75,10,81,33,5,11,57" hai3="117,70,123,97,29,88,43,95,61,37,104,41,102"/><U12/><E119/><V86/><F33/><W18/><G123/><T46/><D2/><U99/><E112/><V85/><F75/><W73/><G117/><T3/><D3/><U100/><E127/><V103/><F103/><W124/><G73/><T111/><D28/><U1/><E131/><V72/><F72/><W107/><G124/><T56/><D106/><U110/><E110/><V23/><F36/><W17/><G107/><T128/><D79/><U121/><E121/><V25/><F68/><W105/><G104/><T71/><D14/><U7/><E38/><V109/><F109/><W67/><G37/><T116/><D116/><U47/><E0/><V83/><F57/><W31/><G17/><T62/><D133/><U132/><E1/><V19/><F64/><W58/><G70/><N who="0" m="26635" /><D125/><U84/><E132/><V8/><F5/><W96/><REACH who="3" step="1"/><G18/><REACH who="3" ten="289,383,105,213" step="2"/><T74/><D74/><U15/><E7/><V135/><F135/><W76/><G76/><T48/><D111/><U21/><E24/><V90/><F120/><W16/><G16/><T59/><D129/><U39/><E39/><V32/><F122/><W54/><G54/><N who="0" m="34295" /><D128/><U115/><E115/><V94/><REACH who="2" step="1"/><F32/><REACH who="2" ten="289,383,95,213" step="2"/><W108/><G108/><T65/><D65/><U89/><E87/><AGARI ba="0,2" hai="8,10,11,19,23,25,81,82,83,85,86,87,90,94" machi="87" ten="40,8000,1" yaku="1,1,2,1,8,1,53,1" doraHai="9" doraHaiUra="13" who="2" fromWho="1" sc="289,0,383,-80,95,100,213,0" /><INIT seed="6,0,0,0,0,35" ten="289,303,195,213" oya="2" hai0="89,1,46,119,98,55,128,11,32,110,27,71,41" hai1="112,111,40,13,113,95,82,61,39,78,109,14,131" hai2="4,19,127,108,52,20,25,80,116,134,65,53,3" hai3="102,122,105,123,9,33,26,36,115,107,72,101,49"/><V74/><F116/><W58/><G36/><T67/><D110/><U93/><E131/><V22/><F108/><W43/><G72/><T6/><D55/><U51/><E39/><V48/><F127/><W83/><G115/><N who="1" m="44106" /><E61/><V81/><F134/><W16/><G33/><T64/><D71/><U118/><E118/><V117/><F117/><W104/><G83/><N who="2" m="31817" /><F3/><W12/><G26/><T17/><D128/><U96/><E40/><V66/><F74/><W73/><G73/><T120/><D120/><U75/><E51/><V7/><F22/><W99/><G101/><T2/><D2/><U5/><E95/><V94/><F94/><W103/><G102/><T44/><D1/><U45/><E45/><N who="2" m="27663" /><F53/><W18/><G18/><T62/><D17/><U90/><E14/><V31/><F19/><W76/><G76/><T79/><D79/><U29/><E29/><V87/><F87/><W47/><REACH who="3" step="1"/><G58/><REACH who="3" ten="289,303,195,203" step="2"/><T56/><D56/><U132/><E132/><V60/><F60/><W126/><G126/><T68/><D119/><U70/><E70/><V129/><F129/><W114/><G114/><T77/><D68/><U30/><E30/><V34/><F34/><W38/><G38/><T23/><D32/><U124/><E124/><V50/><F50/><W91/><G91/><T125/><D89/><U21/><E5/><AGARI ba="0,1" hai="4,5,7,20,25,31,65,66" m="27663,31817" machi="5" ten="30,2900,0" yaku="8,1,54,1" doraHai="35" who="2" fromWho="1" sc="289,0,303,-29,195,39,203,0" /><INIT seed="6,1,0,2,2,108" ten="289,274,234,203" oya="2" hai0="99,57,56,0,81,75,34,70,71,84,80,134,126" hai1="45,67,119,85,77,8,123,127,32,24,22,93,28" hai2="38,37,58,20,23,50,110,63,12,41,69,133,114" hai3="46,15,94,18,96,60,65,47,26,107,35,43,76"/><V128/><F110/><W19/><G107/><T91/><D34/><U86/><E119/><V116/><F116/><W130/><G76/><T25/><D0/><U117/><E117/><V97/><F133/><W3/><G130/><T27/><D134/><U111/><E111/><V90/><F69/><W6/><G3/><T55/><D99/><U103/><E127/><V132/><F132/><W44/><G43/><T59/><D126/><U95/><E123/><V2/><F2/><W42/><G42/><T79/><REACH who="0" step="1"/><D55/><REACH who="0" ten="279,274,234,203" step="2"/><U131/><E32/><V104/><F97/><W1/><G35/><T102/><D102/><U106/><E103/><V39/><F128/><W101/><G1/><T49/><D49/><U9/><E131/><V68/><F50/><W17/><G26/><AGARI ba="1,1" hai="25,26,27,56,57,59,70,71,75,79,80,81,84,91" machi="26" ten="40,1300,0" yaku="1,1,53,0" doraHai="108" doraHaiUra="109" who="0" fromWho="3" sc="279,26,274,0,234,0,203,-16" /><INIT seed="7,0,0,4,2,81" ten="305,274,234,187" oya="3" hai0="102,100,104,14,48,109,126,85,50,107,0,64,47" hai1="59,58,124,12,82,79,132,129,23,92,93,75,71" hai2="95,112,19,111,121,11,53,22,36,125,135,40,25" hai3="27,74,34,32,68,4,134,122,70,35,49,66,26"/><W80/><G122/><T44/><D0/><U131/><E124/><V62/><F111/><W15/><G134/><T45/><D109/><U115/><E115/><V60/><F125/><W61/><G49/><T76/><D64/><U130/><E132/><V65/><F121/><W63/><G74/><T46/><D107/><U127/><E71/><V123/><F123/><W33/><N who="3" m="8192" /><DORA hai="97" /><W106/><G106/><T116/><D116/><U91/><E127/><V78/><F135/><W88/><G4/><T84/><D104/><U9/><E23/><V7/><F78/><W29/><G15/><T2/><D2/><U39/><E39/><V20/><F112/><W17/><G29/><T117/><D117/><U69/><E69/><V90/><F53/><W13/><G68/><T21/><D76/><U77/><E77/><V31/><F40/><W114/><G63/><T38/><D38/><U51/><E51/><N who="0" m="19497" /><D47/><U87/><E93/><V98/><F65/><W99/><G114/><T41/><D41/><U6/><AGARI ba="0,0" hai="6,9,12,58,59,75,79,82,87,91,92,129,130,131" machi="6" ten="30,4000,0" yaku="0,1,19,1,52,1" doraHai="81,97" who="1" fromWho="1" sc="305,-10,274,40,234,-10,187,-20" owari="295,9.5,314,41.4,224,-17.6,167,-33.3" /></mjloggm>