<mjloggm ver="2.3"><GO type="41" lobby="0"/><UN n0="%78%69%6E%65%72" n1="%E6%AC%A1%E9%8B%92%E3%83%AC%E3%82%AA%E3%83%91%E3%83%AB%E3%83%89%E3%83%B3" n2="%E2%93%9D%4C%75%63%6B%79%4A" n3="%6F%6C%69%76%65%72" dan="13,16,13,15" rate="1873.45,1980.49,1995.90,2037.65" sx="M,M,M,M"/><TAIKYOKU oya="0"/><INIT seed="0,0,0,2,5,82" ten="250,250,250,250" oya="0" hai0="47,21,117,23,36,69,16,20,31,81,73,37,60" hai1="70,39,129,112,108,3,115,116,118,79,80,120,104" hai2="67,9,34,90,33,58,22,72,130,52,66,89,103" hai3="86,92,100,2,98,64,74,84,99,68,63,57,107"/><T48/><D117/><N who="1" m="45163" /><E3/><V13/><F72/><W5/><G74/><T124/><D124/><U51/><E70/><V88/><F130/><W131/><G131/><T17/><D31/><U10/><E39/><V44/><F103/><W6/><G68/><T59/><D69/><U42/><E10/><V11/><F34/><W114/><G114/><N who="1" m="43562" /><E129/><V41/><F33/><W61/><G61/><T62/><D73/><N who="1" m="43119" /><E104/><V43/><F22/><W77/><G77/><T94/><D37/><U65/><E65/><N who="2" m="24587" /><F44/><W83/><G83/><T113/><D36/><U96/><E96/><V35/><F35/><W132/><G132/><T0/><D0/><U110/><E42/><N who="2" m="15883" /><F13/><W95/><G107/><T121/><D113/><U19/><E19/><V127/><F127/><W29/><G29/><T45/><D17/><U125/><E51/><AGARI ba="0,0" hai="9,11,51,52,58,88,89,90" m="15883,24587" machi="51" ten="30,3900,0" yaku="8,1,54,2" doraHai="82" who="2" fromWho="1" sc="250,0,250,-39,250,39,250,0" /><INIT seed="1,0,0,4,3,36" ten="250,211,289,250" oya="1" hai0="100,18,15,121,118,6,115,41,55,68,74,27,84" hai1="134,78,87,51,97,104,133,132,39,86,65,29,110" hai2="79,5,47,73,99,43,71,98,33,50,90,91,54" hai3="72,60,49,11,70,12,94,62,37,26,114,3,107"/><U28/><E39/><V64/><F33/><W95/><G114/><T8/><D121/><U123/><E123/><V13/><F73/><W83/><G107/><T38/><D118/><U10/><E65/><V45/><F79/><W40/><G26/><T82/><D115/><U112/><E112/><V19/><F5/><W117/><G117/><T2/><D74/><U96/><E10/><V81/><F71/><W0/><G0/><T48/><D68/><U52/><E110/><V128/><F128/><W66/><G60/><T111/><D111/><U88/><E78/><V106/><F64/><W34/><G34/><T32/><D100/><N who="1" m="62471" /><E86/><N who="2" m="50639" /><F90/><W59/><G70/><T53/><D32/><U7/><E7/><V24/><F24/><W46/><G3/><T130/><D130/><U119/><E97/><V4/><F4/><W56/><G72/><T1/><D1/><U25/><E25/><V21/><F106/><W89/><G83/><T63/><D38/><U126/><E126/><V42/><F47/><W103/><G103/><T131/><D131/><U122/><E122/><V16/><F19/><W127/><G127/><T58/><D27/><U109/><E109/><V35/><F35/><W105/><G105/><T69/><D18/><U77/><E77/><V76/><F76/><W101/><G101/><T92/><D2/><U23/><E23/><V120/><F120/><W31/><G89/><T85/><D84/><U14/><E14/><V93/><F99/><W17/><REACH who="3" step="1"/><G31/><REACH who="3" ten="250,211,289,240" step="2"/><T44/><D82/><N who="1" m="49271" /><E119/><V125/><F125/><W67/><G67/><T22/><D69/><U129/><E129/><RYUUKYOKU ba="0,1" sc="250,-30,211,10,289,10,240,10" hai1="28,29,51,52,132,133,134" hai2="13,16,21,42,43,45,50,54,93,98" hai3="11,12,17,37,40,46,49,56,59,62,66,94,95" /><INIT seed="1,1,1,4,3,6" ten="220,221,299,250" oya="1" hai0="41,69,122,83,40,130,20,71,101,10,52,76,54" hai1="16,43,105,22,121,19,11,7,13,95,68,123,2" hai2="47,85,24,73,92,90,78,124,89,3,79,86,96" hai3="48,94,28,63,46,37,126,45,62,128,127,134,116"/><U51/><E105/><V61/><F3/><W119/><G28/><T14/><D122/><U113/><E68/><V108/><F47/><N who="3" m="17931" /><G94/><T131/><D101/><U29/><E43/><V104/><F61/><N who="3" m="23051" /><G128/><N who="0" m="49195" /><D41/><U84/><E51/><V0/><F0/><W35/><G35/><T72/><D40/><U82/><E113/><V49/><F49/><W129/><G129/><T106/><D20/><U93/><E29/><V58/><F58/><W114/><G114/><T53/><D106/><U25/><E95/><N who="2" m="54743" /><F124/><N who="3" m="47659" /><G48/><T12/><D12/><U100/><E93/><V87/><F24/><W15/><G15/><T125/><D125/><U23/><REACH who="1" step="1"/><E100/><REACH who="1" ten="220,211,299,250" step="2"/><V110/><F104/><W36/><G134/><T60/><D60/><U75/><E75/><V4/><F73/><W103/><G103/><T99/><D99/><U32/><E32/><V91/><F96/><W109/><G109/><N who="2" m="42089" /><F4/><AGARI ba="1,2" hai="4,10,14,52,53,54,69,71,72,76,83" m="49195" machi="4" ten="30,3900,0" yaku="19,1,52,1,54,1" doraHai="6" who="0" fromWho="2" sc="220,62,211,0,299,-42,250,0" /><INIT seed="2,0,0,3,5,33" ten="282,211,257,250" oya="2" hai0="56,121,48,72,103,125,132,75,129,77,82,37,6" hai1="68,73,28,16,62,65,41,134,44,29,87,59,2" hai2="1,115,110,70,21,106,23,38,117,119,58,130,114" hai3="26,131,135,61,112,83,4,76,67,24,43,101,126"/><V31/><F70/><W51/><G126/><T30/><D121/><U35/><E73/><V79/><F38/><W107/><G131/><T81/><D129/><U9/><E134/><V120/><F106/><W95/><G135/><T10/><D125/><U46/><E68/><V45/><F45/><W11/><G112/><N who="2" m="43049" /><F58/><W91/><G107/><T54/><D132/><U52/><E65/><V97/><F97/><W47/><G101/><T80/><D37/><U128/><E128/><V111/><F79/><W25/><G95/><T102/><D30/><U118/><E118/><N who="2" m="45067" /><F130/><W66/><G91/><T99/><D77/><U39/><E46/><V60/><F60/><W36/><G61/><T34/><D34/><U71/><E35/><V127/><F127/><W64/><G36/><T78/><D78/><U109/><E71/><V50/><F50/><W40/><G40/><T122/><D122/><U53/><E53/><V0/><F120/><W123/><G123/><T14/><REACH who="0" step="1"/><D103/><REACH who="0" ten="272,211,257,250" step="2"/><U8/><E39/><V27/><F23/><W17/><G67/><T133/><D133/><U88/><E88/><V104/><F104/><AGARI ba="0,1" hai="6,10,14,48,54,56,72,75,80,81,82,99,102,104" machi="104" ten="40,2600,0" yaku="1,1,53,1" doraHai="33" doraHaiUra="93" who="0" fromWho="2" sc="272,36,211,0,257,-26,250,0" /><INIT seed="3,0,0,0,3,4" ten="308,211,231,250" oya="3" hai0="26,18,96,60,111,100,63,133,127,32,31,43,103" hai1="69,114,16,45,3,126,68,66,58,1,81,23,8" hai2="71,49,42,44,86,35,120,93,130,90,83,29,74" hai3="28,48,7,134,70,57,95,121,106,62,13,87,102"/><W47/><G121/><T51/><D127/><U92/><E126/><V2/><F120/><W118/><G118/><T107/><D111/><U116/><E114/><V105/><F71/><W55/><G134/><T112/><D133/><U50/><E116/><V22/><F105/><W6/><G70/><T27/><D112/><U124/><E124/><V46/><F35/><W132/><G132/><T19/><D103/><U99/><E81/><V61/><F2/><W131/><G131/><T104/><D104/><U98/><E98/><V34/><F34/><W14/><G106/><T39/><D39/><U21/><E21/><V25/><F61/><W89/><G28/><T125/><D125/><U110/><E110/><V119/><F119/><W52/><G102/><T129/><D129/><U85/><E85/><V33/><F33/><W12/><AGARI ba="0,0" hai="6,7,12,13,14,47,48,52,55,57,62,87,89,95" machi="12" ten="30,6000,0" yaku="0,1,8,1,54,1" doraHai="4" who="3" fromWho="3" sc="308,-20,211,-20,231,-20,250,60" /><INIT seed="3,1,0,3,3,10" ten="288,191,211,310" oya="3" hai0="59,62,85,112,109,129,108,43,34,69,116,35,107" hai1="130,44,16,48,82,64,63,32,104,11,28,92,90" hai2="101,51,132,68,124,1,65,18,37,133,40,12,131" hai3="76,31,4,110,22,0,83,49,71,91,70,81,120"/><W87/><G120/><T97/><D116/><U134/><E104/><V127/><F1/><W66/><G110/><T8/><D129/><U50/><E130/><V128/><F101/><W100/><G100/><T54/><D112/><U56/><E134/><N who="2" m="51819" /><F51/><W46/><G66/><T67/><D43/><U36/><E36/><V122/><F122/><W55/><G0/><T79/><D97/><U15/><E28/><V53/><F53/><W111/><G4/><T13/><D107/><U72/><E32/><V73/><F73/><W39/><G111/><N who="0" m="42571" /><D85/><N who="1" m="50487" /><E72/><V9/><F40/><W94/><G81/><T20/><D79/><U19/><E92/><V103/><F103/><W60/><G39/><T78/><D20/><U121/><E121/><V5/><F37/><W45/><G76/><T135/><D78/><U88/><E88/><V29/><F29/><W33/><G83/><T41/><D41/><N who="1" m="24591" /><E50/><V126/><F5/><AGARI ba="1,0" hai="5,11,15,16,19,56,63,64" m="24591,50487" machi="5" ten="30,3900,0" yaku="8,1,52,1,54,1" doraHai="10" who="1" fromWho="2" sc="288,0,191,42,211,-42,310,0" /><INIT seed="4,0,0,2,4,2" ten="288,233,169,310" oya="0" hai0="29,11,31,74,108,40,98,65,124,84,122,43,91" hai1="47,41,80,135,71,115,72,58,119,132,97,68,38" hai2="73,117,70,113,35,10,129,78,95,79,102,13,89" hai3="63,52,114,17,20,61,109,15,16,133,5,130,22"/><T25/><D122/><U107/><E119/><V3/><F70/><N who="1" m="26665" /><E58/><V82/><F35/><W134/><G130/><T81/><D124/><U101/><E115/><V54/><F3/><W85/><G114/><T125/><D108/><U42/><E42/><V111/><F111/><W12/><G109/><T27/><D125/><U66/><E66/><V33/><F33/><W8/><G85/><T37/><D74/><U28/><E28/><V9/><F10/><W69/><G69/><T110/><D110/><U126/><E126/><V55/><F129/><W45/><G45/><T59/><D37/><U0/><E0/><V99/><F79/><AGARI ba="0,0" hai="38,41,47,72,79,80,97,101,107,132,135" m="26665" machi="79" ten="30,1000,0" yaku="23,1" doraHai="2" who="1" fromWho="2" sc="288,0,233,10,169,-10,310,0" /><INIT seed="5,0,0,2,1,73" ten="288,243,159,310" oya="1" hai0="64,118,98,129,135,87,50,41,5,55,21,17,8" hai1="12,60,29,133,110,24,131,2,128,28,15,37,47" hai2="94,119,127,82,109,61,20,88,75,10,123,57,104" hai3="62,46,6,74,108,54,22,4,120,68,36,100,72"/><U13/><E37/><V101/><F123/><W18/><G108/><T111/><D111/><U26/><E47/><V81/><F119/><W126/><G120/><T86/><D135/><U19/><E60/><V1/><F127/><W96/><G126/><T130/><D118/><U31/><E110/><V71/><F71/><W63/><G63/><T30/><D64/><U106/><E106/><V92/><F1/><W25/><G68/><T40/><D30/><U105/><E105/><V84/><F10/><W125/><G125/><T77/><D98/><U9/><E133/><V99/><F109/><W113/><G113/><T112/><D112/><U122/><E122/><V78/><REACH who="2" step="1"/><F20/><REACH who="2" ten="288,243,149,310" step="2"/><W0/><G0/><T44/><D129/><N who="1" m="49739" /><E19/><V11/><F11/><W91/><G18/><T93/><D130/><U53/><E53/><AGARI ba="0,1" hai="53,57,61,75,78,81,82,84,88,92,94,99,101,104" machi="53" ten="30,12000,2" yaku="1,1,7,1,52,1,54,1,53,2" doraHai="73" doraHaiUra="89" who="2" fromWho="1" sc="288,0,243,-120,149,130,310,0" /><INIT seed="6,0,0,5,5,29" ten="288,123,279,310" oya="2" hai0="38,54,131,127,40,20,7,21,17,135,77,24,26" hai1="9,79,48,2,83,33,122,116,44,23,134,66,67" hai2="73,100,37,34,14,18,19,101,49,69,103,50,68" hai3="74,15,0,61,42,78,62,98,58,93,8,114,52"/><V4/><F37/><W57/><G114/><T85/><D127/><U124/><E116/><V88/><F73/><W121/><G121/><T36/><D131/><U16/><E122/><V31/><F4/><W13/><G42/><T105/><D135/><U30/><E134/><V87/><F69/><W104/><G104/><T126/><D126/><U128/><E124/><V28/><F68/><W47/><G47/><T115/><D105/><U10/><E128/><V32/><F14/><W43/><G43/><T11/><D115/><U129/><E129/><V27/><F19/><W86/><G74/><T12/><D40/><U111/><E111/><V25/><REACH who="2" step="1"/><F18/><REACH who="2" ten="288,123,269,310" step="2"/><W113/><G113/><T120/><D120/><U95/><E2/><V96/><F96/><W35/><G15/><T84/><D38/><U65/><E95/><AGARI ba="0,1" hai="25,27,28,31,32,34,49,50,87,88,95,100,101,103" machi="95" ten="40,12000,1" yaku="1,1,9,1,52,2,54,1,53,0" doraHai="29" doraHaiUra="39" who="2" fromWho="1" sc="288,0,123,-120,269,130,310,0" /><INIT seed="6,1,0,4,4,46" ten="288,3,399,310" oya="2" hai0="40,52,116,6,1,58,38,105,25,53,120,63,84" hai1="54,11,41,36,42,80,33,131,27,126,90,31,69" hai2="129,110,85,77,9,4,55,127,102,13,81,37,44" hai3="101,107,73,87,32,66,88,94,48,99,14,72,96"/><V60/><F129/><W2/><G2/><T103/><D120/><U16/><E69/><V30/><F127/><W34/><G66/><T15/><D116/><U95/><E131/><V19/><F110/><W76/><G14/><T98/><D1/><U50/><E126/><V8/><F30/><W24/><G24/><T45/><D25/><U10/><E36/><V113/><F113/><W0/><G0/><T132/><D132/><U12/><E10/><V29/><F102/><W43/><G96/><T89/><D15/><U100/><E100/><V79/><F29/><W133/><G133/><T82/><REACH who="0" step="1"/><D6/><REACH who="0" ten="278,3,399,310" step="2"/><U125/><E125/><V86/><F4/><W117/><G117/><T70/><D70/><U18/><E18/><V112/><F19/><W130/><G130/><T104/><D104/><U91/><E91/><V119/><F119/><W59/><G73/><T123/><D123/><U22/><E33/><V17/><F13/><W124/><G124/><T114/><D114/><U121/><E121/><V3/><F3/><W118/><G118/><T51/><D51/><U65/><E65/><AGARI ba="1,1" hai="38,40,45,52,53,58,63,65,82,84,89,98,103,105" machi="65" ten="30,3900,0" yaku="1,1,7,1,54,1,53,0" doraHai="46" doraHaiUra="122" who="0" fromWho="1" sc="278,52,3,-42,399,0,310,0" owari="330,13.0,-39,-53.9,399,49.9,310,-9.0" /></mjloggm>