<mjloggm ver="2.3"><GO type="41" lobby="0"/><UN n0="%75%6E%75%73%65%64" n1="%E3%83%A9%E3%82%B9%E3%83%88%E3%83%AA%E3%82%BE%E3%83%BC%E3%83%88" n2="%E2%93%9D%4C%75%63%6B%79%4A" n3="%E9%A6%AC%E9%A6%AC%E9%A6%AC%E9%A6%AC%E9%A6%AC" dan="14,15,18,14" rate="1998.86,2017.25,2160.63,1979.37" sx="M,M,M,M"/><TAIKYOKU oya="0"/><INIT seed="0,0,0,5,0,108" ten="250,250,250,250" oya="0" hai0="21,114,102,47,118,110,92,98,62,3,66,40,2" hai1="135,45,22,36,116,6,52,80,33,133,20,29,124" hai2="38,95,68,11,131,15,70,8,96,16,87,121,17" hai3="134,125,59,55,63,27,104,1,72,7,119,120,74"/><T71/><D110/><U0/><E116/><V49/><F38/><W107/><G119/><T88/><D118/><U13/><E0/><V122/><F87/><W12/><G1/><T58/><D114/><U76/><E124/><V28/><F28/><W57/><G125/><T10/><D21/><U67/><E67/><V77/><F77/><W113/><G27/><T100/><D71/><U35/><E35/><V9/><F49/><W99/><G99/><T115/><D115/><U132/><E33/><V53/><F53/><W91/><G12/><T64/><D64/><U105/><E105/><V5/><F131/><W123/><G7/><T73/><D73/><N who="1" m="43023" /><E29/><V82/><F82/><W85/><G85/><T109/><D109/><U54/><E36/><V24/><F24/><W127/><G127/><T19/><D3/><U4/><E45/><V112/><F112/><W51/><G91/><T83/><D83/><U61/><E61/><V48/><F48/><W14/><G51/><N who="0" m="27111" /><D2/><U26/><E26/><V69/><F5/><N who="1" m="2153" /><E22/><V34/><F34/><W37/><G37/><T84/><D84/><U44/><E44/><V101/><REACH who="2" step="1"/><F15/><AGARI ba="0,0" hai="10,15,19,58,62,66,88,92,98,100,102" m="27111" machi="15" ten="30,2900,0" yaku="8,1,54,1" doraHai="108" who="0" fromWho="2" sc="250,29,250,0,250,-29,250,0" /><INIT seed="0,1,0,2,4,63" ten="279,250,221,250" oya="0" hai0="49,8,67,32,82,58,51,72,100,3,103,71,28" hai1="113,127,98,93,70,126,68,94,122,78,86,0,5" hai2="89,26,91,112,21,87,77,18,133,65,53,23,108" hai3="1,40,73,125,117,17,55,46,130,57,47,79,14"/><T129/><D129/><U43/><E122/><V107/><F112/><W22/><G117/><T104/><D72/><U56/><E113/><V132/><F107/><W25/><G1/><T88/><D71/><U37/><E37/><V33/><F33/><W83/><G125/><N who="1" m="47626" /><E43/><V27/><F53/><W13/><G130/><T84/><D32/><U131/><E131/><V97/><F97/><W128/><G128/><T10/><D28/><U6/><E56/><V106/><F106/><W42/><G42/><T31/><D31/><U115/><E115/><V38/><F38/><W29/><G13/><T114/><D114/><U62/><E0/><V111/><F77/><W95/><G95/><T20/><D20/><U64/><E70/><V101/><F101/><N who="0" m="38986" /><D3/><U69/><E69/><V61/><F87/><W110/><G110/><N who="2" m="42025" /><F23/><W59/><G59/><T119/><D119/><U75/><E75/><V66/><F27/><W60/><REACH who="3" step="1"/><G40/><REACH who="3" ten="279,250,221,240" step="2"/><T85/><D104/><U96/><E93/><V105/><F105/><W54/><G54/><T16/><D10/><AGARI ba="1,1" hai="10,14,17,22,25,29,46,47,55,57,60,73,79,83" machi="10" ten="30,2000,0" yaku="1,1,7,1,53,0" doraHai="63" doraHaiUra="81" who="3" fromWho="0" sc="279,-23,250,0,221,0,240,33" /><INIT seed="1,0,0,2,3,92" ten="256,250,221,273" oya="1" hai0="99,28,68,70,96,69,12,42,53,19,66,84,121" hai1="56,58,2,36,44,112,102,21,81,57,119,123,20" hai2="133,40,22,51,97,82,62,77,1,109,108,64,95" hai3="47,115,9,29,72,107,78,18,130,117,54,83,31"/><U65/><E112/><V80/><F1/><W34/><G115/><T106/><D28/><U6/><E119/><V60/><F133/><W14/><G34/><T93/><D121/><U127/><E123/><V85/><F40/><W8/><G117/><T33/><D33/><U91/><E102/><V118/><F51/><W126/><G126/><T87/><D106/><U101/><E101/><V132/><F118/><W59/><G130/><T13/><D42/><U100/><E100/><V129/><F132/><W30/><G47/><T32/><D32/><U74/><E127/><V120/><F82/><W35/><G107/><T76/><D76/><N who="1" m="44183" /><E91/><V114/><F129/><W67/><G67/><T79/><D79/><U75/><E75/><V63/><F120/><W25/><REACH who="3" step="1"/><G8/><REACH who="3" ten="256,250,221,263" step="2"/><T43/><D66/><U23/><E65/><V131/><F114/><W17/><G17/><T103/><D19/><U135/><E135/><V128/><F64/><W45/><G45/><T3/><D68/><U5/><E44/><V16/><F131/><W111/><G111/><T113/><D69/><U122/><E122/><V50/><F128/><W41/><G41/><T7/><D70/><U26/><E36/><V24/><F109/><W86/><G86/><T125/><D43/><U55/><E55/><V48/><F108/><W90/><G90/><AGARI ba="0,1" hai="16,22,24,48,50,60,62,63,77,80,85,90,95,97" machi="90" ten="40,5200,0" yaku="8,1,52,1,54,1" doraHai="92" who="2" fromWho="3" sc="256,0,250,0,221,62,263,-52" /><INIT seed="2,0,0,3,1,82" ten="256,250,283,211" oya="2" hai0="12,88,18,128,26,33,45,34,80,0,22,106,89" hai1="61,90,70,81,111,63,65,46,19,21,52,79,15" hai2="118,110,24,69,36,125,113,78,10,37,16,134,64" hai3="14,4,95,76,100,121,59,54,31,77,104,72,39"/><V92/><F113/><W120/><G39/><T135/><D106/><U67/><E111/><V107/><F118/><W115/><G115/><T48/><D128/><U47/><E90/><V71/><F107/><W68/><G68/><T108/><D108/><U23/><E23/><V94/><F110/><W102/><G31/><T124/><D124/><U84/><REACH who="1" step="1"/><E52/><REACH who="1" ten="256,240,283,211" step="2"/><V112/><F112/><W1/><G54/><T55/><D135/><U41/><E41/><V50/><F134/><W11/><G121/><T123/><D123/><U93/><E93/><V30/><F94/><W91/><G95/><T122/><D122/><U66/><E66/><V27/><F92/><W44/><G91/><T42/><D89/><U7/><E7/><V32/><F64/><W114/><G4/><T58/><D33/><U6/><E6/><V53/><F53/><W9/><G104/><T56/><D34/><U117/><E117/><V116/><F116/><W130/><G120/><T57/><D0/><U98/><E98/><V101/><F32/><W132/><G1/><T96/><D96/><U85/><E85/><V133/><F133/><W119/><G119/><T49/><D26/><U74/><E74/><V73/><F27/><W62/><G72/><T83/><D83/><U2/><E2/><V86/><F24/><W35/><G132/><T127/><D127/><U43/><E43/><V126/><F126/><W13/><G114/><T3/><D3/><U29/><E29/><V75/><F125/><W87/><G87/><AGARI ba="0,1" hai="12,18,22,42,45,48,49,55,56,57,58,80,87,88" machi="87" ten="40,5200,0" yaku="8,1,52,1,54,1" doraHai="82" who="0" fromWho="3" sc="256,62,240,0,283,0,211,-52" /><INIT seed="3,0,0,1,4,82" ten="318,240,283,159" oya="3" hai0="41,94,130,26,56,1,73,120,15,18,126,60,69" hai1="70,28,3,86,76,44,23,35,19,54,27,87,133" hai2="77,65,96,62,84,63,10,29,61,20,99,92,6" hai3="85,5,119,93,129,66,97,111,59,105,91,135,52"/><W8/><G119/><T47/><D1/><U36/><E133/><V50/><F65/><W108/><G66/><T83/><D120/><U98/><E70/><V22/><F50/><N who="3" m="31127" /><G135/><T31/><D69/><U72/><E3/><V34/><F34/><W17/><G129/><T106/><D106/><U45/><E45/><V57/><F57/><W4/><G105/><T38/><D126/><U90/><E72/><V7/><F29/><W13/><G97/><T0/><D31/><U127/><E127/><V125/><F99/><W116/><G116/><T81/><D73/><U115/><E115/><V118/><F118/><W117/><G117/><T122/><D130/><U101/><E76/><V53/><F53/><W107/><G107/><T104/><D104/><U112/><E90/><V110/><F110/><AGARI ba="0,0" hai="4,5,8,13,17,85,91,93,108,110,111" m="31127" machi="110" ten="30,11600,0" yaku="14,1,10,1,52,1,54,1" doraHai="82" who="3" fromWho="2" sc="318,0,240,0,283,-116,159,116" /><INIT seed="3,1,0,5,1,36" ten="318,240,167,275" oya="3" hai0="134,114,5,63,103,79,12,74,125,11,33,56,54" hai1="22,94,57,29,76,122,123,51,96,115,77,111,110" hai2="116,31,4,24,120,73,100,23,121,108,64,35,44" hai3="118,13,50,67,68,112,62,55,109,133,78,7,95"/><W32/><G112/><T46/><D114/><U18/><E115/><V48/><F73/><W17/><G118/><T14/><D33/><U60/><E29/><V101/><F116/><W102/><G32/><T34/><D34/><U21/><E51/><V41/><F108/><N who="1" m="41513" /><E77/><V127/><F127/><W30/><G30/><T47/><D134/><U130/><E76/><V1/><F64/><W113/><G113/><T129/><D129/><U9/><E9/><V28/><F31/><W49/><G78/><T27/><D27/><N who="1" m="14775" /><E22/><V38/><F48/><W86/><G109/><T19/><D125/><U88/><E130/><V89/><F35/><W126/><G126/><T119/><D103/><U61/><E61/><V81/><F101/><W84/><G7/><T105/><D105/><U98/><E98/><V93/><F100/><W106/><G50/><T15/><D119/><U3/><E3/><V66/><F1/><W80/><G133/><T45/><D79/><U52/><AGARI ba="1,0" hai="52,57,60,88,94,96,122,123" m="14775,41513" machi="52" ten="30,7900,0" yaku="25,1,14,1,54,2" doraHai="36" who="1" fromWho="1" sc="318,-21,240,82,167,-21,275,-40" /><INIT seed="4,0,0,4,1,10" ten="297,322,146,235" oya="0" hai0="36,127,92,29,43,135,75,64,6,98,105,52,104" hai1="71,89,14,1,18,57,34,28,83,109,115,21,55" hai2="22,101,134,122,5,112,107,111,68,39,59,110,108" hai3="8,126,41,2,38,131,118,69,85,66,61,88,3"/><T129/><D75/><U100/><E109/><V50/><F122/><W9/><G118/><T45/><D129/><U58/><E71/><V25/><F39/><W17/><G131/><T95/><D127/><U94/><E1/><V117/><F68/><W81/><G126/><T132/><D64/><U46/><E34/><V0/><F101/><W12/><G41/><T65/><D65/><U13/><E28/><V114/><F107/><W86/><G38/><T73/><D73/><U49/><E115/><N who="2" m="44075" /><F50/><W33/><G33/><T76/><D29/><U96/><E83/><V42/><F59/><W16/><G85/><T35/><D35/><U62/><E100/><V72/><F42/><W120/><G120/><T123/><D123/><U125/><E58/><V26/><F72/><W31/><G31/><T119/><D119/><U84/><E84/><V78/><F78/><W48/><G48/><T4/><D76/><U63/><E63/><V79/><F79/><W51/><G51/><T70/><D70/><U106/><E106/><V60/><F60/><W133/><G133/><N who="0" m="51275" /><D104/><U20/><E125/><V80/><F80/><W93/><G81/><T82/><D82/><U67/><E20/><V7/><F134/><W121/><G121/><T37/><D37/><U40/><E67/><V87/><F117/><W32/><G32/><T102/><D52/><U44/><E44/><V124/><F124/><W77/><G77/><T128/><D128/><U19/><E19/><N who="2" m="12639" /><F111/><W53/><G53/><T11/><D105/><U103/><E103/><V24/><F110/><W74/><G74/><T91/><D102/><RYUUKYOKU ba="0,0" sc="297,-15,322,15,146,-15,235,15" hai1="13,14,18,21,40,46,49,55,57,62,89,94,96" hai3="2,3,8,9,12,16,17,61,66,69,86,88,93" /><INIT seed="5,1,0,1,4,12" ten="282,337,131,250" oya="1" hai0="123,60,58,102,77,64,35,61,55,89,63,54,90" hai1="13,19,47,15,39,31,34,43,1,10,86,18,121" hai2="70,128,69,57,0,94,66,4,30,24,122,45,125" hai3="51,96,127,9,120,46,116,126,44,50,23,72,133"/><U131/><E121/><V42/><F122/><W2/><G120/><T82/><D35/><U48/><E131/><V6/><F128/><W87/><G72/><T80/><D123/><U56/><E1/><V59/><F94/><W49/><G96/><T76/><D102/><U110/><E110/><V105/><F105/><W26/><G9/><T124/><D124/><U81/><E34/><V106/><F106/><W36/><G36/><T135/><D135/><U109/><E109/><V108/><F66/><W8/><G8/><T41/><D41/><U130/><E31/><V132/><F0/><W38/><G38/><T74/><D64/><U5/><E130/><V112/><F112/><W22/><G2/><T65/><D65/><U75/><E75/><V100/><F100/><W27/><G87/><T37/><D37/><U25/><E25/><N who="3" m="9226" /><G133/><T129/><D129/><U111/><E111/><V97/><F97/><W17/><G116/><T67/><D67/><U32/><E32/><V92/><F132/><W11/><G11/><T16/><D58/><U73/><E73/><V78/><F59/><W93/><G93/><T7/><D74/><U115/><E115/><V117/><F57/><W20/><G17/><N who="1" m="6154" /><E39/><V98/><F108/><W84/><G84/><T79/><D7/><U104/><E56/><V14/><F6/><W29/><G29/><T71/><D71/><U114/><E114/><V119/><F70/><W99/><G99/><T101/><D16/><N who="1" m="8247" /><E104/><V95/><F69/><W53/><G53/><N who="0" m="19979" /><D101/><U68/><E68/><V28/><F30/><W85/><G85/><T21/><D21/><RYUUKYOKU ba="1,0" sc="282,15,337,-15,131,-15,250,15" hai0="60,61,63,76,77,79,80,82,89,90" hai3="20,22,23,44,46,49,50,51,126,127" /><INIT seed="6,2,0,5,2,95" ten="297,322,116,265" oya="2" hai0="20,86,28,105,29,135,48,117,103,113,93,75,16" hai1="84,25,67,57,60,7,91,101,14,92,24,83,56" hai2="53,9,51,36,58,33,65,115,123,30,5,85,31" hai3="90,23,132,111,71,82,39,17,88,77,102,97,35"/><V128/><F123/><W8/><G111/><T4/><D117/><U78/><E101/><V120/><F120/><W124/><G39/><T10/><D75/><U76/><E76/><V42/><F128/><W66/><G35/><T74/><D74/><U106/><E106/><V98/><F115/><W61/><G8/><T47/><D113/><U121/><E121/><V2/><F65/><W52/><G132/><T43/><D135/><U44/><E44/><V72/><F72/><W0/><G0/><T3/><D105/><U94/><E94/><V55/><F55/><W79/><G124/><T87/><D103/><U49/><E49/><V125/><F125/><W127/><G127/><T134/><D134/><U129/><E57/><V38/><F85/><W11/><G11/><T15/><REACH who="0" step="1"/><D93/><REACH who="0" ten="287,322,116,265" step="2"/><U40/><E129/><V100/><F33/><W122/><G122/><T109/><D109/><U59/><E92/><V18/><F18/><W37/><G102/><T64/><D64/><U96/><E67/><V27/><F42/><W22/><G66/><T63/><D63/><U34/><E40/><V133/><F133/><W110/><G61/><T119/><D119/><U68/><E60/><V54/><F54/><W45/><G52/><T21/><D21/><U26/><E34/><N who="2" m="20863" /><F30/><AGARI ba="2,1" hai="3,4,10,15,16,20,28,29,30,43,47,48,86,87" machi="30" ten="40,2600,0" yaku="1,1,54,1,53,0" doraHai="95" doraHaiUra="107" who="0" fromWho="2" sc="287,42,322,0,116,-32,265,0" /><INIT seed="7,0,0,4,5,87" ten="329,322,84,265" oya="3" hai0="111,62,49,5,32,83,9,3,79,127,68,67,99" hai1="92,98,125,107,61,47,33,39,101,81,36,90,0" hai2="102,51,58,4,28,34,27,19,77,85,40,13,128" hai3="37,6,131,45,1,93,26,74,66,23,31,119,59"/><W30/><G119/><T65/><D111/><U69/><E0/><V44/><F128/><W73/><G31/><T54/><D127/><U113/><E33/><V103/><F58/><W11/><G131/><T71/><D32/><U132/><E125/><V97/><F97/><W120/><G120/><T133/><D133/><U10/><E10/><V20/><F77/><W16/><G37/><T60/><D99/><U21/><E132/><V89/><F34/><W52/><G93/><T134/><D134/><U117/><E117/><V94/><REACH who="2" step="1"/><F4/><REACH who="2" ten="329,322,74,265" step="2"/><W55/><G66/><T12/><D79/><U80/><E98/><V57/><F57/><W48/><REACH who="3" step="1"/><G30/><REACH who="3" ten="329,322,74,255" step="2"/><T14/><D65/><U7/><E113/><V82/><F82/><W115/><G115/><T130/><D83/><U126/><E81/><V35/><AGARI ba="0,2" hai="13,19,20,27,28,35,40,44,51,85,89,94,102,103" machi="35" ten="20,5200,0" yaku="1,1,0,1,7,1,52,1,53,0" doraHai="87" doraHaiUra="124" who="2" fromWho="2" sc="329,-13,322,-13,74,72,255,-26" owari="316,41.6,309,10.9,146,-35.4,229,-17.1" /></mjloggm>