<mjloggm ver="2.3"><GO type="41" lobby="0"/><UN n0="%E7%86%B1%E3%81%84%E3%81%9C%E3%83%9A%E3%83%B3%E3%81%A1%E3%82%83%E3%82%93" n1="%E2%93%9D%4C%75%63%6B%79%4A" n2="%79%75%6B%69%6D%61%69" n3="%E3%81%AF%E3%82%8B%E3%81%BC%E3%83%BC" dan="15,17,13,13" rate="1863.51,2148.13,1909.10,1862.99" sx="M,M,M,M"/><TAIKYOKU oya="0"/><INIT seed="0,0,0,1,5,63" ten="250,250,250,250" oya="0" hai0="75,100,46,35,8,30,38,0,1,92,112,36,101" hai1="67,54,73,48,109,19,56,55,126,20,17,41,28" hai2="128,45,93,61,135,116,88,127,104,5,129,18,60" hai3="123,68,72,118,59,57,50,71,94,42,24,90,108"/><T33/><D112/><U114/><E114/><V89/><F104/><W102/><G72/><T79/><D92/><U16/><E73/><V91/><F127/><W99/><G118/><T22/><D22/><U12/><E109/><V6/><F116/><W113/><G113/><T119/><D119/><U98/><E126/><V78/><F135/><W125/><G125/><T49/><D79/><U81/><E41/><V74/><F93/><W29/><G108/><T103/><D75/><U69/><E69/><V3/><F45/><N who="3" m="25911" /><G71/><T80/><D80/><U9/><E55/><V83/><F18/><W52/><G68/><T4/><D1/><U2/><E2/><V34/><F34/><W95/><G123/><T130/><D130/><N who="2" m="50282" /><F3/><W134/><G134/><T10/><D10/><U97/><E81/><V96/><F96/><N who="1" m="36969" /><E28/><V115/><F115/><W51/><G95/><T85/><D85/><U66/><E19/><V70/><F61/><W23/><G59/><T124/><D124/><U21/><E21/><V84/><F74/><W47/><G57/><T76/><D76/><U39/><E39/><V133/><F133/><W37/><G37/><T43/><REACH who="0" step="1"/><D33/><REACH who="0" ten="240,250,250,250" step="2"/><U64/><E20/><V122/><F122/><W32/><G32/><T131/><D131/><U106/><E106/><V44/><F78/><W13/><G13/><T117/><D117/><U11/><E11/><V82/><F84/><W110/><G110/><T7/><D7/><U27/><E17/><V40/><F83/><W86/><G86/><T111/><D111/><U120/><E120/><V26/><F82/><W87/><G87/><RYUUKYOKU ba="0,1" sc="240,10,250,10,250,-30,250,10" hai0="0,4,8,30,35,36,38,43,46,49,100,101,103" hai1="9,12,16,27,48,54,56,64,66,67" hai3="23,24,29,47,51,52,90,94,99,102" /><INIT seed="0,1,1,2,4,90" ten="250,260,220,260" oya="0" hai0="32,54,36,38,103,74,98,55,39,118,14,66,1" hai1="106,62,78,79,82,48,93,45,8,95,100,102,10" hai2="85,119,5,22,97,134,104,83,6,94,44,86,110" hai3="11,63,40,96,43,41,133,3,60,99,108,56,50"/><T130/><D118/><U37/><E37/><V34/><F34/><W71/><G3/><T123/><D123/><U52/><E106/><V61/><F119/><W101/><G11/><N who="1" m="4138" /><E62/><V70/><F104/><W49/><G108/><T67/><D1/><U26/><E26/><V107/><F107/><W73/><G73/><T16/><D32/><U91/><E82/><V115/><F110/><W72/><G72/><T29/><D74/><U81/><E81/><V112/><F134/><W35/><G35/><T18/><D29/><U21/><E21/><V2/><F86/><W33/><G33/><T105/><D130/><U69/><E69/><V13/><F44/><W12/><G71/><T76/><D76/><N who="1" m="29227" /><E91/><V47/><F47/><W127/><G133/><T51/><D55/><U87/><E87/><V9/><F61/><W42/><G12/><T27/><D27/><U129/><E129/><V0/><F70/><W80/><G80/><T121/><D121/><U111/><E111/><V17/><F6/><W135/><G135/><T128/><D128/><U7/><E7/><V125/><F0/><W92/><G63/><T57/><REACH who="0" step="1"/><D18/><REACH who="0" ten="240,260,220,260" step="2"/><U64/><E64/><V58/><F2/><W131/><G131/><T15/><D15/><U23/><E23/><AGARI ba="1,2" hai="14,16,23,36,38,39,51,54,57,66,67,98,103,105" machi="23" ten="40,3900,0" yaku="1,1,54,1,53,0" doraHai="90" doraHaiUra="114" who="0" fromWho="1" sc="240,62,260,-42,220,0,260,0" /><INIT seed="0,2,0,1,5,14" ten="302,218,220,260" oya="0" hai0="108,16,21,1,127,89,8,64,48,103,134,67,73" hai1="23,31,49,109,93,29,6,25,107,37,82,131,53" hai2="105,124,99,72,74,101,33,92,0,38,86,111,36" hai3="18,126,129,117,122,112,130,17,9,65,110,2,85"/><T52/><D73/><U26/><E37/><V34/><F0/><W27/><G117/><T24/><D127/><U75/><E107/><V90/><F124/><W120/><G65/><T81/><D134/><U125/><E125/><V50/><F111/><W95/><G112/><T60/><D103/><U88/><E131/><N who="3" m="50186" /><G27/><T123/><D123/><N who="3" m="47145" /><G110/><T121/><D121/><U118/><E6/><V76/><F72/><W12/><G2/><T35/><D108/><U115/><E115/><V28/><F50/><W102/><G126/><T56/><D35/><N who="2" m="13322" /><F28/><W66/><G66/><T15/><D1/><U80/><E118/><V70/><F70/><W61/><G61/><T96/><D48/><U42/><E42/><V133/><F133/><W106/><G106/><T10/><D10/><U77/><E109/><V4/><F4/><N who="3" m="3111" /><G85/><N who="0" m="50351" /><D96/><AGARI ba="2,0" hai="17,18,95,96,102" m="3111,47145,50186" machi="96" ten="30,7700,0" yaku="19,1,13,1,52,2" doraHai="14" who="3" fromWho="0" sc="302,-83,218,0,220,0,260,83" /><INIT seed="1,0,0,0,2,96" ten="219,218,220,343" oya="1" hai0="10,62,84,37,117,78,59,21,120,114,11,38,42" hai1="119,98,33,71,126,125,73,13,4,52,9,16,90" hai2="79,112,76,105,20,130,19,18,51,129,95,41,132" hai3="61,65,97,94,85,106,24,66,56,80,29,110,118"/><U34/><E71/><V100/><F105/><W7/><G106/><T12/><D117/><U121/><E73/><V135/><F112/><W89/><G110/><T102/><D114/><U107/><E119/><V43/><F51/><W27/><G118/><T32/><D120/><U122/><E90/><V63/><F63/><W83/><G7/><T23/><D32/><N who="1" m="12395" /><E98/><V104/><F104/><W48/><G66/><T1/><D38/><U6/><E52/><V103/><F20/><N who="3" m="15495" /><G27/><T69/><D69/><U14/><E107/><V35/><F35/><W60/><G60/><T109/><D62/><U30/><E30/><V54/><F54/><W131/><G131/><T87/><D37/><U3/><E6/><V39/><F39/><W99/><G48/><T28/><D28/><U128/><E128/><V88/><F95/><N who="3" m="56559" /><G85/><T25/><D84/><U91/><E91/><AGARI ba="0,0" hai="18,19,41,43,76,79,88,91,100,103,129,130,132,135" machi="91" ten="25,8000,1" yaku="22,2,52,2,54,1" doraHai="96" who="2" fromWho="1" sc="219,0,218,-80,220,80,343,0" /><AGARI ba="0,0" hai="56,61,65,80,83,91,94,99" m="56559,15495" machi="91" ten="30,1000,0" yaku="8,1" doraHai="96" who="3" fromWho="1" sc="219,0,138,-10,300,0,343,10" /><INIT seed="2,0,0,5,3,25" ten="219,128,300,353" oya="2" hai0="36,102,42,88,4,70,37,129,87,93,104,108,54" hai1="101,110,40,58,117,13,65,127,78,64,119,82,68" hai2="55,95,20,73,112,52,0,48,61,131,123,19,28" hai3="27,45,46,69,111,125,14,81,90,35,109,41,80"/><V18/><F112/><W60/><G14/><T134/><D108/><N who="3" m="41545" /><G125/><T77/><D129/><U115/><E110/><V67/><F123/><W50/><G46/><T5/><D134/><U57/><E101/><V85/><F73/><W8/><G8/><T1/><D70/><U38/><E82/><V106/><F106/><W94/><G60/><T100/><D54/><U32/><E78/><V44/><F0/><W26/><G69/><T15/><D1/><U33/><E68/><V43/><F131/><W128/><G128/><T114/><D114/><U133/><E13/><V84/><F84/><N who="3" m="52551" /><G26/><T63/><D63/><U12/><E12/><V34/><F34/><W130/><G130/><T10/><D4/><U75/><E115/><V116/><F116/><W103/><G103/><T30/><D102/><U21/><E127/><V122/><F122/><W120/><G120/><T2/><D100/><U29/><E40/><V97/><F28/><AGARI ba="0,0" hai="27,28,35,41,45,50,80,81" m="52551,41545" machi="28" ten="30,2000,0" yaku="14,1,52,1" doraHai="25" who="3" fromWho="2" sc="219,0,128,0,300,-20,353,20" /><INIT seed="3,0,0,0,4,61" ten="219,128,280,373" oya="3" hai0="81,97,116,58,87,68,33,51,2,86,27,8,80" hai1="106,84,121,5,101,112,79,63,107,11,69,133,102" hai2="13,45,113,126,15,73,128,103,77,20,98,38,18" hai3="95,99,120,19,54,36,55,62,129,100,122,65,31"/><W56/><G36/><T53/><D116/><U118/><E112/><V94/><F113/><W82/><G82/><T131/><D131/><U34/><E34/><V29/><F128/><W12/><G129/><T25/><D68/><U52/><E121/><V90/><F126/><W44/><G44/><T64/><D97/><U28/><E28/><V50/><F38/><W135/><G135/><T125/><D125/><U4/><E133/><V83/><F29/><W66/><G120/><T14/><D2/><U49/><E79/><V89/><REACH who="2" step="1"/><F13/><REACH who="2" ten="219,128,270,373" step="2"/><W115/><G31/><T59/><D14/><U7/><E118/><V114/><F114/><W123/><G115/><T70/><D33/><U26/><E26/><V22/><F22/><N who="3" m="11623" /><G123/><T16/><D27/><U21/><E21/><V17/><F17/><W85/><G122/><T71/><D16/><U124/><E124/><V57/><F57/><N who="3" m="35127" /><G85/><T105/><D25/><U134/><E84/><V76/><F76/><W78/><G78/><T92/><D87/><U91/><E134/><V23/><F23/><W0/><G0/><T60/><D86/><U3/><E3/><V93/><F93/><W111/><G111/><T37/><D92/><U35/><E35/><V110/><F110/><W132/><G132/><T32/><D32/><U48/><E107/><V10/><F10/><W47/><G56/><T40/><D8/><U24/><E11/><V130/><F130/><W1/><G1/><T30/><D30/><U119/><E24/><V46/><F46/><W74/><G74/><T108/><D105/><U127/><E127/><V67/><F67/><RYUUKYOKU ba="0,1" sc="219,-15,128,-15,270,15,373,15" hai2="15,18,20,45,50,73,77,83,89,90,94,98,103" hai3="47,55,65,66,95,99,100" /><INIT seed="3,1,1,1,3,43" ten="204,113,285,388" oya="3" hai0="69,117,104,125,79,103,71,0,88,22,51,40,6" hai1="90,49,76,70,32,1,7,14,4,93,118,64,73" hai2="96,55,8,47,21,52,16,101,116,133,65,19,111" hai3="28,129,2,115,24,46,109,110,35,60,57,29,27"/><W3/><G115/><T132/><D117/><U113/><E113/><V15/><F116/><W13/><G13/><T37/><D79/><U87/><E32/><V102/><F111/><N who="3" m="42507" /><G129/><T30/><D0/><U130/><E1/><V86/><F133/><W127/><G127/><T39/><D132/><U134/><E134/><V17/><F65/><N who="3" m="39055" /><G46/><T85/><D125/><U92/><E14/><V41/><F86/><W106/><G106/><T135/><D104/><U54/><E130/><V123/><F102/><W131/><G131/><T12/><D103/><U83/><E118/><V112/><F123/><W72/><G72/><T89/><D135/><U119/><E119/><V33/><F33/><AGARI ba="1,1" hai="2,3,24,27,28,29,33,35" m="39055,42507" machi="33" ten="30,2900,0" yaku="14,1,10,1" doraHai="43" who="3" fromWho="2" sc="204,0,113,0,285,-32,388,42" /><INIT seed="3,2,0,3,0,11" ten="204,113,253,430" oya="3" hai0="124,6,113,120,3,101,58,40,28,38,115,48,131" hai1="103,74,135,87,37,81,125,106,62,1,69,130,35" hai2="133,75,61,78,21,86,26,109,70,60,67,100,116" hai3="4,71,47,25,27,108,68,22,33,43,123,50,73"/><W36/><G123/><T72/><D72/><U13/><BYE who="0" /><RYUUKYOKU type="yao9" ba="2,0" sc="204,0,113,0,253,0,430,0" hai1="1,13,35,37,62,69,74,81,87,103,106,125,130,135" /><INIT seed="3,3,0,0,3,124" ten="204,113,253,430" oya="3" hai0="111,25,66,135,132,80,4,79,102,100,69,114,32" hai1="130,55,86,35,38,51,99,20,62,72,19,39,88" hai2="73,97,50,129,95,49,105,1,84,64,43,28,92" hai3="42,96,11,68,2,9,128,118,37,18,113,12,8"/><W71/><G118/><T26/><D26/><U63/><E72/><V65/><F73/><W56/><G113/><T6/><D6/><U58/><E35/><V101/><F1/><W59/><G2/><T13/><D13/><U70/><E99/><V77/><F28/><W41/><G37/><T33/><D33/><U115/><E115/><V10/><F105/><W0/><G0/><T27/><D27/><U104/><E104/><V16/><F129/><W34/><G34/><T44/><D44/><U36/><E70/><V5/><F5/><W112/><G128/><T24/><D24/><U14/><REACH who="1" step="1"/><E130/><REACH who="1" ten="204,103,253,430" step="2"/><V85/><F77/><W45/><G71/><T134/><D134/><U116/><E116/><V31/><F85/><W119/><G68/><T22/><D22/><U21/><E21/><V74/><F74/><W54/><G112/><T75/><D75/><U52/><E52/><V90/><F43/><N who="3" m="16395" /><G96/><T123/><D123/><U120/><E120/><V89/><F101/><W46/><G119/><T117/><D117/><U121/><E121/><V91/><F65/><W53/><G53/><T15/><D15/><U106/><E106/><V40/><F64/><W67/><G54/><T125/><D125/><U110/><E110/><V87/><F40/><W94/><G67/><T107/><D107/><U3/><E3/><V30/><F97/><W23/><G94/><AGARI ba="3,1" hai="14,19,20,36,38,39,51,55,58,62,63,86,88,94" machi="94" ten="40,8000,1" yaku="1,1,25,2,54,1,53,0" doraHai="124" doraHaiUra="103" who="1" fromWho="3" sc="204,0,103,99,253,0,430,-89" /><INIT seed="4,0,0,4,2,46" ten="204,202,253,341" oya="0" hai0="125,74,37,130,62,57,109,91,30,20,51,26,64" hai1="120,5,98,23,83,122,121,92,119,7,58,50,113" hai2="10,3,45,42,124,9,132,56,25,11,89,107,87" hai3="32,77,97,48,82,128,110,36,16,129,126,22,70"/><T54/><D54/><U101/><E119/><V63/><F107/><W12/><G70/><T17/><D17/><U104/><E104/><V14/><F124/><W118/><G118/><T60/><D60/><U33/><E33/><V1/><F132/><W90/><G36/><T86/><D86/><U114/><E23/><V135/><F135/><W96/><G32/><T43/><D43/><U61/><E83/><V133/><F133/><W94/><G110/><T81/><D81/><U79/><E79/><V53/><F25/><W131/><G126/><T105/><D105/><U117/><E117/><V71/><F71/><W99/><G48/><T18/><D18/><U95/><E95/><V24/><F14/><W88/><REACH who="3" step="1"/><G90/><REACH who="3" ten="204,202,253,331" step="2"/><T55/><D55/><N who="1" m="32119" /><E61/><V72/><F72/><AGARI ba="0,1" hai="12,16,22,72,77,82,88,94,96,97,99,128,129,131" machi="72" ten="40,8000,1" yaku="1,1,19,1,54,2,53,0" doraHai="46" doraHaiUra="31" who="3" fromWho="2" sc="204,0,202,0,253,-80,331,90" /><INIT seed="5,0,0,4,2,33" ten="204,202,173,421" oya="1" hai0="80,97,14,25,98,21,40,122,110,85,135,79,64" hai1="29,11,68,114,75,82,30,96,125,5,20,120,0" hai2="93,63,127,42,91,102,78,108,31,121,119,134,107" hai3="103,88,128,116,18,49,100,62,27,117,12,54,57"/><U38/><E120/><V17/><F119/><N who="3" m="45643" /><G27/><T35/><D35/><U55/><E68/><V76/><F108/><W104/><G104/><T69/><D69/><U90/><E38/><V99/><F121/><W67/><G88/><T129/><D129/><U131/><E114/><V46/><F127/><W7/><G7/><T106/><D106/><U87/><E125/><V81/><F31/><W2/><G2/><T32/><D32/><U8/><E131/><V70/><F134/><W19/><G128/><T28/><D28/><U24/><E11/><V109/><F17/><N who="3" m="6155" /><G12/><T47/><D47/><AGARI ba="0,0" hai="47,49,54,57,62,67,100,103" m="6155,45643" machi="47" ten="30,1000,0" yaku="12,1" doraHai="33" who="3" fromWho="0" sc="204,-10,202,0,173,0,421,10" /><INIT seed="6,0,0,4,3,25" ten="194,202,173,431" oya="2" hai0="7,24,19,41,45,48,99,101,46,79,119,67,17" hai1="122,100,94,27,9,133,26,64,93,2,92,127,1" hai2="42,40,125,35,105,110,103,33,85,69,129,81,30" hai3="49,107,88,102,74,87,38,75,0,62,20,12,13"/><V56/><F69/><W51/><G38/><T80/><D80/><U39/><E39/><V55/><F125/><W47/><G0/><T34/><D34/><U115/><E100/><V37/><F129/><W106/><G62/><T121/><D121/><U82/><E115/><V68/><F68/><W128/><G128/><T73/><D73/><U98/><E98/><V10/><F37/><W65/><G65/><T84/><D84/><U116/><E116/><V23/><F33/><W66/><G66/><T104/><D104/><U77/><E133/><V71/><F35/><W111/><G111/><T44/><D44/><U15/><E64/><V124/><F71/><W97/><G107/><T5/><D5/><U108/><E108/><V70/><F70/><W50/><G47/><T86/><D86/><U134/><E134/><V28/><F103/><W120/><G120/><T112/><D112/><U4/><E127/><V95/><F105/><W131/><G131/><T8/><D8/><U16/><E122/><V57/><F95/><W126/><G126/><T135/><D135/><U43/><E43/><N who="2" m="16427" /><F124/><W132/><G132/><T6/><D6/><U22/><REACH who="1" step="1"/><E2/><REACH who="1" ten="194,192,173,431" step="2"/><V78/><F110/><W117/><G117/><T18/><D18/><U72/><AGARI ba="0,1" hai="1,4,9,15,16,22,26,27,72,77,82,92,93,94" machi="72" ten="30,7900,0" yaku="1,1,2,1,0,1,54,1,53,0" doraHai="25" doraHaiUra="29" who="1" fromWho="1" sc="194,-20,192,89,173,-39,431,-20" /><INIT seed="7,0,0,4,1,37" ten="174,281,134,411" oya="3" hai0="124,118,23,14,10,74,30,71,5,113,65,100,68" hai1="90,38,21,2,78,69,1,18,121,45,7,105,135" hai2="94,83,103,13,123,42,34,49,39,108,87,35,110" hai3="41,77,79,95,117,89,130,36,12,86,25,28,16"/><W80/><G117/><T134/><D134/><U0/><E90/><V112/><F39/><W116/><G130/><T93/><D93/><U119/><E69/><V6/><F112/><W101/><G116/><T33/><D33/><U70/><E7/><V58/><F110/><W84/><G101/><T75/><D75/><U46/><E46/><V11/><F108/><W8/><G36/><T122/><D122/><U55/><E55/><V4/><F4/><W56/><G41/><T44/><D44/><U57/><E45/><N who="2" m="25783" /><F123/><W51/><G51/><T53/><D53/><U82/><E2/><V67/><F34/><W115/><G56/><T129/><D129/><U22/><E57/><V73/><F35/><W131/><G131/><T47/><D47/><U26/><E1/><V24/><F73/><W62/><G62/><T61/><D61/><U48/><E0/><V109/><F24/><W132/><G132/><T104/><D104/><U128/><E105/><V88/><F109/><W127/><G127/><T96/><D96/><U52/><E38/><V91/><F58/><W40/><G40/><T15/><D15/><U81/><E121/><V59/><F59/><W97/><G115/><T32/><D32/><U111/><E119/><V99/><F67/><W31/><G25/><T133/><D133/><U120/><E120/><V72/><F72/><W27/><G27/><T76/><D76/><AGARI ba="0,0" hai="6,11,13,76,83,87,88,91,94,99,103" m="25783" machi="76" ten="30,7700,0" yaku="25,1,8,1,52,1,54,1" doraHai="37" who="2" fromWho="0" sc="174,-77,281,0,134,77,411,0" owari="97,-40.3,281,8.1,211,-18.9,411,51.1" /></mjloggm>