<mjloggm ver="2.3"><GO type="41" lobby="0"/><UN n0="%E3%82%84%E3%82%8B%E3%81%8A%44%65%61%74%68" n1="%74%61%6E%65%79%61%6E%34" n2="%E2%93%9D%4C%75%63%6B%79%4A" n3="%E3%83%87%E3%83%93%E3%82%8B" dan="13,14,17,15" rate="1910.02,1864.10,2141.64,1946.34" sx="M,M,M,M"/><TAIKYOKU oya="0"/><INIT seed="0,0,0,0,3,59" ten="250,250,250,250" oya="0" hai0="25,9,19,97,56,115,65,116,60,128,81,27,7" hai1="105,50,101,83,112,14,120,8,39,26,130,21,129" hai2="121,28,127,46,104,55,88,37,53,16,15,73,11" hai3="44,93,92,111,13,33,47,41,62,18,90,110,103"/><T24/><D116/><U114/><E39/><V99/><F121/><W57/><G33/><T0/><D115/><N who="1" m="44075" /><E50/><V107/><F73/><W42/><G103/><T91/><D128/><N who="1" m="49259" /><E83/><V86/><F28/><W71/><G71/><T63/><D19/><N who="1" m="12607" /><E101/><V124/><F99/><W74/><G74/><T75/><D75/><U95/><E95/><N who="3" m="36426" /><G90/><T94/><D81/><U76/><E76/><V82/><F55/><N who="3" m="34111" /><G111/><T58/><REACH who="0" step="1"/><D27/><REACH who="0" ten="240,250,250,250" step="2"/><U29/><E120/><V35/><F82/><W23/><G110/><T77/><D77/><U52/><E105/><V79/><F107/><W131/><G131/><T40/><D40/><AGARI ba="0,1" hai="13,18,23,40,41,42,44,47" m="34111,36426" machi="40" ten="30,2000,0" yaku="8,1,52,1" doraHai="59" who="3" fromWho="0" sc="240,-20,250,0,250,0,250,30" /><INIT seed="1,0,0,0,0,112" ten="220,250,250,280" oya="1" hai0="77,99,133,82,122,119,81,115,53,100,25,68,123" hai1="60,94,78,47,67,62,43,80,31,40,124,121,16" hai2="51,113,93,8,52,35,90,111,92,129,65,54,49" hai3="70,6,30,69,85,29,83,34,4,18,79,33,12"/><U76/><E121/><N who="0" m="46089" /><D68/><U91/><E124/><V27/><F113/><W103/><G70/><T57/><D115/><U50/><E31/><V95/><F111/><W44/><G69/><T126/><D126/><U56/><E62/><V20/><F35/><W71/><G71/><T55/><D133/><U120/><E120/><V125/><F129/><W87/><G34/><T98/><D25/><U21/><E80/><N who="0" m="30825" /><D77/><U32/><E32/><V10/><F65/><W24/><G30/><T63/><D55/><N who="2" m="21034" /><F90/><W89/><G103/><T86/><D86/><N who="1" m="52599" /><E43/><V106/><F106/><W104/><G104/><N who="0" m="63511" /><D99/><U14/><AGARI ba="0,0" hai="14,16,21,40,47,50,56,60,67,76,78" m="52599" machi="14" ten="30,3000,0" yaku="8,1,54,1" doraHai="112" who="1" fromWho="1" sc="220,-10,250,30,250,-10,280,-10" /><INIT seed="1,1,0,0,3,43" ten="210,280,240,270" oya="1" hai0="74,77,31,125,64,112,54,101,13,8,41,37,56" hai1="79,9,102,44,92,46,6,12,73,100,133,30,88" hai2="134,71,49,82,130,106,42,40,90,2,27,76,131" hai3="68,103,104,24,15,115,108,0,127,114,87,59,132"/><U135/><E30/><V89/><F71/><W22/><G59/><T65/><D112/><U19/><E73/><V98/><F2/><W120/><G87/><T66/><D125/><U121/><E79/><V36/><F27/><W5/><G103/><N who="1" m="39466" /><E121/><V69/><F69/><W18/><G104/><T129/><D129/><N who="2" m="49162" /><F134/><N who="1" m="51209" /><E6/><V52/><F36/><W61/><G120/><T45/><D101/><U81/><E81/><V55/><F55/><W93/><G127/><T10/><D31/><U47/><E44/><N who="2" m="27687" /><F106/><W62/><G115/><T14/><D77/><U21/><E9/><V78/><F78/><W26/><G114/><T123/><D123/><U28/><E28/><V38/><F98/><AGARI ba="1,0" hai="12,19,21,46,47,88,92,98" m="51209,39466" machi="98" ten="30,11600,0" yaku="20,1,52,2,54,1" doraHai="43" who="1" fromWho="2" sc="210,0,280,119,240,-119,270,0" /><INIT seed="1,2,0,2,4,52" ten="210,399,121,270" oya="1" hai0="112,124,46,26,14,9,107,127,91,29,43,102,103" hai1="86,54,98,32,56,49,48,101,70,33,62,81,20" hai2="126,61,53,15,116,40,130,34,110,1,109,83,108" hai3="134,23,22,93,89,45,17,69,80,97,67,64,2"/><U35/><E20/><V74/><F116/><W44/><G2/><T41/><D112/><U19/><E19/><V87/><F1/><W47/><G134/><T106/><D46/><U7/><E7/><V122/><F122/><W95/><G69/><T72/><D72/><U38/><E38/><V59/><F126/><N who="0" m="48170" /><D91/><U128/><E128/><V11/><F34/><W121/><G121/><T68/><D68/><U104/><REACH who="1" step="1"/><E70/><REACH who="1" ten="210,389,121,270" step="2"/><V8/><F130/><W118/><G23/><N who="0" m="15583" /><D14/><U0/><E0/><V16/><F74/><W132/><G22/><T51/><D9/><U77/><AGARI ba="2,1" hai="32,33,35,48,49,54,56,62,77,81,86,98,101,104" machi="77" ten="30,6000,0" yaku="1,1,0,1,52,1,53,0" doraHai="52" doraHaiUra="24" who="1" fromWho="1" sc="210,-22,389,76,121,-22,270,-22" /><INIT seed="1,3,0,1,2,69" ten="188,465,99,248" oya="1" hai0="93,10,100,65,105,129,120,71,70,17,85,125,14" hai1="72,11,29,50,66,44,64,77,135,91,23,36,73" hai2="68,84,0,95,94,13,115,34,18,31,57,54,61" hai3="49,130,106,128,102,134,28,81,122,119,58,99,22"/><U15/><E135/><V107/><F0/><W48/><G134/><T46/><D120/><U116/><E116/><V2/><F2/><W3/><G3/><T124/><D105/><U127/><E127/><N who="0" m="48713" /><D46/><U109/><E109/><V82/><F68/><W56/><G122/><T132/><D132/><U55/><E91/><V131/><F131/><N who="3" m="50219" /><G81/><T83/><D129/><U133/><E133/><V47/><F107/><W80/><G80/><T59/><D100/><U112/><E112/><V51/><F31/><W30/><G30/><T8/><D93/><U39/><E77/><V5/><F5/><W108/><G108/><T9/><D70/><U74/><E29/><V97/><F34/><W111/><G119/><T86/><D71/><U43/><E23/><V75/><F75/><W76/><G76/><N who="0" m="46311" /><D86/><U92/><E92/><V42/><F115/><W19/><G28/><T78/><D78/><U24/><E24/><V90/><REACH who="2" step="1"/><F97/><REACH who="2" ten="188,465,89,248" step="2"/><W38/><G111/><T88/><D17/><U40/><E74/><V45/><F45/><W37/><G19/><T32/><D32/><U104/><E73/><V52/><F52/><N who="3" m="31751" /><G22/><AGARI ba="3,1" hai="13,18,22,42,47,51,54,57,61,82,84,90,94,95" machi="22" ten="30,3900,0" yaku="1,1,7,1,8,1,53,0" doraHai="69" doraHaiUra="103" who="2" fromWho="3" sc="188,0,465,0,89,58,248,-48" /><INIT seed="2,0,0,0,4,20" ten="188,465,147,200" oya="2" hai0="83,30,14,96,104,25,60,39,125,3,102,113,7" hai1="53,123,71,29,106,70,26,111,89,103,6,69,4" hai2="82,75,79,87,76,107,62,77,112,117,101,129,48" hai3="22,118,35,54,38,115,56,66,105,120,99,34,80"/><V17/><F112/><W67/><G38/><T40/><D113/><U46/><E111/><V52/><F117/><W36/><G36/><T47/><D125/><U81/><E123/><V85/><F129/><W27/><G120/><T132/><D132/><U86/><E103/><V110/><F110/><W45/><G45/><T23/><D83/><U121/><E106/><V126/><F126/><W2/><G2/><T11/><REACH who="0" step="1"/><D60/><REACH who="0" ten="178,465,147,200" step="2"/><U90/><E121/><V31/><F62/><W41/><G80/><T44/><D44/><U130/><E130/><V9/><F82/><W88/><G115/><T128/><D128/><U10/><E46/><V43/><F79/><W97/><G118/><T51/><D51/><U109/><E109/><V92/><F77/><W42/><G42/><T108/><D108/><U95/><E81/><V58/><F43/><W134/><G41/><T57/><D57/><U33/><E71/><V13/><F76/><W5/><G134/><T16/><D16/><U24/><E70/><V12/><F75/><W133/><G133/><T64/><D64/><U131/><E69/><V93/><F31/><W37/><G37/><T21/><D21/><U1/><E29/><V91/><F17/><N who="3" m="12751" /><G35/><T61/><D61/><U49/><E33/><V18/><F18/><W124/><G34/><T59/><D59/><U122/><E131/><V65/><F65/><W100/><G124/><T98/><D98/><N who="1" m="57711" /><E122/><V50/><F50/><N who="3" m="30807" /><G5/><N who="1" m="2154" /><E1/><AGARI ba="0,1" hai="1,3,7,11,14,23,25,30,39,40,47,96,102,104" machi="1" ten="40,2600,0" yaku="1,1,52,1,53,0" doraHai="20" doraHaiUra="63" who="0" fromWho="1" sc="178,36,465,-26,147,0,200,0" /><INIT seed="3,0,0,3,4,15" ten="214,439,147,200" oya="3" hai0="49,70,106,31,94,53,119,44,28,21,130,26,68" hai1="120,135,32,62,14,100,76,81,65,132,9,52,97" hai2="84,66,71,34,69,63,57,4,16,6,78,17,19" hai3="115,39,103,1,47,113,29,86,90,25,40,111,116"/><W13/><G116/><T74/><D106/><U58/><E120/><V67/><F34/><W8/><G1/><T46/><D74/><U122/><E32/><V129/><F129/><W73/><G103/><T123/><D119/><U22/><E22/><V59/><F71/><W117/><G73/><T18/><D123/><U95/><E122/><V110/><F110/><W64/><G64/><N who="2" m="24617" /><F69/><W134/><G134/><T30/><D130/><U75/><REACH who="1" step="1"/><E65/><REACH who="1" ten="214,429,147,200" step="2"/><N who="2" m="39167" /><F57/><W33/><G117/><T36/><D36/><U3/><E3/><V98/><F98/><W0/><G0/><T121/><D121/><U11/><E11/><V35/><F35/><W37/><G37/><T38/><D38/><U48/><E48/><V79/><F84/><W50/><G39/><T45/><D70/><U77/><E77/><AGARI ba="0,1" hai="4,6,16,17,19,77,78,79" m="39167,24617" machi="77" ten="30,8000,1" yaku="8,1,52,3,54,1" doraHai="15" who="2" fromWho="1" sc="214,0,429,-80,147,90,200,0" /><INIT seed="4,0,0,0,5,34" ten="214,349,237,200" oya="0" hai0="86,89,77,109,129,23,58,61,57,51,111,65,90" hai1="13,103,117,79,120,5,36,108,62,38,46,43,63" hai2="10,134,101,30,6,113,73,39,102,126,33,66,54" hai3="82,123,97,9,17,76,37,127,45,4,60,47,16"/><T26/><D129/><U74/><E120/><V85/><F73/><W21/><G127/><T68/><D77/><U107/><E108/><N who="0" m="41545" /><D51/><U56/><E117/><V78/><F66/><W53/><G123/><T50/><D50/><U35/><E35/><V135/><F54/><W75/><G97/><T115/><D115/><U28/><E28/><V80/><F39/><W18/><G37/><T70/><D58/><U92/><E107/><V59/><F59/><W96/><G96/><T69/><D86/><U7/><E38/><V19/><F126/><W105/><G105/><T55/><D55/><U42/><E79/><V128/><F128/><W112/><G112/><T2/><D2/><U94/><E74/><V91/><F78/><W8/><G47/><T64/><D64/><U29/><E36/><V11/><F113/><W15/><G60/><T106/><D106/><U44/><E56/><V48/><F48/><W25/><REACH who="3" step="1"/><G8/><REACH who="3" ten="214,349,237,190" step="2"/><T119/><D119/><U93/><E46/><V88/><F11/><W122/><G122/><T110/><N who="0" m="41553" /><T121/><DORA hai="98" /><D121/><U81/><E44/><V22/><F10/><W116/><G116/><T132/><D132/><U125/><E62/><V131/><F135/><W124/><G124/><T32/><D32/><U52/><E63/><V49/><F33/><W118/><G118/><T72/><D72/><U40/><E125/><V99/><F134/><W100/><G100/><T0/><D0/><U104/><E103/><V67/><F102/><W71/><G71/><N who="0" m="18179" /><T27/><DORA hai="14" /><D27/><U20/><E104/><N who="2" m="63551" /><F131/><W1/><G1/><T114/><D114/><RYUUKYOKU ba="0,1" sc="214,15,349,-15,237,-15,190,15" hai0="23,26,57,61,65,89,90" hai3="4,9,15,16,17,18,21,25,45,53,75,76,82" /><INIT seed="4,1,1,2,3,122" ten="229,334,222,205" oya="0" hai0="57,48,67,97,36,124,54,31,19,61,47,32,53" hai1="30,123,129,119,69,17,4,29,79,9,15,70,43" hai2="101,107,95,64,44,87,88,38,7,96,84,41,16" hai3="63,52,91,42,2,55,1,125,85,86,45,117,65"/><T18/><D124/><U100/><E123/><V103/><F7/><W76/><G117/><T66/><D32/><U24/><E119/><V68/><F103/><W51/><G125/><T92/><D31/><U35/><E100/><V11/><F64/><N who="0" m="24618" /><D36/><U8/><E79/><V58/><F58/><W72/><G72/><T0/><D0/><U26/><E43/><V22/><F11/><W74/><G74/><T82/><D82/><U128/><E70/><V14/><REACH who="2" step="1"/><F87/><REACH who="2" ten="229,334,212,205" step="2"/><W120/><G85/><T23/><D23/><N who="1" m="15519" /><E69/><AGARI ba="1,2" hai="14,16,22,38,41,44,68,69,84,88,95,96,101,107" machi="69" ten="40,8000,1" yaku="1,1,54,2,53,1" doraHai="122" doraHaiUra="71" who="2" fromWho="1" sc="229,0,334,-83,212,103,205,0" /><INIT seed="5,0,0,2,3,69" ten="229,251,315,205" oya="1" hai0="27,66,39,25,31,117,17,93,36,19,116,53,82" hai1="30,26,3,48,49,68,23,122,108,90,118,102,120" hai2="5,95,94,80,50,47,111,52,55,114,9,112,18" hai3="124,38,100,71,32,67,61,85,89,44,110,4,99"/><U46/><E68/><V24/><F111/><W64/><G124/><T119/><D66/><U104/><E108/><V12/><F55/><W128/><G67/><T57/><D82/><U16/><E118/><V109/><F109/><W7/><G128/><T106/><D106/><U20/><E3/><V134/><F134/><W37/><G32/><T63/><D93/><U14/><E90/><V35/><F80/><W42/><G110/><T70/><D70/><U135/><E135/><V126/><F126/><W0/><G0/><T1/><D1/><U101/><E49/><V41/><F5/><W130/><G130/><T22/><REACH who="0" step="1"/><D17/><REACH who="0" ten="219,251,315,205" step="2"/><U92/><E104/><V81/><F81/><W56/><G71/><T60/><D60/><U125/><E125/><V83/><F83/><W33/><G4/><T133/><D133/><U40/><REACH who="1" step="1"/><E92/><REACH who="1" ten="219,241,315,205" step="2"/><V132/><F95/><W58/><G89/><T34/><AGARI ba="0,2" hai="19,22,25,27,31,34,36,39,53,57,63,116,117,119" machi="34" ten="30,7900,0" yaku="1,1,0,1,52,2,53,0" doraHai="69" doraHaiUra="131" who="0" fromWho="0" sc="219,99,241,-39,315,-20,205,-20" /><INIT seed="6,0,0,1,1,38" ten="318,202,295,185" oya="2" hai0="89,26,65,55,131,128,119,19,9,25,91,126,4" hai1="74,58,82,115,32,72,20,59,42,114,84,80,31" hai2="127,86,78,117,64,120,52,129,135,27,34,100,69" hai3="2,33,12,121,75,21,1,66,122,0,109,106,113"/><V16/><F120/><N who="3" m="46187" /><G66/><T29/><D119/><U54/><E32/><V134/><F117/><W81/><G106/><T103/><D103/><U110/><E110/><V53/><F129/><N who="0" m="49738" /><D65/><U111/><E111/><V83/><F127/><W76/><G109/><T73/><D73/><U14/><E31/><V5/><F5/><W24/><G81/><T132/><D126/><U35/><E35/><V125/><F100/><W71/><G76/><T43/><D43/><U30/><E30/><V46/><F125/><W61/><G61/><T104/><D104/><U79/><E42/><V88/><F34/><W39/><G39/><T77/><D77/><U45/><E74/><V97/><F69/><W92/><G92/><T47/><D132/><N who="2" m="50730" /><F64/><W70/><G75/><T107/><D107/><U23/><E72/><V36/><F97/><W50/><G33/><N who="0" m="20655" /><D55/><U87/><E54/><V56/><F78/><W18/><G71/><T116/><D47/><U28/><E79/><V118/><F118/><W85/><G70/><T13/><D116/><U41/><E45/><V98/><F98/><W67/><G67/><T102/><D102/><U95/><E95/><V40/><F56/><W68/><G68/><T10/><D26/><U130/><E130/><V6/><F6/><W22/><G85/><T124/><D124/><U133/><E133/><V48/><F36/><W7/><G50/><T108/><D108/><U57/><E57/><V8/><F27/><W94/><G94/><T44/><D44/><U123/><E123/><V51/><F51/><W60/><G7/><T15/><AGARI ba="0,0" hai="4,9,10,13,15,19,89,91" m="20655,49738" machi="15" ten="30,1100,0" yaku="19,1" doraHai="38" who="0" fromWho="0" sc="318,11,202,-3,295,-5,185,-3" /><INIT seed="7,0,0,2,0,108" ten="329,199,290,182" oya="3" hai0="113,21,41,122,70,120,62,72,24,83,51,44,63" hai1="20,88,118,12,26,75,0,126,38,18,22,23,2" hai2="56,6,69,111,130,112,66,53,33,109,104,34,64" hai3="97,79,100,46,11,121,124,127,105,13,28,134,37"/><W86/><G121/><T25/><D25/><U84/><E38/><V67/><F104/><W76/><G28/><T92/><D92/><U14/><E75/><V132/><F6/><W110/><G110/><T35/><D35/><U17/><E118/><V102/><F102/><W85/><G46/><T19/><D113/><U128/><E126/><N who="3" m="48170" /><G37/><T91/><D122/><U15/><E128/><V47/><F34/><W101/><G101/><T3/><D3/><N who="1" m="1067" /><E88/><V57/><F33/><W135/><G13/><N who="1" m="5226" /><E84/><N who="3" m="32362" /><G11/><AGARI ba="0,0" hai="11,15,17,18,20,22,23,26" m="5226,1067" machi="11" ten="30,8000,1" yaku="35,5" doraHai="108" who="1" fromWho="3" sc="329,0,199,80,290,0,182,-80" owari="329,42.9,279,-12.1,290,9.0,102,-39.8" /></mjloggm>