<mjloggm ver="2.3"><GO type="41" lobby="0"/><UN n0="%67%61%72%75%63%69%61" n1="%6B%61%73%68%69%61" n2="%E2%93%9D%4C%75%63%6B%79%4A" n3="%6E%61%6B%6F%66%67%6D%70" dan="14,15,18,13" rate="1928.16,2012.98,2224.28,1930.57" sx="M,M,M,M"/><TAIKYOKU oya="0"/><INIT seed="0,0,0,5,2,9" ten="250,250,250,250" oya="0" hai0="46,68,104,27,80,7,86,96,127,17,11,77,74" hai1="26,43,99,112,134,10,47,32,71,83,39,0,31" hai2="24,51,21,6,76,49,23,116,3,101,22,66,30" hai3="130,64,132,50,14,34,69,115,120,88,78,48,129"/><T105/><D68/><U75/><E134/><V90/><F76/><W92/><G115/><T81/><D127/><U62/><E112/><V37/><F37/><W100/><G132/><T95/><D46/><U89/><E99/><V4/><F101/><W40/><G120/><T103/><D17/><U42/><E42/><V82/><F66/><W67/><G34/><T102/><D27/><U15/><E0/><V53/><F116/><W57/><G78/><N who="0" m="44119" /><D11/><U109/><E109/><V5/><F3/><W108/><G108/><T107/><D7/><U73/><E89/><AGARI ba="0,0" hai="77,81,86,89,95,96,102,103,104,105,107" m="44119" machi="89" ten="30,12000,1" yaku="35,5" doraHai="9" who="0" fromWho="1" sc="250,120,250,-120,250,0,250,0" /><INIT seed="0,1,0,2,0,133" ten="370,130,250,250" oya="0" hai0="38,9,72,2,120,55,8,45,57,111,123,82,101" hai1="87,49,36,108,132,86,58,4,52,99,25,69,65" hai2="44,59,118,127,46,43,106,77,89,11,116,90,79" hai3="34,30,47,60,83,37,10,56,42,5,126,84,113"/><T105/><D111/><U119/><E108/><V27/><F106/><W31/><G113/><T53/><D105/><U131/><E119/><V16/><F59/><W121/><G121/><T12/><D101/><U1/><E132/><V0/><F0/><W125/><G34/><T21/><D21/><U17/><E36/><V66/><F66/><N who="3" m="39175" /><G83/><T39/><D57/><U109/><E131/><V115/><F11/><W103/><G84/><T78/><D38/><U3/><E109/><V88/><F115/><W92/><G92/><T73/><D73/><U98/><E65/><V70/><F70/><W134/><G103/><T41/><D9/><U71/><E71/><V13/><F27/><W76/><G76/><N who="2" m="29257" /><F43/><W48/><G37/><T62/><D62/><U22/><E3/><V100/><F100/><W26/><G26/><T117/><D117/><N who="2" m="45162" /><F127/><N who="3" m="48651" /><G134/><T104/><D104/><U35/><E1/><AGARI ba="1,0" hai="1,5,10,30,31,42,47,48" m="48651,39175" machi="1" ten="30,7700,0" yaku="18,1,52,3" doraHai="133" who="3" fromWho="1" sc="370,0,130,-80,250,0,250,80" /><INIT seed="1,0,0,5,3,69" ten="370,50,250,330" oya="1" hai0="30,71,102,98,110,65,74,125,68,27,54,130,20" hai1="51,29,55,108,32,46,109,40,117,107,33,60,122" hai2="97,53,34,100,28,92,62,112,78,50,126,0,2" hai3="133,88,83,15,23,93,64,87,12,86,104,52,90"/><U111/><E117/><V48/><F112/><W43/><G133/><T105/><D110/><U24/><E107/><V91/><F78/><W19/><G104/><T132/><D74/><U57/><REACH who="1" step="1"/><E122/><REACH who="1" ten="370,40,250,330" step="2"/><V39/><F126/><W135/><G135/><T81/><D132/><U73/><E73/><V66/><F2/><W45/><G64/><T131/><D125/><U72/><E72/><V58/><F0/><W118/><G118/><T85/><D131/><U116/><E116/><V17/><F100/><W114/><G114/><T79/><D130/><U35/><AGARI ba="0,1" hai="24,29,32,33,35,40,46,51,55,57,60,108,109,111" machi="35" ten="40,12000,1" yaku="1,1,0,1,14,1,10,1,53,0" doraHai="69" doraHaiUra="63" who="1" fromWho="1" sc="370,-40,40,130,250,-40,330,-40" /><INIT seed="1,1,0,3,1,93" ten="330,170,210,290" oya="1" hai0="134,101,3,87,55,123,34,111,32,61,108,100,95" hai1="127,23,42,114,67,102,58,109,52,69,70,78,132" hai2="14,25,9,15,130,46,79,7,98,90,57,35,17" hai3="37,56,19,81,18,43,94,86,53,92,4,105,128"/><U112/><E78/><V129/><F46/><W13/><G105/><T47/><D3/><U76/><E76/><V49/><F49/><W96/><G128/><N who="2" m="49257" /><F57/><W38/><G38/><T60/><D134/><U83/><E83/><V118/><F79/><W62/><G37/><T88/><D123/><U22/><E132/><V125/><F90/><N who="3" m="51535" /><G43/><T115/><D115/><U99/><E42/><V36/><F36/><W1/><G1/><T104/><D61/><U107/><E127/><V8/><F98/><W122/><G92/><T41/><D41/><U26/><E109/><N who="0" m="42057" /><D104/><U124/><E23/><V121/><F121/><W30/><G30/><T40/><D40/><U119/><E119/><V110/><F110/><W75/><G75/><T50/><D60/><U117/><E117/><V39/><F39/><W91/><G122/><T133/><D133/><U82/><E82/><V12/><F118/><W11/><AGARI ba="1,0" hai="4,11,13,18,19,53,56,62,91,94,96" m="51535" machi="11" ten="30,2000,0" yaku="8,1,52,1" doraHai="93" who="3" fromWho="3" sc="330,-6,170,-11,210,-6,290,23" /><INIT seed="2,0,0,0,4,73" ten="324,159,204,313" oya="2" hai0="54,111,61,103,22,4,33,62,42,105,107,72,118" hai1="30,19,16,51,40,57,29,134,93,97,41,52,3" hai2="117,101,104,18,120,85,45,15,116,53,71,12,44" hai3="127,99,23,82,67,38,63,55,6,89,106,100,7"/><V130/><F120/><W132/><G38/><T14/><D33/><U68/><E134/><V133/><F71/><W96/><G132/><T17/><D111/><U13/><E3/><V48/><F133/><W36/><G36/><T79/><D42/><N who="1" m="16491" /><E68/><V125/><F125/><W102/><G127/><T112/><D112/><U21/><E19/><V110/><F130/><W20/><G55/><T128/><D128/><U91/><AGARI ba="0,0" hai="13,16,21,29,30,51,52,57,91,93,97" m="16491" machi="91" ten="30,4000,0" yaku="8,1,54,2" doraHai="73" who="1" fromWho="1" sc="324,-10,159,40,204,-20,313,-10" /><INIT seed="3,0,0,3,4,12" ten="314,199,184,303" oya="3" hai0="24,79,77,0,105,127,113,103,4,117,15,108,34" hai1="40,134,47,81,98,11,30,55,23,39,5,118,46" hai2="21,9,94,60,114,135,70,116,8,64,74,128,65" hai3="93,82,54,13,52,87,57,2,26,53,120,62,86"/><W91/><G120/><T3/><D117/><U20/><E134/><V104/><F104/><W44/><G2/><T107/><D108/><U72/><E118/><V22/><F116/><W35/><G35/><T56/><D127/><U90/><E98/><V37/><F37/><W27/><G44/><T101/><D56/><U7/><E7/><V85/><F74/><W16/><G26/><T102/><D113/><U25/><E23/><V100/><F128/><W76/><G27/><T119/><D119/><U31/><E47/><V129/><F135/><W66/><G66/><T84/><D15/><U50/><E39/><V95/><F100/><W69/><G69/><T122/><D122/><U17/><E40/><V32/><F32/><W48/><G48/><T97/><D84/><U51/><E51/><V112/><F85/><W83/><G83/><T130/><D130/><U61/><E61/><V121/><F129/><W28/><G28/><T68/><D68/><U123/><E123/><V1/><F121/><W88/><G91/><T59/><D59/><U49/><E49/><V111/><F70/><W126/><G126/><T133/><D133/><U33/><E33/><V19/><F60/><W6/><G6/><T106/><D97/><U43/><E43/><V29/><F29/><W96/><G96/><T63/><D63/><U125/><E125/><V58/><F58/><W67/><G67/><T45/><D45/><U41/><E41/><V73/><F65/><W18/><G13/><T10/><D0/><N who="1" m="423" /><E72/><V92/><F1/><W78/><G78/><N who="0" m="29707" /><D34/><U132/><E132/><V124/><F124/><RYUUKYOKU ba="0,0" sc="314,10,199,10,184,-30,303,10" hai0="3,4,10,24,101,102,103,105,106,107" hai1="17,20,25,30,31,46,50,55,81,90" hai3="16,18,52,53,54,57,62,76,82,86,87,88,93" /><INIT seed="3,1,0,1,2,97" ten="324,209,154,313" oya="3" hai0="5,80,128,19,6,75,109,79,62,17,13,126,107" hai1="10,56,106,69,57,52,117,110,8,20,77,119,74" hai2="101,71,28,68,59,124,30,9,60,78,93,48,104" hai3="12,14,129,37,32,35,1,133,98,21,118,131,39"/><W100/><G118/><N who="1" m="45066" /><E69/><V44/><F104/><W45/><G133/><T120/><D120/><U16/><E106/><V26/><F124/><W87/><G1/><T114/><D126/><U64/><E110/><V23/><F30/><W51/><G87/><T33/><D109/><U108/><E108/><V66/><F9/><W43/><G32/><T63/><D33/><U90/><E90/><V103/><F78/><W102/><G35/><T132/><D107/><U7/><E7/><V73/><F73/><W84/><G98/><T24/><D132/><U86/><E86/><V67/><F67/><W115/><G84/><T83/><D128/><N who="3" m="49225" /><G115/><T105/><D105/><U61/><E77/><V46/><F46/><W18/><G12/><T113/><D24/><N who="1" m="14343" /><E74/><V111/><F111/><W38/><AGARI ba="1,0" hai="14,18,21,37,38,39,43,45,51,100,102" m="49225" machi="38" ten="40,7800,0" yaku="19,1,52,2" doraHai="97" who="3" fromWho="3" sc="324,-27,209,-27,154,-27,313,81" /><INIT seed="3,2,0,1,4,110" ten="297,182,127,394" oya="3" hai0="6,61,13,104,130,53,65,133,40,120,35,69,84" hai1="0,113,128,121,89,98,3,125,97,49,20,102,88" hai2="1,54,2,115,34,124,85,132,95,67,119,10,30" hai3="15,50,91,4,52,112,103,21,118,58,117,135,107"/><W70/><G70/><T86/><D120/><U19/><E121/><V16/><F67/><W8/><G112/><T80/><D104/><U71/><E71/><V116/><F54/><W22/><G135/><T90/><D35/><U134/><E134/><V99/><F85/><W87/><G118/><N who="2" m="45097" /><F95/><W62/><G117/><T36/><D133/><U108/><E113/><V76/><F99/><W11/><G103/><T93/><D130/><U55/><E125/><V37/><F76/><W60/><G107/><T127/><D127/><U81/><E108/><V105/><F37/><W51/><G60/><T28/><D28/><U131/><E131/><V27/><F105/><W24/><G11/><T46/><D53/><U126/><E126/><V57/><F57/><W44/><G50/><T59/><D6/><U100/><E100/><V42/><F42/><N who="3" m="24983" /><G24/><T63/><D13/><U82/><E128/><V77/><F124/><W43/><G43/><T111/><D111/><U114/><E114/><V14/><F115/><W9/><G9/><T56/><D63/><U26/><E0/><N who="2" m="107" /><F77/><AGARI ba="2,0" hai="36,40,46,56,59,61,65,69,77,80,84,86,90,93" machi="77" ten="30,1000,0" yaku="7,1" doraHai="110" who="0" fromWho="2" sc="297,16,182,0,127,-16,394,0" /><INIT seed="4,0,0,5,0,32" ten="313,182,111,394" oya="0" hai0="111,102,10,71,119,124,130,99,7,121,86,90,54" hai1="117,88,30,19,46,47,15,75,41,64,21,78,101" hai2="62,68,28,95,106,24,115,55,2,80,103,91,16" hai3="37,118,0,67,35,74,22,113,114,72,61,6,44"/><T79/><D119/><U81/><E117/><V110/><F110/><W76/><G22/><T59/><D121/><U92/><E64/><V96/><F115/><N who="3" m="44043" /><G118/><T25/><D71/><U14/><E101/><V120/><F120/><W125/><G125/><T43/><D124/><U87/><E30/><V77/><F2/><W11/><G76/><T84/><D130/><U134/><E134/><V126/><F126/><W89/><G89/><T73/><D43/><U13/><REACH who="1" step="1"/><E46/><REACH who="1" ten="313,172,111,394" step="2"/><V33/><F103/><W50/><G44/><T29/><D111/><U100/><E100/><V36/><F28/><W63/><G67/><T26/><D29/><U18/><E18/><V40/><F16/><W58/><G35/><T57/><D102/><U8/><E8/><V133/><F33/><W34/><G34/><T1/><D10/><U70/><E70/><V23/><F68/><W112/><G112/><T104/><D104/><U116/><E116/><V31/><F106/><W127/><G127/><T109/><D109/><U49/><AGARI ba="0,1" hai="13,14,15,19,21,41,47,49,75,78,81,87,88,92" machi="49" ten="20,8000,1" yaku="1,1,0,1,7,1,54,1,53,1" doraHai="32" doraHaiUra="105" who="1" fromWho="1" sc="313,-40,172,90,111,-20,394,-20" /><INIT seed="5,0,0,0,4,25" ten="273,262,91,374" oya="1" hai0="131,32,91,14,124,55,118,90,24,100,60,84,99" hai1="116,43,35,66,50,103,83,47,41,117,67,93,71" hai2="27,89,115,86,59,7,125,119,22,57,88,76,36" hai3="44,58,9,101,2,4,133,81,85,114,104,6,54"/><U70/><E35/><V74/><F119/><N who="1" m="45641" /><E83/><V95/><F36/><W61/><G114/><T30/><D118/><U130/><E93/><V12/><F125/><W79/><G133/><T13/><D124/><U31/><E31/><V135/><F135/><W49/><G6/><T62/><D131/><U97/><E97/><V105/><F115/><W42/><G101/><T110/><D110/><U92/><E92/><V51/><F105/><W28/><G28/><T29/><D29/><U10/><E10/><V8/><F74/><W64/><REACH who="3" step="1"/><G104/><REACH who="3" ten="273,262,91,364" step="2"/><T18/><D100/><U48/><E103/><V108/><F108/><W17/><G17/><T107/><D107/><U3/><E130/><V45/><F89/><W134/><G134/><T20/><D91/><U129/><E129/><V40/><REACH who="2" step="1"/><F76/><REACH who="2" ten="273,262,81,364" step="2"/><W102/><G102/><T80/><D90/><U33/><E33/><V123/><F123/><W132/><G132/><T73/><D32/><U34/><E34/><V68/><F68/><W122/><G122/><T96/><D73/><U82/><E71/><V15/><F15/><W127/><G127/><T5/><D13/><U75/><E70/><V0/><F0/><W112/><G112/><T56/><D14/><U53/><E3/><V128/><F128/><W65/><AGARI ba="0,2" hai="2,4,9,42,44,49,54,58,61,64,65,79,81,85" machi="65" ten="30,2000,0" yaku="1,1,0,1,53,0" doraHai="25" doraHaiUra="19" who="3" fromWho="3" sc="273,-5,262,-10,81,-5,364,40" /><INIT seed="6,0,0,2,0,4" ten="268,252,76,404" oya="2" hai0="6,107,13,26,71,103,34,31,89,61,76,59,56" hai1="47,110,96,23,51,87,105,64,63,37,66,28,127" hai2="48,9,123,60,3,25,106,116,75,120,7,85,109" hai3="132,117,35,108,68,19,121,101,88,90,74,99,84"/><V70/><F116/><W36/><G35/><T58/><D76/><U130/><E37/><V128/><F75/><W65/><G19/><T33/><D33/><U0/><E0/><V52/><F106/><W38/><G65/><T5/><D89/><U39/><E39/><V126/><F126/><W53/><G53/><T43/><D43/><U112/><E112/><V42/><F128/><W10/><G10/><T104/><D104/><U129/><E87/><V72/><F72/><W86/><G68/><T12/><D12/><U125/><E23/><V41/><F109/><W91/><G38/><T124/><D124/><N who="1" m="47691" /><E28/><V46/><F25/><W97/><G36/><T1/><D1/><U78/><E78/><V114/><F114/><W21/><G21/><T54/><D13/><U93/><E105/><V27/><F27/><W118/><G108/><T80/><D80/><U40/><E110/><V134/><F134/><W92/><G121/><T83/><D83/><U81/><E81/><V22/><F22/><W24/><G24/><T30/><D30/><U18/><E18/><V100/><F100/><N who="3" m="60455" /><G132/><T32/><D32/><U49/><E49/><V119/><F119/><N who="3" m="45579" /><G74/><T98/><D54/><U73/><E73/><V113/><F113/><W131/><G131/><N who="1" m="50186" /><E63/><V45/><F42/><W15/><G15/><T94/><REACH who="0" step="1"/><D94/><AGARI ba="0,0" hai="84,86,88,90,91,94,99,101" m="45579,60455" machi="94" ten="30,3900,0" yaku="34,2,54,1" doraHai="4" who="3" fromWho="0" sc="268,-39,252,0,76,0,404,39" /><INIT seed="7,0,0,1,0,25" ten="229,252,76,443" oya="3" hai0="75,102,36,16,10,43,133,73,15,5,96,130,120" hai1="61,32,47,99,97,42,80,125,93,86,45,82,122" hai2="40,6,56,39,71,74,117,44,100,67,63,66,95" hai3="123,112,54,35,101,26,127,105,92,70,2,113,4"/><W19/><G123/><T110/><D120/><U38/><E122/><V118/><F6/><W20/><G105/><T1/><D110/><U8/><E125/><V34/><F34/><W77/><G70/><T0/><D130/><U64/><E32/><V134/><F74/><W111/><G111/><T131/><D131/><U41/><E8/><V22/><F100/><W135/><G135/><T53/><D133/><U69/><E86/><V13/><F95/><W116/><G35/><T30/><D0/><U24/><E24/><V33/><F33/><W68/><G68/><T91/><D91/><U81/><REACH who="1" step="1"/><E93/><REACH who="1" ten="229,242,76,443" step="2"/><V78/><F134/><W119/><G127/><T27/><D73/><U126/><E126/><V85/><F85/><W114/><G92/><T62/><D75/><U31/><E31/><V129/><F129/><W106/><G112/><T21/><D36/><AGARI ba="0,1" hai="36,38,41,42,45,47,61,64,69,80,81,82,97,99" machi="36" ten="40,5200,0" yaku="1,1,9,1,53,1" doraHai="25" doraHaiUra="58" who="1" fromWho="0" sc="229,-52,242,62,76,0,443,0" owari="177,-22.3,304,10.4,76,-42.4,443,54.3" /></mjloggm>