<mjloggm ver="2.3"><GO type="41" lobby="0"/><UN n0="%34%30%E4%BB%A3%E6%B4%BE%E9%81%A3%E7%8B%AC%E8%BA%AB" n1="%E2%93%9D%4C%75%63%6B%79%4A" n2="%E5%B0%91%E4%BA%95%E9%9A%86%E6%99%B4" n3="%E7%A9%BA%E6%B4%9E%E4%B8%B8" dan="13,13,15,13" rate="1845.50,1978.65,2026.91,1840.85" sx="M,M,M,M"/><TAIKYOKU oya="0"/><INIT seed="0,0,0,4,5,75" ten="250,250,250,250" oya="0" hai0="126,66,65,39,78,123,135,2,106,77,6,95,108" hai1="92,42,30,63,49,14,4,1,103,102,73,100,60" hai2="51,111,121,124,94,113,99,55,15,61,79,7,129" hai3="98,45,72,25,71,20,67,114,80,133,35,109,82"/><T40/><D123/><U97/><E1/><V90/><F121/><W52/><G72/><T105/><D39/><U46/><E73/><V56/><F111/><W24/><G114/><T76/><D40/><U127/><E127/><V86/><F129/><W74/><G74/><T18/><D126/><U57/><E63/><V119/><F124/><W50/><G133/><T33/><D33/><U125/><E125/><V112/><F119/><W118/><G109/><T0/><D95/><U27/><E14/><V53/><F7/><W81/><G98/><T83/><D83/><U87/><E4/><V89/><F15/><W9/><G9/><T44/><D44/><U43/><E43/><V22/><F22/><W117/><G35/><T101/><D101/><U16/><E87/><V62/><F112/><W34/><G34/><T116/><D116/><U17/><E30/><V130/><F130/><W12/><G12/><T131/><D18/><N who="1" m="7275" /><E27/><V13/><F13/><W37/><G37/><T59/><D131/><U11/><E11/><V31/><F31/><W19/><REACH who="3" step="1"/><G25/><REACH who="3" ten="250,250,250,240" step="2"/><T3/><D135/><U5/><E5/><V91/><F113/><W134/><G134/><T110/><D6/><U48/><E49/><V10/><F10/><W85/><G85/><T68/><D68/><U96/><E97/><V41/><F62/><AGARI ba="0,1" hai="19,20,24,45,50,52,62,67,71,80,81,82,117,118" machi="62" ten="40,2600,0" yaku="1,1,54,1,53,0" doraHai="75" doraHaiUra="128" who="3" fromWho="2" sc="250,0,250,0,250,-26,240,36" /><INIT seed="1,0,0,0,3,52" ten="250,250,224,276" oya="1" hai0="3,60,5,12,29,111,63,1,2,116,74,24,9" hai1="101,4,107,92,65,123,32,77,90,102,61,51,130" hai2="82,22,10,57,113,115,73,59,88,76,54,72,55" hai3="126,94,35,89,99,46,31,14,109,7,28,69,56"/><U30/><E123/><V103/><F103/><W62/><G35/><T40/><D74/><U104/><E4/><V36/><F36/><W68/><G109/><T67/><D116/><U95/><E51/><V20/><F10/><N who="3" m="4447" /><G69/><T34/><D40/><U42/><E42/><V33/><F33/><W0/><G0/><T21/><D63/><U47/><E47/><V98/><F98/><W114/><G68/><T131/><D60/><U45/><E45/><V25/><F25/><W87/><G126/><T43/><D67/><U129/><E30/><N who="3" m="11306" /><G114/><T50/><D43/><U108/><E32/><V64/><F64/><N who="3" m="38983" /><G46/><T8/><D50/><U53/><E61/><V134/><F134/><W11/><G11/><N who="0" m="4207" /><D111/><U27/><E65/><V112/><F73/><W70/><G70/><T79/><D79/><U75/><E77/><V37/><F37/><W39/><G39/><T106/><D106/><U122/><E108/><V66/><F66/><W118/><G118/><T17/><D131/><U97/><E75/><V120/><F120/><W41/><G41/><T78/><D78/><U91/><E122/><V23/><F55/><W81/><G99/><T105/><D105/><N who="1" m="40523" /><E53/><V84/><REACH who="2" step="1"/><F54/><REACH who="2" ten="250,250,214,276" step="2"/><W18/><G18/><T71/><D71/><U38/><E38/><V19/><F19/><W16/><G16/><T132/><D17/><U93/><E27/><V15/><F15/><W80/><AGARI ba="0,1" hai="80,81,87,89,94" m="38983,11306,4447" machi="80" ten="30,2000,0" yaku="8,1,52,1" doraHai="52" who="3" fromWho="3" sc="250,-5,250,-10,214,-5,276,30" /><INIT seed="2,0,0,1,3,36" ten="245,240,209,306" oya="2" hai0="85,103,13,119,130,75,87,72,98,110,29,37,32" hai1="9,115,70,41,31,28,73,78,22,46,16,122,1" hai2="33,93,69,118,49,5,54,0,57,21,15,47,97" hai3="71,4,66,76,18,56,84,91,35,134,27,12,64"/><V83/><F69/><W135/><G71/><T39/><D119/><U24/><E115/><V65/><F33/><W124/><G76/><T88/><D87/><U7/><E122/><V100/><F0/><W109/><G109/><T68/><D68/><U30/><E70/><V6/><F118/><W58/><G124/><T96/><D96/><U125/><E125/><V53/><F65/><N who="3" m="25195" /><G35/><T113/><D110/><U90/><E90/><V45/><F83/><W44/><G44/><T10/><D113/><U127/><E127/><V92/><F93/><W121/><G27/><T107/><D32/><U80/><REACH who="1" step="1"/><E31/><REACH who="1" ten="245,230,209,306" step="2"/><V50/><F57/><W42/><G91/><T60/><D29/><U11/><E11/><V59/><F59/><W104/><G58/><T94/><D60/><U123/><E123/><V89/><F89/><W116/><G56/><T129/><D72/><U25/><E25/><V77/><F77/><W128/><G121/><T19/><REACH who="0" step="1"/><D75/><REACH who="0" ten="235,230,209,306" step="2"/><U114/><E114/><V82/><REACH who="2" step="1"/><F82/><REACH who="2" ten="235,230,199,306" step="2"/><W132/><G116/><T67/><D67/><U52/><E52/><V111/><F111/><W126/><G126/><T81/><D81/><U3/><E3/><V40/><F40/><W112/><G42/><T131/><AGARI ba="0,3" hai="10,13,19,37,39,85,88,94,98,103,107,129,130,131" machi="131" ten="30,7900,0" yaku="1,1,0,1,19,1,54,1,53,0" doraHai="36" doraHaiUra="20" who="0" fromWho="0" sc="235,109,230,-20,199,-39,306,-20" /><INIT seed="3,0,0,4,3,33" ten="344,210,160,286" oya="3" hai0="89,70,132,8,86,37,42,69,29,19,123,28,82" hai1="50,20,30,45,104,74,46,51,40,129,110,119,62" hai2="92,10,111,131,68,80,116,85,96,79,41,101,87" hai3="114,35,77,95,7,133,109,67,126,22,31,71,55"/><W1/><G114/><T15/><D123/><U72/><E104/><N who="2" m="63527" /><F68/><W121/><G35/><T44/><D132/><U100/><E100/><V0/><F41/><W27/><G121/><T134/><D134/><U36/><E110/><V38/><F38/><W99/><G77/><T83/><D69/><U64/><E129/><V124/><F10/><W75/><G75/><T18/><D70/><U13/><E119/><V5/><F5/><W34/><G55/><T125/><D125/><U57/><E36/><V24/><F24/><W26/><G126/><T32/><D32/><U16/><REACH who="1" step="1"/><E30/><REACH who="1" ten="344,200,160,286" step="2"/><V105/><F124/><W98/><G109/><T43/><D29/><U39/><E39/><V6/><F105/><W81/><G31/><T23/><D28/><U14/><E14/><V17/><F111/><W122/><G133/><T113/><D113/><U61/><E61/><V54/><F131/><W48/><G122/><T59/><D37/><U84/><E84/><V94/><F116/><W112/><G112/><T130/><D130/><U118/><E118/><V115/><F87/><W4/><G34/><T127/><D127/><U88/><E88/><V102/><F102/><W58/><G99/><T78/><D89/><U107/><E107/><V52/><F115/><W117/><G98/><T93/><D86/><U66/><E66/><V53/><F85/><W11/><G67/><T120/><D120/><U2/><E2/><V56/><F0/><W73/><G1/><T25/><D78/><U76/><E76/><V108/><F79/><W49/><G117/><T21/><D15/><U63/><E63/><RYUUKYOKU ba="0,1" sc="344,-10,200,30,160,-10,286,-10" hai1="13,16,20,40,45,46,50,51,57,62,64,72,74" /><INIT seed="4,1,1,2,3,78" ten="334,230,150,276" oya="0" hai0="108,23,103,130,5,20,10,21,41,134,127,8,79" hai1="81,89,14,102,65,114,91,107,75,88,125,109,84" hai2="26,113,101,16,11,92,1,82,43,34,122,133,13" hai3="123,128,70,95,37,85,105,58,18,4,44,112,124"/><T59/><D134/><U50/><E109/><V38/><F122/><W2/><G105/><T69/><D69/><U118/><E118/><V68/><F68/><W27/><G70/><T72/><D41/><U71/><E125/><V45/><F113/><W61/><G123/><T6/><D103/><U56/><E75/><V97/><F1/><W28/><G18/><T129/><D127/><U116/><E116/><V35/><F133/><W115/><G2/><T126/><D126/><U29/><E29/><V104/><F104/><W83/><G4/><N who="0" m="1643" /><D59/><U53/><E114/><V67/><F67/><W55/><G95/><T76/><D108/><U33/><E33/><V87/><REACH who="2" step="1"/><F26/><REACH who="2" ten="334,230,140,276" step="2"/><W39/><G124/><T0/><D0/><U121/><E121/><V52/><F52/><W36/><G115/><T117/><D117/><U98/><REACH who="1" step="1"/><E14/><REACH who="1" ten="334,220,140,276" step="2"/><V135/><F135/><W99/><G112/><T93/><D72/><U46/><E46/><V40/><F40/><W57/><G44/><T15/><D15/><U90/><E90/><AGARI ba="1,3" hai="11,13,16,34,35,38,43,45,82,87,90,92,97,101" machi="90" ten="30,12000,2" yaku="1,1,7,1,52,1,54,1,53,2" doraHai="78" doraHaiUra="31" who="2" fromWho="1" sc="334,0,220,-123,140,153,276,0" /><INIT seed="5,0,0,2,1,48" ten="334,97,293,276" oya="1" hai0="2,132,127,70,50,32,34,126,81,57,40,52,110" hai1="17,124,121,73,84,23,125,13,117,85,130,26,6" hai2="101,122,67,71,46,9,91,89,1,60,108,3,0" hai3="128,62,29,99,83,78,133,25,18,54,55,24,15"/><U116/><E73/><V63/><F122/><W4/><G133/><T111/><D132/><U37/><E37/><V56/><F108/><W118/><G4/><T92/><D70/><U20/><E85/><V33/><F33/><W66/><G99/><T134/><D2/><U104/><E104/><V44/><F101/><W64/><G128/><T120/><D134/><U75/><E75/><V79/><F79/><W123/><G118/><N who="1" m="45674" /><E84/><V12/><F91/><W131/><G131/><T114/><D81/><U47/><E47/><V88/><F46/><W77/><G29/><T98/><D120/><U22/><E121/><V95/><F44/><W82/><G82/><T43/><D110/><U102/><E102/><V65/><REACH who="2" step="1"/><F95/><REACH who="2" ten="334,97,283,276" step="2"/><W38/><G123/><T45/><D111/><U69/><E130/><V41/><F41/><W105/><G78/><T119/><D119/><U109/><E109/><V58/><F58/><W21/><G77/><T14/><D40/><U27/><E69/><V7/><AGARI ba="0,1" hai="0,1,3,7,9,12,56,60,63,65,67,71,88,89" machi="7" ten="30,4000,0" yaku="1,1,0,1,54,1,53,0" doraHai="48" doraHaiUra="51" who="2" fromWho="2" sc="334,-10,97,-20,283,50,276,-10" /><INIT seed="6,0,0,5,4,12" ten="324,77,333,266" oya="2" hai0="81,127,72,35,83,99,38,135,63,84,111,49,73" hai1="116,90,89,20,40,105,95,56,5,4,67,46,101" hai2="97,119,52,54,11,18,31,109,86,27,108,64,6" hai3="0,85,57,69,61,8,32,87,114,123,112,78,126"/><V19/><F119/><W28/><G69/><T62/><D35/><U128/><E105/><V71/><F97/><W100/><G123/><T96/><D38/><U132/><E132/><V55/><F86/><W44/><G78/><T37/><D37/><U76/><E128/><V34/><F64/><W122/><G100/><T22/><D135/><U68/><E68/><V3/><F71/><W59/><G44/><T92/><D127/><U129/><E129/><V118/><F118/><W107/><G107/><T65/><D111/><AGARI ba="0,0" hai="3,6,11,18,19,27,31,34,52,54,55,108,109,111" machi="111" ten="40,12000,1" yaku="10,1,52,2,54,1" doraHai="12" who="2" fromWho="0" sc="324,-120,77,0,333,120,266,0" /><INIT seed="6,1,0,5,5,76" ten="204,77,453,266" oya="2" hai0="15,4,90,43,108,55,40,53,68,103,8,5,104" hai1="80,33,51,12,21,109,106,59,66,118,6,27,17" hai2="129,38,32,107,122,29,30,39,113,125,28,84,82" hai3="36,83,52,49,123,65,2,133,115,131,95,127,11"/><V135/><F122/><W67/><G123/><T101/><D104/><U70/><E109/><V9/><F113/><W19/><G36/><T99/><D68/><U0/><E106/><V1/><F107/><W69/><G133/><T89/><D4/><U13/><E70/><V23/><F135/><W57/><G131/><T45/><D108/><U34/><E66/><V111/><F111/><W114/><G127/><T116/><D116/><U74/><E59/><V35/><F129/><W71/><G95/><N who="0" m="58623" /><D103/><U105/><E51/><V119/><F119/><W79/><G69/><T124/><D124/><U128/><E105/><V62/><F62/><W100/><G100/><T134/><D134/><U22/><E74/><V77/><F23/><W42/><G42/><N who="0" m="15915" /><D45/><U50/><E50/><V64/><F64/><W126/><G126/><T16/><D5/><U7/><E128/><V47/><F47/><W60/><G67/><T20/><D20/><U78/><E118/><V91/><F125/><W56/><G71/><T61/><D61/><U110/><E110/><V41/><F41/><W97/><G97/><T44/><D44/><U94/><E7/><V132/><F132/><W24/><G2/><T63/><D63/><U18/><E0/><V92/><F1/><W37/><G37/><N who="2" m="13833" /><F9/><W31/><G115/><T26/><D26/><U112/><E112/><V81/><F35/><N who="3" m="20967" /><G114/><T88/><AGARI ba="1,0" hai="8,15,16,53,55,88,89,90" m="15915,58623" machi="88" ten="30,4000,0" yaku="8,1,54,2" doraHai="76" who="0" fromWho="0" sc="204,43,77,-11,453,-21,266,-11" /><INIT seed="7,0,0,4,3,125" ten="247,66,432,255" oya="3" hai0="121,94,96,3,83,115,14,93,9,46,4,73,2" hai1="49,69,55,133,58,54,118,103,53,113,25,28,13" hai2="50,31,114,20,124,57,85,110,30,62,131,11,100" hai3="130,91,56,44,7,23,61,64,65,88,105,78,97"/><W36/><G78/><T40/><D121/><U35/><E113/><V60/><F110/><W112/><G112/><T129/><D129/><U43/><E133/><V106/><F131/><W38/><G65/><T33/><D33/><U70/><E103/><V122/><F114/><W89/><G130/><T132/><D132/><U75/><E75/><V52/><F122/><W42/><G7/><T24/><D24/><U127/><E35/><V16/><F106/><W68/><G23/><T102/><D94/><U32/><E32/><V99/><F85/><W108/><G108/><T87/><D73/><U120/><E25/><V72/><F72/><W126/><G126/><T26/><D26/><U81/><E81/><V45/><F11/><W6/><G6/><T21/><D21/><U12/><E28/><V29/><F124/><W71/><REACH who="3" step="1"/><G38/><REACH who="3" ten="247,66,432,245" step="2"/><T90/><D115/><U79/><E79/><V0/><F0/><W119/><G119/><T51/><AGARI ba="0,1" hai="2,3,4,9,14,40,46,51,83,87,90,93,96,102" machi="51" ten="20,1500,0" yaku="0,1,7,1" doraHai="125" who="0" fromWho="0" sc="247,25,66,-4,432,-4,245,-7" owari="272,7.2,62,-43.8,428,52.8,238,-16.2" /></mjloggm>