<mjloggm ver="2.3"><GO type="41" lobby="0"/><UN n0="%39%39%36%2E%49%43%55" n1="%E2%93%9D%4C%75%63%6B%79%4A" n2="%E5%9F%8E%E5%8F%A3" n3="%70%69%6B%61%6E%79%61%6E" dan="13,17,14,13" rate="1832.12,2175.28,1911.12,1904.22" sx="F,M,M,F"/><TAIKYOKU oya="0"/><INIT seed="0,0,0,2,4,51" ten="250,250,250,250" oya="0" hai0="5,61,45,38,55,10,59,114,99,67,72,94,88" hai1="64,131,74,20,1,112,80,96,101,97,85,21,120" hai2="30,106,135,122,23,35,76,128,77,83,70,29,104" hai3="26,39,66,102,3,90,6,95,89,18,126,48,84"/><T8/><D72/><U11/><E120/><V22/><F122/><W123/><G39/><T110/><D110/><U63/><E74/><V91/><F70/><W107/><G123/><T13/><D114/><U58/><E112/><V125/><F125/><W43/><G126/><T46/><D38/><U36/><E97/><V25/><F128/><W28/><G90/><T82/><D82/><U0/><E36/><V2/><F2/><W108/><G108/><T53/><D10/><U50/><E131/><V9/><F135/><W68/><G18/><T71/><REACH who="0" step="1"/><D55/><REACH who="0" ten="240,250,250,250" step="2"/><U17/><E11/><V57/><F83/><W98/><G43/><T127/><D127/><U105/><E50/><AGARI ba="0,1" hai="5,8,13,45,46,50,53,59,61,67,71,88,94,99" machi="50" ten="30,12000,1" yaku="1,1,7,1,52,1,54,1,53,1" doraHai="51" doraHaiUra="86" who="0" fromWho="1" sc="240,130,250,-120,250,0,250,0" /><INIT seed="0,1,0,3,5,130" ten="370,130,250,250" oya="0" hai0="124,103,54,83,64,69,16,129,10,91,26,27,48" hai1="5,4,100,42,67,77,88,56,24,125,70,135,11" hai2="65,102,68,110,72,59,44,38,133,89,33,23,87" hai3="39,107,60,51,74,6,127,96,112,121,113,61,82"/><T41/><D129/><U0/><E100/><V97/><F72/><W71/><G127/><T101/><D124/><U47/><E125/><V111/><F33/><W34/><G51/><T31/><D41/><U116/><E5/><V73/><F73/><W58/><G61/><T93/><D64/><U20/><E77/><V14/><F68/><W115/><G58/><N who="0" m="33095" /><D69/><U84/><E116/><V123/><F123/><W105/><G121/><T85/><D31/><U62/><E70/><V132/><F65/><N who="3" m="41383" /><G96/><N who="0" m="57407" /><D27/><U30/><E42/><N who="2" m="22615" /><F59/><W13/><G13/><N who="0" m="7223" /><D26/><U19/><E47/><V12/><F12/><W86/><G39/><T104/><D104/><U25/><E25/><V32/><F14/><W52/><G52/><T114/><D114/><U109/><E30/><V29/><F29/><W76/><G86/><T43/><D43/><U8/><E67/><V75/><F75/><W9/><G34/><T1/><D1/><U50/><E0/><V63/><F32/><W79/><G107/><T55/><D55/><U122/><E122/><V35/><F35/><W94/><G105/><T128/><D128/><U90/><E62/><V28/><F63/><W45/><G113/><T95/><D95/><U7/><E24/><V46/><F28/><W119/><G94/><T118/><D118/><U92/><E92/><N who="2" m="58663" /><F23/><W57/><G119/><T131/><D131/><U80/><E20/><V36/><F36/><W108/><G115/><T66/><D66/><U18/><E50/><V99/><F99/><W120/><G120/><T78/><AGARI ba="1,0" hai="78,83,85,101,103" m="7223,57407,33095" machi="78" ten="30,3000,0" yaku="8,1,54,1" doraHai="130" who="0" fromWho="0" sc="370,33,130,-11,250,-11,250,-11" /><INIT seed="0,2,0,5,4,4" ten="403,119,239,239" oya="0" hai0="14,59,96,22,54,89,99,77,117,101,15,104,19" hai1="123,79,114,93,116,73,100,53,25,97,44,109,133" hai2="27,91,7,132,94,63,129,13,43,38,16,70,57" hai3="72,130,33,108,84,8,87,92,113,68,135,78,125"/><T46/><D117/><U34/><E116/><V0/><F70/><W28/><G68/><T61/><D77/><U88/><E123/><V45/><F132/><W105/><G113/><T107/><D46/><U49/><E109/><V102/><F129/><W120/><G135/><T2/><D2/><U5/><E133/><V81/><F27/><W75/><G105/><T35/><D35/><U85/><E114/><V50/><F38/><W37/><G130/><T103/><REACH who="0" step="1"/><D89/><REACH who="0" ten="393,119,239,239" step="2"/><U64/><E79/><V21/><F0/><W17/><G78/><T6/><D6/><U1/><E5/><V76/><F7/><W51/><G120/><T12/><AGARI ba="2,1" hai="12,14,15,19,22,54,59,61,96,99,101,103,104,107" machi="12" ten="20,7800,0" yaku="1,1,0,1,7,1,9,1,53,0" doraHai="4" doraHaiUra="90" who="0" fromWho="0" sc="393,94,119,-28,239,-28,239,-28" /><INIT seed="0,3,0,2,5,104" ten="487,91,211,211" oya="0" hai0="52,11,124,35,62,121,114,59,108,93,116,45,123" hai1="73,67,9,44,17,71,130,37,133,105,10,5,20" hai2="120,57,125,107,119,13,53,84,19,22,86,109,69" hai3="18,89,16,34,68,79,4,118,50,88,0,7,132"/><T131/><D116/><U127/><E105/><V128/><F120/><W14/><G68/><T61/><D114/><U90/><E127/><V81/><F69/><W51/><G34/><T126/><D35/><U83/><E130/><V74/><F107/><W1/><G79/><T49/><D131/><U66/><E10/><V24/><F128/><W75/><G14/><T98/><D11/><U110/><E110/><V101/><F101/><W117/><G132/><T97/><D108/><U47/><E37/><V28/><F109/><W3/><G3/><T58/><D97/><U36/><E36/><V92/><F125/><N who="0" m="48234" /><D93/><U112/><E112/><V40/><F119/><W129/><G129/><T87/><D87/><U48/><E133/><V25/><F74/><AGARI ba="3,0" hai="0,1,4,7,16,18,50,51,74,75,88,89,117,118" machi="74" ten="25,12000,2" yaku="22,2,52,2,54,2" doraHai="104" who="3" fromWho="2" sc="487,0,91,0,211,-129,211,129" /><INIT seed="1,0,0,3,2,117" ten="487,91,82,340" oya="1" hai0="92,107,8,122,101,98,48,129,108,2,56,126,46" hai1="34,38,116,96,29,23,49,106,131,30,79,104,87" hai2="21,14,33,58,134,63,94,74,11,90,76,25,72" hai3="15,105,60,91,13,70,135,26,1,127,64,121,42"/><U75/><E116/><V5/><F33/><W83/><G1/><T81/><D108/><U31/><E38/><V61/><F134/><W51/><G135/><T44/><D129/><U128/><E34/><V69/><F76/><W10/><G105/><T59/><D126/><U114/><E114/><V32/><F32/><W28/><G127/><T53/><D122/><U20/><E49/><V88/><F69/><W112/><G112/><T45/><D81/><U41/><E41/><V16/><F63/><W36/><G36/><T17/><D107/><N who="1" m="41003" /><E96/><V52/><F90/><W115/><G121/><T47/><D2/><U80/><E75/><V77/><F77/><W4/><G115/><T62/><D62/><U113/><E113/><V12/><F12/><AGARI ba="0,0" hai="8,12,17,44,45,46,47,48,53,56,59,92,98,101" machi="12" ten="40,1300,0" yaku="8,1" doraHai="117" who="0" fromWho="2" sc="487,13,91,0,82,-13,340,0" /><INIT seed="2,0,0,4,5,45" ten="500,91,69,340" oya="2" hai0="38,10,106,64,115,109,112,19,101,18,132,85,53" hai1="11,82,58,74,113,22,84,94,56,93,55,131,48" hai2="110,118,16,12,32,75,71,40,116,51,5,134,57" hai3="70,120,80,126,97,65,52,33,0,135,72,77,21"/><V103/><F71/><W105/><G126/><T54/><D38/><U99/><E113/><V44/><F32/><W81/><G135/><T13/><D109/><U91/><E131/><V122/><F122/><W127/><G127/><T79/><D132/><U42/><E74/><V28/><F134/><W121/><G0/><T39/><D39/><U107/><E107/><V104/><F75/><W92/><G80/><T14/><D64/><U37/><E37/><V1/><F110/><W96/><G33/><T125/><D125/><U128/><E128/><V49/><F28/><W66/><G96/><T30/><D30/><U95/><E42/><V89/><F89/><W133/><G105/><T114/><D101/><U102/><E11/><V119/><F1/><W76/><G76/><T4/><D106/><U46/><E95/><V2/><F2/><W78/><G77/><T6/><D79/><U63/><E22/><V36/><F5/><W87/><G72/><T29/><D85/><U59/><REACH who="1" step="1"/><E94/><REACH who="1" ten="500,81,69,340" step="2"/><V68/><F104/><W123/><G21/><T129/><D129/><U43/><AGARI ba="0,1" hai="43,46,48,55,56,58,59,63,82,84,91,93,99,102" machi="43" ten="20,12000,2" yaku="1,1,2,1,0,1,7,1,8,1,52,1,53,0" doraHai="45" doraHaiUra="111" who="1" fromWho="1" sc="500,-30,81,130,69,-60,340,-30" /><INIT seed="3,0,0,5,3,3" ten="470,211,9,310" oya="3" hai0="59,41,7,107,80,98,24,70,121,109,6,64,68" hai1="56,43,52,65,123,93,87,54,111,101,61,58,62" hai2="77,29,116,119,104,99,94,18,66,0,105,21,49" hai3="47,76,130,63,28,132,32,44,127,128,92,17,118"/><W25/><G118/><T46/><D121/><U35/><E35/><V114/><F114/><W120/><G120/><T60/><D109/><U20/><E123/><V74/><F0/><W11/><G127/><T96/><D80/><U113/><E113/><V55/><F29/><W5/><G132/><T102/><D96/><U48/><E111/><V30/><F30/><W125/><G125/><T83/><D83/><U90/><E101/><V78/><F66/><W135/><G135/><T82/><D82/><U8/><E8/><V27/><F74/><W122/><G76/><T37/><REACH who="0" step="1"/><D24/><REACH who="0" ten="460,211,9,310" step="2"/><U129/><E129/><V79/><F116/><W26/><G122/><T15/><D15/><U112/><E112/><V9/><F119/><W110/><G110/><T133/><D133/><U108/><E108/><V131/><F131/><W23/><G128/><T103/><D103/><U12/><E12/><N who="2" m="7439" /><F105/><W71/><G130/><T14/><D14/><U86/><E87/><V88/><F104/><W57/><G92/><T75/><D75/><U100/><E100/><V2/><F2/><W42/><G26/><T72/><D72/><U1/><E1/><V97/><F97/><W39/><G25/><T124/><D124/><U126/><E126/><V69/><F69/><AGARI ba="0,1" hai="6,7,37,41,46,59,60,64,68,69,70,98,102,107" machi="69" ten="40,5200,0" yaku="1,1,52,2,53,0" doraHai="3" doraHaiUra="45" who="0" fromWho="2" sc="460,62,211,0,9,-52,310,0" owari="522,62.2,211,-18.9,-43,-54.3,310,11.0" /></mjloggm>