<mjloggm ver="2.3"><GO type="41" lobby="0"/><UN n0="%E2%93%9D%4C%75%63%6B%79%4A" n1="%E6%B8%A9%E6%B3%89%E3%81%A7%E3%82%86%E3%81%A3%E3%81%8F%E3%82%8A" n2="%E3%82%B0%E3%83%87%E3%82%AD" n3="%61%6C%69%63%65%37" dan="16,15,14,15" rate="2153.35,1983.92,1946.26,1948.95" sx="M,M,M,M"/><TAIKYOKU oya="0"/><INIT seed="0,0,0,5,4,116" ten="250,250,250,250" oya="0" hai0="28,77,108,66,100,27,59,54,96,120,21,7,3" hai1="78,134,127,76,49,55,24,81,0,52,19,83,87" hai2="12,128,121,50,18,70,90,82,61,117,110,68,72" hai3="107,84,109,46,130,97,31,63,43,57,69,62,16"/><T123/><D77/><U42/><E0/><V2/><F110/><W23/><G109/><T74/><D108/><U86/><E134/><V103/><F2/><W71/><G130/><T80/><D66/><U30/><E127/><V89/><F128/><W60/><G31/><T1/><D74/><U129/><E129/><V6/><F117/><W29/><G29/><T102/><D80/><U132/><E132/><V67/><F103/><W111/><G111/><T56/><D102/><U51/><E19/><V15/><F70/><W105/><G57/><T32/><D59/><U94/><E94/><V33/><F33/><W47/><G84/><T124/><D124/><U126/><E126/><V88/><F50/><W65/><G47/><T26/><D27/><U4/><E4/><V73/><F82/><W131/><G131/><T40/><D40/><U9/><E9/><V38/><F38/><W95/><G71/><T45/><D45/><U118/><E118/><V122/><F6/><W93/><G93/><T48/><D32/><U135/><E135/><V25/><F25/><W104/><G46/><T10/><REACH who="0" step="1"/><D3/><REACH who="0" ten="240,250,250,250" step="2"/><U35/><E42/><V17/><F73/><W91/><REACH who="3" step="1"/><G43/><REACH who="3" ten="240,250,250,240" step="2"/><T13/><D13/><AGARI ba="0,2" hai="13,16,23,60,62,63,65,69,91,95,97,104,105,107" machi="13" ten="40,5200,0" yaku="1,1,2,1,54,1,53,0" doraHai="116" doraHaiUra="119" who="3" fromWho="0" sc="240,-52,250,0,250,0,240,72" /><INIT seed="1,0,0,4,3,101" ten="188,250,250,312" oya="1" hai0="95,94,73,116,15,51,33,103,109,2,131,68,44" hai1="119,108,60,47,99,87,64,30,70,40,35,65,8" hai2="21,22,93,16,71,78,74,29,128,24,50,133,134" hai3="11,37,26,57,81,89,20,82,130,104,91,77,83"/><U58/><E119/><V38/><F38/><W28/><G37/><T124/><D2/><U110/><E8/><V66/><F128/><W55/><G130/><T84/><D68/><U112/><E112/><V67/><F74/><W92/><G104/><T90/><D33/><U107/><E87/><V120/><F78/><W23/><G11/><T34/><D124/><U86/><E86/><V114/><F120/><W31/><G91/><T27/><D109/><N who="1" m="42091" /><E58/><V97/><F114/><W125/><G125/><T5/><D73/><U39/><E65/><V48/><F71/><W85/><G23/><T13/><D116/><U135/><E135/><N who="2" m="51723" /><F67/><W126/><G126/><T69/><D69/><U100/><E30/><V62/><F62/><W88/><G31/><T56/><D131/><U102/><E102/><N who="2" m="60719" /><F66/><W75/><REACH who="3" step="1"/><G89/><REACH who="3" ten="188,250,250,302" step="2"/><T80/><D90/><U132/><E132/><V46/><F46/><W9/><G9/><T115/><D115/><U32/><AGARI ba="0,1" hai="32,35,39,40,47,60,64,70,99,100,107" m="42091" machi="32" ten="30,11700,0" yaku="14,1,10,1,23,1,52,1" doraHai="101" who="1" fromWho="1" sc="188,-39,250,127,250,-39,302,-39" /><INIT seed="1,1,0,1,2,129" ten="149,377,211,263" oya="1" hai0="116,1,13,115,117,132,46,114,119,15,125,123,77" hai1="74,75,41,88,80,61,5,63,108,21,25,30,109" hai2="33,72,23,34,26,2,51,27,12,98,62,85,44" hai3="54,31,58,94,96,106,49,101,39,29,40,20,8"/><U112/><E112/><N who="0" m="43049" /><D77/><U47/><E5/><V3/><F72/><W121/><G121/><T124/><D46/><U73/><E80/><V89/><F98/><W128/><G128/><T103/><D103/><U78/><E78/><V37/><F37/><W52/><G106/><T64/><D64/><U82/><E47/><V118/><F62/><W113/><G113/><T67/><D67/><U70/><E41/><V91/><F118/><W90/><G39/><T9/><D123/><U104/><E104/><V68/><F44/><W38/><G38/><T105/><D105/><U81/><E81/><V71/><F12/><N who="0" m="4682" /><D132/><U86/><REACH who="1" step="1"/><E70/><REACH who="1" ten="149,367,211,263" step="2"/><V100/><F71/><W28/><G40/><T134/><D134/><U79/><E79/><V18/><F68/><W93/><G94/><T65/><D65/><U24/><E24/><V76/><F27/><W53/><G93/><T95/><D95/><U0/><E0/><V6/><F3/><W22/><G58/><T45/><D45/><U131/><E131/><V11/><F76/><W97/><G49/><T57/><D57/><U42/><E42/><V92/><F51/><W87/><G8/><T32/><D9/><U83/><E83/><V102/><F11/><W120/><G120/><T4/><D1/><U84/><E84/><V130/><F2/><W107/><G97/><T59/><D59/><U50/><E50/><V126/><F130/><W110/><G87/><T122/><D122/><U111/><AGARI ba="1,1" hai="21,25,30,61,63,73,74,75,82,86,88,108,109,111" machi="111" ten="40,18000,2" yaku="1,1,0,1,14,1,10,1,54,1,53,1" doraHai="129" doraHaiUra="19" who="1" fromWho="1" sc="149,-61,367,193,211,-61,263,-61" /><INIT seed="1,2,0,5,2,62" ten="88,560,150,202" oya="1" hai0="105,39,83,134,21,57,51,76,54,85,14,42,59" hai1="30,71,133,135,32,98,96,44,16,61,53,72,49" hai2="28,10,82,77,20,107,90,87,19,56,22,2,116" hai3="43,113,129,64,127,101,70,35,121,60,65,111,47"/><U67/><E72/><V8/><F116/><W118/><G35/><T26/><D134/><U40/><E32/><V131/><F107/><W79/><G79/><T115/><D115/><U66/><E30/><V93/><F131/><W102/><G113/><T106/><D39/><U100/><E96/><V86/><F2/><W6/><G121/><T117/><D117/><U18/><E40/><V3/><F3/><W114/><G114/><T112/><D112/><U52/><E53/><V36/><F36/><W99/><G118/><T0/><D0/><U109/><E66/><V73/><F73/><W29/><G29/><T4/><D59/><U122/><E122/><V119/><F119/><W17/><G6/><T125/><D125/><U123/><E109/><V31/><F22/><W124/><G111/><T108/><D42/><U88/><E88/><V27/><F31/><W41/><G129/><T33/><D33/><U91/><E91/><V24/><F24/><W48/><G17/><T15/><D108/><U128/><E128/><V103/><F103/><N who="3" m="39435" /><G99/><T50/><D4/><U75/><E75/><V104/><F104/><W89/><G89/><T1/><D106/><N who="1" m="63767" /><E123/><V81/><F28/><W130/><G41/><T23/><D105/><U11/><E11/><V12/><F81/><W68/><G130/><T120/><D120/><U45/><E44/><V84/><F84/><W46/><G47/><T13/><D85/><U97/><E97/><V94/><F94/><W95/><G95/><T132/><D83/><U9/><E9/><V5/><F8/><W69/><G60/><T37/><D1/><RYUUKYOKU ba="2,0" sc="88,-30,560,10,150,10,202,10" hai1="16,18,45,49,52,61,67,71,133,135" hai2="5,10,12,19,20,27,56,77,82,86,87,90,93" hai3="43,46,48,64,65,68,69,70,124,127" /><INIT seed="1,3,0,2,5,35" ten="58,570,160,212" oya="1" hai0="46,44,36,64,30,3,104,31,67,70,131,124,111" hai1="134,89,42,97,17,132,103,86,12,87,20,73,105" hai2="127,93,120,133,117,60,11,61,27,24,53,33,9" hai3="83,16,15,21,77,65,10,54,106,76,79,110,98"/><U4/><E42/><V107/><F117/><W8/><G110/><T25/><D104/><U62/><E62/><V69/><F107/><W92/><G106/><T99/><D124/><U19/><E4/><V100/><F127/><W59/><G65/><T22/><D131/><U123/><E123/><V90/><F100/><W29/><G29/><T75/><D75/><U63/><E63/><V56/><F133/><W28/><G28/><T125/><D111/><U116/><E116/><V85/><F120/><W14/><G83/><T88/><D3/><U130/><E130/><V122/><F122/><W108/><G108/><T119/><D70/><U118/><E118/><V2/><F33/><W71/><G71/><T129/><D36/><U82/><E87/><V49/><F11/><W39/><G39/><T5/><D5/><U26/><REACH who="1" step="1"/><E73/><REACH who="1" ten="58,560,160,212" step="2"/><V13/><F61/><N who="3" m="36087" /><G14/><T81/><D119/><U114/><E114/><V115/><F115/><W6/><G6/><T40/><D129/><U68/><E68/><V50/><F69/><W121/><G121/><T135/><D125/><U58/><E58/><V43/><F43/><W52/><G8/><AGARI ba="3,1" hai="8,12,17,19,20,26,82,86,89,97,103,105,132,134" machi="8" ten="40,3900,0" yaku="1,1,53,1" doraHai="35" doraHaiUra="95" who="1" fromWho="3" sc="58,0,560,58,160,0,212,-48" /><INIT seed="1,4,0,0,1,81" ten="58,618,160,164" oya="1" hai0="89,106,88,3,22,71,16,10,108,61,43,30,122" hai1="105,91,49,74,78,70,133,128,131,58,102,12,60" hai2="55,63,45,95,25,132,33,7,1,117,101,59,123" hai3="2,111,34,127,104,93,41,48,31,20,134,64,115"/><U92/><E70/><V21/><F117/><W72/><G93/><T14/><D106/><U73/><E49/><V67/><F33/><W90/><G90/><T110/><D43/><U27/><E12/><V87/><F132/><W42/><G20/><T38/><D38/><U79/><E27/><V46/><F7/><W40/><G31/><T51/><D51/><U0/><E0/><V114/><F1/><W84/><G84/><T47/><D47/><U56/><E60/><V116/><F116/><W121/><G48/><T130/><D130/><U112/><E112/><V100/><F114/><W120/><G64/><N who="0" m="41359" /><D122/><U125/><E125/><V44/><F123/><W35/><G40/><T85/><D30/><U97/><E133/><V32/><F32/><W76/><G76/><N who="1" m="29226" /><E58/><V11/><F11/><W53/><G41/><T52/><D52/><U36/><E36/><V19/><F67/><W13/><G53/><T29/><D29/><U68/><E68/><V98/><REACH who="2" step="1"/><F87/><REACH who="2" ten="58,618,150,164" step="2"/><W86/><G86/><T113/><D85/><N who="1" m="52335" /><E56/><V62/><F62/><W94/><G134/><T107/><D113/><U103/><E103/><AGARI ba="4,1" hai="19,21,25,44,45,46,55,59,63,95,98,100,101,103" machi="103" ten="40,2600,0" yaku="1,1,8,1,53,0" doraHai="81" doraHaiUra="109" who="2" fromWho="1" sc="58,0,618,-38,150,48,164,0" /><INIT seed="2,0,0,0,3,11" ten="58,580,198,164" oya="2" hai0="86,62,57,87,74,99,42,116,84,18,131,53,105" hai1="2,26,16,58,47,20,73,36,135,43,54,104,51" hai2="123,17,45,63,98,121,33,68,48,85,128,133,126" hai3="60,95,55,112,31,88,22,130,65,41,3,134,61"/><V19/><F33/><W83/><G3/><T122/><D122/><U0/><E104/><V107/><F85/><W79/><G112/><T38/><D131/><U124/><E73/><V125/><F107/><W119/><G130/><T114/><D114/><U66/><E135/><V82/><F82/><W32/><G134/><T59/><D74/><U35/><E35/><V101/><F101/><W108/><G108/><T9/><D38/><U89/><E124/><N who="2" m="47723" /><F98/><W49/><G119/><T115/><D42/><U30/><E89/><V109/><F128/><W103/><G32/><T72/><D72/><U25/><E66/><N who="2" m="41055" /><F133/><W37/><G103/><T81/><D115/><U46/><E30/><V8/><F109/><W120/><G22/><T117/><D81/><U27/><E0/><V77/><F77/><W97/><G31/><T6/><D99/><U71/><E2/><V96/><F96/><W91/><G97/><T13/><D105/><U52/><E71/><V69/><F69/><W21/><G83/><T100/><D100/><U110/><E110/><V23/><F8/><W10/><G79/><T132/><D132/><U12/><E26/><N who="2" m="14703" /><F19/><W106/><G10/><T15/><REACH who="0" step="1"/><D59/><REACH who="0" ten="48,580,198,164" step="2"/><U127/><E127/><V7/><F123/><W56/><G106/><T28/><D28/><U76/><E76/><V78/><F121/><W4/><G120/><T50/><D50/><AGARI ba="0,1" hai="12,16,20,25,27,36,43,46,47,50,51,52,54,58" machi="50" ten="30,7700,0" yaku="7,1,52,1,54,2" doraHai="11" who="1" fromWho="0" sc="48,-77,580,87,198,0,164,0" owari="-29,-52.9,667,76.7,198,-0.2,164,-23.6" /></mjloggm>