<mjloggm ver="2.3"><GO type="137" lobby="0"/><UN n0="%E3%82%AA%E3%82%A4%E3%82%BF%E3%83%AC%E3%83%83%E3%82%B0" n1="%E5%B9%B8%E5%BE%B3" n2="%E3%81%8D%E3%81%9F%E3%81%98%E3%81%BE" n3="%E2%93%9D%4C%75%63%6B%79%4A" dan="13,11,13,12" rate="1789.75,1642.25,1733.96,1902.56" sx="M,M,M,M"/><TAIKYOKU oya="0"/><INIT seed="0,0,0,1,2,121" ten="250,250,250,250" oya="0" hai0="0,9,18,122,53,55,25,19,47,57,87,2,117" hai1="114,88,30,46,28,107,51,12,32,15,27,40,42" hai2="58,35,1,62,109,66,29,126,24,82,135,125,59" hai3="115,77,111,64,85,70,6,7,39,20,120,97,89"/><T31/><D122/><U92/><E30/><V75/><F135/><W14/><G39/><T113/><D113/><U131/><E114/><V52/><F1/><W81/><G115/><T48/><D117/><U49/><E131/><V132/><F132/><W73/><G120/><T50/><D19/><U106/><E106/><V96/><F96/><W103/><G70/><T34/><D87/><U4/><E4/><V128/><F128/><W16/><G64/><T72/><D72/><U38/><E107/><V123/><F123/><W105/><REACH who="3" step="1"/><G111/><REACH who="3" ten="250,250,250,240" step="2"/><T112/><D112/><U98/><REACH who="1" step="1"/><E38/><REACH who="1" ten="250,240,250,240" step="2"/><V104/><F126/><W118/><G118/><T95/><D2/><U68/><E68/><V134/><F125/><W119/><G119/><T67/><D0/><U90/><E90/><V100/><F134/><W116/><G116/><T130/><D130/><U33/><E33/><V74/><F109/><W71/><G71/><T54/><D34/><U76/><E76/><V23/><F35/><W99/><G99/><T94/><D31/><U127/><E127/><V124/><F124/><W91/><G91/><T60/><D25/><U45/><AGARI ba="0,2" hai="12,15,27,28,32,40,42,45,46,49,51,88,92,98" machi="45" ten="30,12000,2" yaku="1,1,0,1,9,1,54,1,53,2" doraHai="121" doraHaiUra="36" who="1" fromWho="1" sc="250,-60,240,140,250,-30,240,-30" /><INIT seed="1,0,0,5,1,24" ten="190,380,220,210" oya="1" hai0="75,30,58,97,96,32,72,47,60,66,131,126,71" hai1="7,78,56,108,118,114,17,48,63,42,11,86,133" hai2="94,51,93,49,135,127,124,4,33,76,116,112,16" hai3="62,65,69,59,121,15,119,50,132,23,111,77,134"/><U84/><E118/><V83/><F116/><W28/><G119/><T1/><D131/><U27/><E114/><V79/><F112/><W106/><G106/><T46/><D126/><U68/><E133/><N who="3" m="51306" /><G77/><T117/><D117/><U125/><E125/><N who="2" m="48203" /><F135/><W95/><G95/><N who="2" m="36361" /><F33/><W92/><G92/><T18/><D1/><U26/><E108/><V104/><F4/><W73/><G73/><T105/><D105/><U0/><E68/><V19/><F104/><W45/><G15/><T103/><D71/><U98/><E17/><N who="2" m="6731" /><F83/><W113/><G113/><T102/><D18/><U21/><E21/><V12/><F12/><W81/><G81/><T54/><D32/><U13/><E0/><V123/><F123/><W35/><G35/><T89/><D66/><N who="1" m="39271" /><E98/><V40/><F40/><N who="3" m="24871" /><G121/><T110/><D110/><U130/><E130/><V120/><F120/><W90/><G111/><T8/><D96/><U115/><E115/><V122/><F122/><W31/><G23/><T67/><D97/><U88/><E78/><AGARI ba="0,0" hai="49,51,76,78,79" m="6731,36361,48203" machi="78" ten="30,7700,0" yaku="28,2,18,1,54,1" doraHai="24" who="2" fromWho="1" sc="190,0,380,-77,220,77,210,0" /><INIT seed="2,0,0,1,2,99" ten="190,303,297,210" oya="2" hai0="124,105,110,92,112,3,32,23,135,115,66,93,49" hai1="104,31,120,64,2,48,18,80,116,20,79,68,71" hai2="129,117,113,26,89,13,130,82,36,62,7,39,63" hai3="118,83,73,107,1,22,60,98,30,76,69,59,53"/><V132/><F117/><W17/><G118/><T103/><D3/><U70/><E116/><V121/><F121/><W12/><G1/><T123/><D32/><U16/><E120/><V35/><F113/><W9/><G69/><T108/><D123/><U114/><E114/><N who="0" m="43561" /><D66/><U122/><E122/><V58/><F132/><W61/><G30/><T134/><D49/><U102/><E2/><V57/><F39/><W37/><G37/><T111/><D23/><U81/><E64/><V28/><F36/><W85/><G73/><T78/><D78/><U128/><E128/><V33/><F35/><W125/><G125/><T94/><D124/><U10/><E31/><V55/><F7/><W84/><G85/><T29/><D29/><U126/><E126/><V41/><F41/><W101/><REACH who="3" step="1"/><G22/><REACH who="3" ten="190,303,297,200" step="2"/><T42/><D42/><U47/><E20/><V4/><F82/><W96/><G96/><AGARI ba="0,1" hai="92,93,94,96,103,105,108,110,111,134,135" m="43561" machi="96" ten="40,8000,1" yaku="14,1,34,2,52,1" doraHai="99" who="0" fromWho="3" sc="190,90,303,0,297,0,200,-80" /><INIT seed="3,0,0,3,2,60" ten="280,303,297,120" oya="3" hai0="96,5,106,78,16,2,38,25,76,98,89,57,1" hai1="34,19,92,91,49,82,68,41,125,99,114,51,3" hai2="109,9,93,13,131,73,80,33,132,113,129,70,65" hai3="122,10,111,83,7,14,94,29,126,101,12,20,87"/><W50/><G122/><T117/><D38/><U74/><E3/><V71/><F113/><W55/><G126/><T21/><D117/><U61/><E114/><V90/><F33/><W0/><G111/><T4/><D106/><U120/><E125/><V63/><F109/><W40/><G40/><T75/><D75/><U47/><E120/><V108/><F108/><W81/><G0/><T62/><D1/><U64/><E34/><V95/><F132/><W77/><G83/><T42/><D42/><U134/><E134/><V124/><F124/><W44/><G101/><T59/><D2/><U116/><E116/><V128/><F71/><W23/><G29/><T119/><D119/><U28/><E28/><V35/><F35/><W133/><G133/><T15/><D15/><U31/><E31/><V69/><F70/><W56/><G94/><N who="0" m="56399" /><D98/><U32/><E32/><V8/><F90/><W85/><G87/><T112/><D59/><U53/><E19/><N who="2" m="8615" /><F9/><W107/><G107/><T135/><D135/><U72/><E82/><V39/><F39/><W11/><REACH who="3" step="1"/><G56/><AGARI ba="0,0" hai="41,47,49,51,53,56,61,64,68,72,74,91,92,99" machi="56" ten="30,2000,0" yaku="7,1,52,1" doraHai="60" who="1" fromWho="3" sc="280,0,303,20,297,0,120,-20" /><INIT seed="4,0,0,3,3,38" ten="280,323,297,100" oya="0" hai0="121,103,125,63,5,119,39,134,83,4,89,96,82" hai1="75,130,19,123,27,86,88,18,6,110,106,26,41" hai2="124,129,98,40,55,20,128,120,114,59,72,101,70" hai3="85,13,43,117,3,45,22,68,48,135,67,49,33"/><T97/><D119/><U69/><E69/><V15/><F120/><W99/><G33/><T105/><D121/><U47/><E123/><V100/><F124/><W113/><G3/><T36/><D125/><U58/><E110/><V35/><F114/><W44/><G117/><T2/><D2/><U21/><E130/><V66/><F72/><W64/><G113/><T111/><D134/><U8/><E106/><V62/><F35/><W16/><G135/><T112/><D112/><U93/><E75/><V53/><F101/><W23/><G68/><T10/><D111/><U80/><E58/><V79/><F79/><W46/><G46/><T32/><D32/><U24/><E19/><V126/><F126/><W76/><G99/><T14/><D63/><U131/><E80/><V56/><F70/><W84/><G23/><T107/><D89/><U37/><REACH who="1" step="1"/><E131/><REACH who="1" ten="280,313,297,100" step="2"/><V60/><F66/><N who="3" m="25131" /><G76/><T50/><D4/><U25/><E25/><V115/><F115/><W102/><G102/><T1/><D107/><U42/><E42/><AGARI ba="0,1" hai="13,16,22,42,43,44,45,48,49,84,85" m="25131" machi="42" ten="30,7700,0" yaku="8,1,52,2,54,1" doraHai="38" who="3" fromWho="1" sc="280,0,313,-77,297,0,100,87" /><INIT seed="5,0,0,3,3,25" ten="280,236,297,187" oya="1" hai0="49,132,77,24,115,67,44,80,135,21,55,127,16" hai1="94,120,124,31,112,83,60,104,129,126,99,12,38" hai2="26,97,56,78,118,45,37,79,89,98,81,3,50" hai3="72,87,53,111,6,133,28,52,125,69,18,70,20"/><U76/><E38/><V4/><F118/><W131/><G72/><T66/><D127/><U42/><E120/><V36/><F26/><W92/><G111/><T121/><D115/><U109/><E112/><V54/><F98/><W27/><G125/><N who="1" m="48234" /><E109/><V102/><F89/><W91/><G133/><N who="0" m="51275" /><D121/><U46/><E129/><V40/><F37/><W7/><G70/><T59/><D59/><U19/><E104/><V74/><F79/><W51/><G69/><T61/><D61/><U86/><E60/><V123/><F123/><W0/><G0/><T114/><D114/><U9/><E46/><V41/><F41/><W1/><G1/><T128/><D128/><U101/><E42/><V82/><F82/><W22/><G131/><T105/><D105/><U96/><E96/><V73/><F74/><AGARI ba="0,0" hai="16,21,24,44,49,55,66,67,74,77,80" m="51275" machi="74" ten="30,2000,0" yaku="20,1,54,1" doraHai="25" who="0" fromWho="2" sc="280,20,236,0,297,-20,187,0" /><INIT seed="6,0,0,4,3,21" ten="300,236,277,187" oya="2" hai0="83,117,101,69,66,1,15,53,0,123,45,38,7" hai1="23,54,52,97,6,118,88,94,40,105,103,119,110" hai2="34,124,64,133,120,51,89,96,121,29,27,56,44" hai3="31,8,16,62,67,28,80,75,20,122,73,33,92"/><V18/><F133/><W78/><G122/><T61/><D123/><U36/><E6/><V112/><F124/><W10/><G75/><T100/><D83/><U86/><E110/><V93/><F112/><W135/><G135/><T71/><D117/><U77/><E119/><V25/><F64/><W19/><G19/><T35/><D35/><U74/><E118/><V70/><F70/><W90/><G33/><T134/><D134/><U127/><E127/><V3/><F3/><W26/><G31/><T109/><D109/><U39/><E40/><V57/><F121/><W108/><G28/><T111/><D111/><U126/><E126/><V59/><F120/><W106/><G106/><T116/><D116/><U50/><E23/><V79/><F79/><W82/><G82/><T76/><D76/><U30/><E30/><V107/><F107/><W72/><G73/><T58/><D0/><U11/><E11/><V98/><F18/><W17/><G17/><T14/><D1/><U4/><E4/><V130/><F130/><W113/><G113/><T5/><D71/><U95/><E95/><V65/><F98/><W46/><G46/><T131/><D131/><U129/><E54/><N who="2" m="30055" /><F27/><W42/><G42/><N who="0" m="22743" /><D5/><U43/><E43/><V24/><F25/><W102/><G108/><T132/><D7/><U22/><E22/><V47/><F47/><W125/><G125/><T12/><D132/><U60/><E129/><V99/><F99/><N who="3" m="57751" /><G102/><T13/><N who="0" m="3072" /><DORA hai="41" /><T37/><D37/><U91/><E36/><V128/><F128/><W63/><G67/><T114/><D114/><U2/><E39/><RYUUKYOKU ba="0,0" sc="300,10,236,-30,277,10,187,10" hai0="53,58,61,66,69,100,101" hai2="24,29,34,56,57,59,65,89,93,96" hai3="8,10,16,20,26,62,63,72,78,80" /><INIT seed="6,1,0,0,4,89" ten="310,206,287,197" oya="2" hai0="123,37,130,91,44,128,70,79,62,67,83,25,6" hai1="80,42,43,22,84,72,104,120,16,114,87,96,60" hai2="2,109,49,107,94,119,57,64,12,23,115,77,99" hai3="29,134,116,76,105,93,61,113,18,81,101,14,121"/><V131/><F119/><W90/><G116/><T68/><D123/><U112/><E72/><V50/><F131/><N who="0" m="50218" /><D6/><U33/><E120/><V5/><F115/><N who="1" m="44073" /><E33/><V133/><F133/><W20/><G113/><T56/><D25/><N who="1" m="14535" /><E60/><V9/><F109/><W24/><G134/><T17/><D17/><U111/><E111/><V26/><F77/><W19/><G105/><T108/><D108/><U100/><E87/><V40/><F107/><W78/><G19/><T126/><D126/><U30/><E30/><V58/><F2/><W102/><G61/><T82/><D91/><AGARI ba="1,0" hai="42,43,80,84,91,96,100,104" m="14535,44073" machi="91" ten="30,2000,0" yaku="15,1,54,1" doraHai="89" who="1" fromWho="0" sc="310,-23,206,23,287,0,197,0" /><INIT seed="7,0,0,1,3,41" ten="287,229,287,197" oya="3" hai0="56,2,8,95,88,76,25,135,106,115,72,94,45" hai1="50,92,74,133,87,105,77,118,61,19,39,24,67" hai2="3,99,16,81,119,62,101,91,44,102,35,134,114" hai3="21,79,123,66,132,28,97,59,37,30,12,108,18"/><W96/><G123/><T10/><D135/><U53/><E133/><V75/><F134/><W128/><G132/><T126/><D126/><U104/><E118/><V113/><F119/><W80/><G37/><T85/><D106/><U129/><E129/><V117/><F117/><W33/><G128/><T55/><D115/><N who="2" m="44042" /><F35/><W14/><G108/><T69/><D69/><U82/><E39/><V109/><F109/><W1/><G1/><T86/><D25/><U17/><E74/><V40/><F3/><W111/><G111/><T100/><D2/><U65/><E92/><N who="2" m="56735" /><F62/><N who="3" m="38239" /><G33/><T84/><D72/><U57/><E67/><V107/><F107/><W89/><G79/><T38/><D76/><U60/><E60/><V121/><F121/><W127/><G127/><T110/><D110/><U124/><E124/><V125/><F125/><W54/><G54/><T58/><D100/><U11/><E19/><V46/><F16/><N who="3" m="10391" /><G30/><T47/><D38/><U36/><E36/><N who="2" m="21511" /><F46/><N who="0" m="17418" /><D95/><U71/><E11/><N who="0" m="4137" /><D58/><U42/><E42/><V103/><F75/><W0/><G0/><T6/><D6/><U7/><E7/><V122/><F122/><W98/><G28/><T90/><D94/><U34/><REACH who="1" step="1"/><E17/><REACH who="1" ten="287,219,287,197" step="2"/><V49/><F81/><W48/><G80/><T120/><D120/><U130/><E130/><V20/><F49/><AGARI ba="0,1" hai="49,55,56,84,85,86,88,90" m="4137,17418" machi="49" ten="30,8000,1" yaku="8,1,52,3,54,1" doraHai="41" who="0" fromWho="2" sc="287,90,219,0,287,-80,197,0" owari="377,47.7,219,1.9,207,-19.3,197,-30.3" /></mjloggm>