<mjloggm ver="2.3"><GO type="41" lobby="0"/><UN n0="%E2%93%9D%4C%75%63%6B%79%4A" n1="%79%30%73%48%21" n2="%E3%83%80%E3%83%A1%E4%BA%BA%E9%96%93" n3="%6B%68%61%6E%68%64%7A" dan="17,13,14,14" rate="2173.03,1883.12,2093.11,1906.00" sx="M,M,M,M"/><TAIKYOKU oya="0"/><INIT seed="0,0,0,1,5,99" ten="250,250,250,250" oya="0" hai0="26,114,123,97,101,76,112,87,63,133,18,16,75" hai1="44,25,7,135,57,53,88,48,115,31,100,10,47" hai2="15,61,40,122,86,132,20,36,109,83,58,34,21" hai3="4,68,66,69,70,35,106,65,124,19,96,13,0"/><T134/><D123/><U125/><E115/><N who="0" m="44073" /><D63/><U38/><E135/><N who="0" m="51721" /><D87/><U32/><E125/><V2/><F109/><W73/><G35/><T5/><D5/><U94/><E38/><V72/><F132/><W110/><G110/><T120/><D120/><U113/><E113/><V42/><F2/><W37/><G37/><T14/><D14/><U39/><E39/><V62/><F34/><W9/><G73/><T64/><D64/><U131/><E131/><V121/><F72/><W33/><G124/><T130/><D130/><U12/><REACH who="1" step="1"/><E100/><REACH who="1" ten="250,240,250,250" step="2"/><V128/><F128/><W55/><G33/><T92/><D26/><U118/><E118/><V30/><F36/><W11/><REACH who="3" step="1"/><G55/><REACH who="3" ten="250,240,250,240" step="2"/><T91/><D91/><U43/><E43/><V79/><F121/><W119/><G119/><T82/><AGARI ba="0,2" hai="16,18,75,76,82,92,97,101" m="51721,44073" machi="82" ten="40,7800,0" yaku="20,1,52,1,54,1" doraHai="99" who="0" fromWho="0" sc="250,98,240,-26,250,-26,240,-26" /><INIT seed="0,1,0,4,3,14" ten="348,214,224,214" oya="0" hai0="78,33,87,57,115,111,110,80,32,68,54,1,120" hai1="63,95,55,49,75,71,44,103,42,133,10,39,122" hai2="24,48,104,79,113,105,91,69,29,102,82,94,107" hai3="77,40,30,121,73,99,61,97,18,98,38,129,35"/><T59/><D68/><U92/><E122/><V64/><F113/><W45/><G129/><T2/><D115/><U62/><E133/><V26/><F48/><W22/><G121/><T7/><D120/><U119/><E119/><V86/><F64/><W135/><G135/><T130/><D130/><U36/><E75/><V28/><F69/><W72/><G61/><T21/><D21/><U114/><E114/><V127/><F127/><W51/><G38/><T9/><D2/><U67/><E63/><V123/><F123/><W106/><G106/><T47/><D47/><U60/><E60/><V20/><F102/><W6/><G6/><T50/><REACH who="0" step="1"/><D59/><REACH who="0" ten="338,214,224,214" step="2"/><U53/><E71/><V124/><F124/><W41/><G22/><T89/><D89/><U101/><E101/><V134/><F134/><W17/><G45/><T15/><D15/><U16/><E103/><V3/><F3/><W8/><G35/><AGARI ba="1,1" hai="1,7,9,32,33,35,50,54,57,78,80,87,110,111" machi="35" ten="40,2000,0" yaku="1,1,53,0" doraHai="14" doraHaiUra="90" who="0" fromWho="3" sc="338,33,214,0,224,0,214,-23" /><INIT seed="0,2,0,4,3,9" ten="371,214,224,191" oya="0" hai0="84,4,118,79,39,52,3,8,44,73,96,29,61" hai1="13,81,21,117,74,77,5,35,54,92,97,91,109" hai2="55,106,108,47,65,85,64,43,60,116,7,17,27" hai3="132,89,38,128,0,98,102,129,83,10,28,121,26"/><T111/><D118/><U12/><E35/><V86/><F106/><W99/><G38/><T15/><D73/><U33/><E33/><V110/><F116/><W16/><G132/><T57/><D111/><N who="2" m="42538" /><F7/><W6/><G121/><T24/><D96/><U48/><E109/><V113/><F113/><W80/><G99/><T51/><D39/><U76/><E117/><V127/><F127/><W78/><G89/><T42/><D3/><U40/><E5/><V1/><F1/><W114/><G114/><T103/><D103/><U75/><E40/><V90/><F55/><W32/><G78/><T31/><D24/><U71/><E71/><V124/><F124/><W58/><G58/><T49/><D51/><U46/><E21/><N who="2" m="13743" /><F86/><W62/><G62/><T50/><D50/><U72/><E72/><V45/><F64/><W133/><G133/><T123/><D123/><U69/><E69/><N who="2" m="42151" /><F43/><W11/><G6/><T66/><D66/><U135/><REACH who="1" step="1"/><E135/><REACH who="1" ten="371,204,224,191" step="2"/><V131/><F131/><W70/><G129/><T22/><D22/><U104/><E104/><V41/><F41/><W25/><G128/><T56/><D57/><U119/><E119/><V88/><F90/><W59/><G59/><T112/><D112/><U2/><E2/><V94/><AGARI ba="2,1" hai="45,47,85,88,94" m="42151,13743,42538" machi="94" ten="30,2000,0" yaku="14,1,54,1" doraHai="9" who="2" fromWho="2" sc="371,-12,204,-7,224,36,191,-7" /><INIT seed="1,0,0,5,4,61" ten="359,197,260,184" oya="1" hai0="56,113,109,31,41,26,20,105,80,69,29,135,32" hai1="78,123,75,13,12,16,131,122,43,73,39,22,48" hai2="129,118,132,107,4,36,79,10,21,87,96,63,85" hai3="92,1,93,28,89,2,25,57,88,103,9,72,91"/><U5/><E39/><V94/><F118/><W47/><G72/><T55/><D69/><U77/><E131/><V46/><F129/><W15/><G47/><T54/><D113/><U30/><E30/><V101/><F132/><W62/><G1/><T125/><D105/><U6/><E43/><V127/><F127/><W59/><G2/><T45/><D109/><U51/><E22/><V8/><F8/><W58/><G103/><T53/><D125/><U116/><REACH who="1" step="1"/><E16/><REACH who="1" ten="359,187,260,184" step="2"/><V90/><F21/><N who="3" m="15407" /><G62/><T134/><D31/><U112/><E112/><V119/><F63/><W17/><AGARI ba="0,1" hai="9,15,17,57,58,59,88,89,91,92,93" m="15407" machi="17" ten="30,2000,0" yaku="8,1,54,1" doraHai="61" who="3" fromWho="3" sc="359,-5,187,-10,260,-5,184,30" /><INIT seed="2,0,0,0,3,56" ten="354,177,255,214" oya="2" hai0="29,25,39,112,42,4,74,73,3,62,119,114,8" hai1="108,122,40,58,91,34,57,70,68,48,44,130,101" hai2="0,18,17,27,22,23,24,109,53,55,84,106,104" hai3="124,78,61,13,12,43,31,52,11,110,103,41,92"/><V35/><F84/><W79/><G110/><T113/><D119/><U129/><E34/><V51/><F35/><W60/><G31/><T75/><D42/><N who="3" m="15881" /><G124/><T10/><D10/><U93/><E101/><V111/><F51/><W134/><G134/><T120/><D120/><U133/><E108/><V59/><F59/><N who="1" m="22537" /><E133/><V69/><REACH who="2" step="1"/><F0/><REACH who="2" ten="354,177,245,214" step="2"/><W131/><G131/><N who="1" m="50186" /><E122/><V117/><F117/><W86/><G86/><AGARI ba="0,1" hai="40,44,48,68,70,86,91,93" m="50186,22537" machi="86" ten="30,1000,0" yaku="19,1" doraHai="56" who="1" fromWho="3" sc="354,0,177,20,245,0,214,-10" /><INIT seed="3,0,0,3,4,107" ten="354,197,245,204" oya="3" hai0="48,27,65,74,18,53,87,16,77,78,91,109,6" hai1="73,84,2,51,81,86,55,22,121,102,112,68,123" hai2="45,19,122,67,57,4,82,46,98,12,66,58,44" hai3="31,95,13,50,129,21,80,30,79,40,28,9,63"/><W47/><G129/><T37/><D37/><U101/><E112/><V88/><F122/><W94/><G21/><T15/><D65/><U25/><E68/><V115/><F115/><W33/><G33/><T90/><D109/><U108/><E2/><V34/><F34/><W119/><G63/><T29/><D74/><U76/><E108/><V105/><F4/><W118/><G118/><T62/><D91/><U125/><E125/><V93/><F82/><W5/><REACH who="3" step="1"/><G119/><REACH who="3" ten="354,197,245,194" step="2"/><T110/><D62/><U75/><E123/><V100/><F67/><W92/><G92/><T130/><D130/><U117/><E117/><V3/><F66/><W42/><G42/><T17/><D110/><U111/><E121/><V124/><F124/><W60/><G60/><T59/><D27/><U32/><E32/><V70/><F70/><W128/><G128/><T116/><D116/><U97/><E111/><V35/><F35/><W83/><G83/><N who="0" m="49535" /><D29/><U103/><E81/><V132/><F132/><W39/><G39/><T72/><D72/><AGARI ba="0,1" hai="5,9,13,28,30,31,40,47,50,72,79,80,94,95" machi="72" ten="40,3900,0" yaku="1,1,52,1,53,0" doraHai="107" doraHaiUra="14" who="3" fromWho="0" sc="354,-39,197,0,245,0,194,49" /><INIT seed="3,1,0,4,1,54" ten="315,197,245,243" oya="3" hai0="126,21,89,122,17,116,56,33,66,73,4,57,39" hai1="109,81,27,105,132,87,31,35,19,98,13,77,86" hai2="69,37,44,48,71,5,121,41,93,84,60,118,76" hai3="38,68,16,74,0,26,15,47,113,61,62,42,91"/><W129/><G113/><T32/><D73/><U20/><E109/><V99/><F118/><W127/><G0/><T130/><D116/><U46/><E132/><V112/><F112/><W100/><G127/><T1/><D39/><U79/><E46/><V67/><F121/><W124/><G124/><T45/><D126/><U23/><E105/><V83/><F37/><W111/><G111/><T65/><D4/><U92/><E35/><V18/><F18/><W101/><G74/><T117/><D1/><U2/><E2/><V49/><F5/><W125/><G129/><T133/><D45/><U90/><REACH who="1" step="1"/><E86/><REACH who="1" ten="315,187,245,243" step="2"/><V94/><F69/><W11/><G125/><T51/><D33/><U55/><E55/><V72/><F84/><W123/><G68/><T50/><D32/><U70/><E70/><V25/><F44/><W80/><G47/><T3/><D3/><U10/><E10/><V108/><F71/><W106/><G11/><T120/><D117/><U97/><E97/><V36/><F99/><W14/><G106/><T119/><D119/><U95/><E95/><V22/><F94/><W58/><G123/><T135/><D130/><U8/><E8/><V103/><F93/><W43/><G80/><T78/><D122/><U88/><AGARI ba="1,1" hai="13,19,20,23,27,31,77,79,81,87,88,90,92,98" machi="88" ten="20,8000,1" yaku="1,1,0,1,7,1,8,1,54,1,53,0" doraHai="54" doraHaiUra="104" who="1" fromWho="1" sc="315,-21,187,93,245,-21,243,-41" /><INIT seed="4,0,0,4,0,77" ten="294,280,224,202" oya="0" hai0="79,88,26,103,81,1,27,109,7,104,120,96,8" hai1="70,128,129,95,122,99,66,18,92,126,133,44,33" hai2="65,50,117,6,56,19,85,31,89,78,64,5,111" hai3="35,3,116,80,57,48,62,105,125,22,37,114,124"/><T61/><D120/><U97/><E33/><V74/><F111/><W119/><G35/><T118/><D118/><U135/><E44/><V73/><F117/><W34/><G34/><T112/><D109/><U17/><E66/><V87/><F73/><W10/><G37/><T14/><D112/><U101/><E70/><V43/><F74/><W93/><G105/><T54/><D1/><U83/><E122/><V94/><F31/><W46/><G114/><T121/><D121/><U36/><E36/><V16/><F43/><W108/><G108/><T40/><D40/><U113/><E113/><V127/><F127/><W9/><G22/><T67/><D54/><U106/><E126/><N who="3" m="48746" /><G93/><T23/><D23/><U2/><E2/><V100/><F100/><W28/><G28/><T76/><D79/><U42/><E42/><V82/><F64/><N who="3" m="38991" /><G80/><T84/><REACH who="0" step="1"/><D76/><REACH who="0" ten="284,280,224,202" step="2"/><U86/><E106/><V98/><F65/><W15/><G3/><T60/><D60/><U134/><E17/><N who="2" m="6731" /><F98/><W51/><G9/><T107/><D107/><U110/><E18/><V24/><F24/><W47/><G119/><T58/><AGARI ba="0,1" hai="7,8,14,26,27,58,61,67,81,84,88,96,103,104" machi="58" ten="20,18000,2" yaku="1,1,0,1,7,1,52,1,54,1,53,1" doraHai="77" doraHaiUra="55" who="0" fromWho="0" sc="284,190,280,-60,224,-60,202,-60" /><INIT seed="4,1,0,3,1,91" ten="474,220,164,142" oya="0" hai0="46,16,35,74,42,60,82,122,57,43,98,63,120" hai1="67,109,6,133,14,73,86,29,131,105,87,11,31" hai2="95,8,20,56,110,101,64,117,81,50,83,93,123" hai3="125,51,17,103,104,80,21,7,53,100,61,107,34"/><T0/><D35/><U118/><E118/><V5/><F123/><W119/><G34/><T106/><D0/><U47/><E109/><V66/><F110/><W25/><G125/><T85/><D74/><U102/><E131/><V70/><F70/><W112/><G112/><T18/><D106/><U75/><E133/><V134/><F134/><W92/><G61/><T40/><D46/><U36/><E67/><N who="2" m="25643" /><F101/><W90/><G7/><T58/><D98/><U33/><E75/><V41/><F117/><W45/><G119/><T124/><D124/><U116/><E73/><V37/><F37/><W2/><G2/><T132/><D132/><U121/><E116/><V84/><F20/><W94/><G80/><T32/><D32/><U77/><E121/><V89/><F83/><W23/><G90/><T130/><D130/><U115/><E115/><V71/><F71/><W72/><G72/><T68/><D68/><U128/><E128/><V44/><F56/><N who="0" m="21610" /><D122/><U4/><E33/><V97/><F97/><W79/><G79/><N who="0" m="46303" /><D120/><U99/><E77/><V113/><F113/><W3/><G3/><T28/><D28/><U55/><E31/><V49/><F50/><W19/><G107/><T111/><D111/><U129/><E29/><V13/><AGARI ba="1,0" hai="5,8,13,41,44,49,81,84,89,93,95" m="25643" machi="13" ten="30,4000,0" yaku="8,1,52,2" doraHai="91" who="2" fromWho="2" sc="474,-21,220,-11,164,43,142,-11" /><INIT seed="5,0,0,3,4,89" ten="453,209,207,131" oya="1" hai0="28,92,4,57,41,131,12,33,62,103,14,122,84" hai1="96,65,99,87,2,55,36,22,29,40,49,64,98" hai2="68,53,9,132,8,15,123,111,32,130,17,44,11" hai3="75,109,114,25,24,112,81,42,125,74,90,38,106"/><U104/><E2/><V60/><F111/><W34/><G109/><T3/><D131/><U101/><E36/><V1/><F123/><W127/><G106/><T113/><D122/><U37/><E37/><V66/><F130/><W20/><G34/><T118/><D118/><U54/><E40/><V88/><F132/><W117/><G117/><T124/><D113/><N who="3" m="43625" /><G42/><T95/><D124/><N who="3" m="47689" /><G38/><T97/><D33/><U70/><E87/><V76/><F76/><W128/><G128/><T108/><D28/><U85/><E85/><V50/><F32/><W100/><G100/><T126/><D41/><U119/><E119/><V61/><F61/><W26/><G20/><T67/><D108/><U94/><E70/><V110/><F110/><W71/><G71/><T52/><D126/><U63/><E63/><V116/><F1/><W83/><G90/><N who="0" m="53703" /><D3/><U121/><E121/><V107/><F107/><W58/><G58/><N who="0" m="37335" /><D4/><U56/><E55/><V80/><F116/><W135/><G135/><T6/><D6/><U48/><E48/><AGARI ba="0,0" hai="12,14,48,52,57,92,97,103" m="37335,53703" machi="48" ten="30,7700,0" yaku="8,1,52,2,54,1" doraHai="89" who="0" fromWho="1" sc="453,77,209,-77,207,0,131,0" /><INIT seed="6,0,0,4,2,29" ten="530,132,207,131" oya="2" hai0="60,89,92,61,33,53,118,3,127,93,71,107,9" hai1="8,7,133,111,101,83,6,128,46,78,134,25,4" hai2="85,47,69,72,22,43,88,132,0,112,121,130,41" hai3="37,65,5,54,57,125,1,98,58,126,114,16,19"/><V27/><F121/><W56/><G37/><T94/><D107/><U116/><E101/><V24/><F69/><W80/><G114/><T119/><D127/><N who="3" m="48649" /><G65/><T20/><D20/><U96/><E96/><V15/><F0/><W67/><G67/><T14/><D3/><U39/><E116/><N who="0" m="44585" /><D53/><U91/><E91/><V36/><F130/><W106/><G80/><T103/><D103/><U42/><E128/><V63/><F132/><N who="1" m="50793" /><E111/><V115/><F72/><W11/><G54/><T13/><D14/><N who="1" m="5383" /><E25/><V86/><F112/><W18/><G98/><T17/><D71/><U66/><E66/><V48/><F115/><W90/><G90/><T81/><D81/><U51/><E39/><V109/><F36/><W73/><G73/><AGARI ba="0,0" hai="6,7,42,46,51,73,78,83" m="5383,50793" machi="73" ten="30,1000,0" yaku="20,1" doraHai="29" who="1" fromWho="3" sc="530,0,132,10,207,0,131,-10" /><INIT seed="7,0,0,2,2,77" ten="530,142,207,121" oya="3" hai0="49,15,122,21,113,61,16,121,58,66,120,134,104" hai1="35,86,9,60,8,10,67,30,135,48,32,83,6" hai2="130,65,52,12,14,25,133,123,82,57,47,129,46" hai3="44,90,62,88,63,96,111,64,131,73,98,107,108"/><W33/><G33/><T114/><D104/><U93/><E135/><V105/><F105/><W80/><G131/><N who="2" m="50185" /><F123/><W70/><G62/><T110/><D110/><N who="3" m="42025" /><G44/><N who="2" m="16937" /><F65/><W36/><G36/><T68/><D134/><U53/><E93/><V26/><F82/><W0/><G0/><T38/><D38/><U43/><E43/><V71/><F71/><W118/><G118/><T84/><D84/><U19/><E6/><V2/><F2/><W27/><G27/><N who="2" m="10249" /><F133/><W54/><G54/><T11/><D49/><AGARI ba="0,0" hai="12,14,49,52,57" m="10249,16937,50185" machi="49" ten="30,2000,0" yaku="19,1,54,1" doraHai="77" who="2" fromWho="0" sc="530,-20,142,0,207,20,121,0" owari="510,61.0,142,-25.8,227,2.7,121,-37.9" /></mjloggm>