<mjloggm ver="2.3"><GO type="41" lobby="0"/><UN n0="%E5%85%89%E5%8F%B8%E3%81%AE%E5%8A%A9" n1="%E7%95%99%E4%B8%80%E4%BA%BA%31" n2="%E2%93%9D%4C%75%63%6B%79%4A" n3="%E3%82%B9%E3%83%A9%E3%82%A3%E3%83%AA%E3%83%BC" dan="13,15,17,13" rate="1947.35,2004.17,2168.09,1991.73" sx="M,M,M,M"/><TAIKYOKU oya="0"/><INIT seed="0,0,0,0,1,26" ten="250,250,250,250" oya="0" hai0="110,130,100,131,0,79,109,8,54,125,4,50,128" hai1="71,107,61,126,13,134,11,7,14,51,12,17,124" hai2="52,91,36,77,75,41,35,85,114,46,132,105,21" hai3="89,42,120,3,104,92,116,135,40,97,63,119,84"/><T73/><D100/><U102/><E134/><V99/><F35/><W23/><G3/><T66/><D66/><U32/><E102/><V22/><F114/><W27/><G135/><T65/><D65/><U6/><E107/><V2/><F2/><W83/><G120/><T117/><D117/><U10/><E71/><V74/><F132/><W129/><G104/><T87/><D73/><U37/><E37/><V98/><F75/><W127/><G129/><T1/><D125/><U103/><E103/><V58/><F77/><W5/><G127/><N who="1" m="48682" /><E51/><V57/><F58/><W24/><G24/><T95/><D0/><U90/><E90/><V59/><F59/><W69/><G5/><N who="1" m="1546" /><E61/><V30/><F74/><W9/><G9/><N who="1" m="3082" /><E32/><V44/><F46/><W108/><G63/><T31/><D95/><U19/><AGARI ba="0,0" hai="12,13,14,17,19" m="3082,1546,48682" machi="19" ten="40,8000,1" yaku="28,2,18,1,34,2" doraHai="26" who="1" fromWho="1" sc="250,-40,250,80,250,-20,250,-20" /><INIT seed="1,0,0,3,5,20" ten="210,330,230,230" oya="1" hai0="50,117,94,64,105,92,24,4,9,65,120,1,52" hai1="113,30,119,70,110,90,98,17,107,106,41,78,26" hai2="32,23,39,104,47,81,31,37,79,5,25,2,59" hai3="123,60,121,67,71,125,108,101,12,115,134,89,40"/><U13/><E119/><V57/><F104/><W22/><G115/><T135/><D117/><U102/><E110/><V53/><F32/><W111/><G125/><T61/><D105/><U14/><E113/><V87/><F59/><W97/><G134/><T66/><D135/><U130/><E130/><V54/><F54/><W10/><G40/><T77/><D77/><U74/><E41/><V93/><F47/><W109/><G89/><T103/><D120/><U56/><E56/><V27/><F2/><W72/><G72/><T116/><D116/><U8/><E70/><V132/><F5/><W112/><G22/><T49/><D49/><U82/><E90/><V91/><F27/><W62/><G62/><T118/><D118/><U16/><E107/><V128/><F128/><W129/><G112/><T28/><D61/><U84/><E17/><V44/><F44/><W86/><G86/><T29/><D103/><U34/><REACH who="1" step="1"/><E13/><REACH who="1" ten="210,320,230,230" step="2"/><V38/><F132/><W63/><G129/><T45/><REACH who="0" step="1"/><D29/><REACH who="0" ten="200,320,230,230" step="2"/><U95/><E95/><V69/><F93/><W7/><G123/><T114/><D114/><U33/><E33/><AGARI ba="0,2" hai="1,4,9,24,28,33,45,50,52,64,65,66,92,94" machi="33" ten="40,5200,0" yaku="1,1,52,1,54,1,53,0" doraHai="20" doraHaiUra="55" who="0" fromWho="1" sc="200,72,320,-52,230,0,230,0" /><INIT seed="2,0,0,2,0,10" ten="272,268,230,230" oya="2" hai0="58,103,107,121,4,12,8,120,39,85,115,78,22" hai1="17,97,124,68,59,132,41,114,61,7,98,77,99" hai2="80,24,134,19,47,111,50,96,93,123,100,53,104" hai3="28,25,0,64,21,55,31,94,95,20,56,54,52"/><V129/><F123/><W49/><G0/><T135/><D115/><U14/><E114/><V71/><F71/><W15/><G64/><T109/><D39/><U91/><E132/><V43/><F134/><W118/><G118/><T13/><D135/><U45/><E124/><V33/><F129/><W113/><G113/><T67/><D109/><U36/><E77/><V82/><F104/><W87/><G87/><T44/><D44/><U76/><E76/><V110/><F43/><W125/><G125/><T88/><D107/><U16/><E91/><V74/><F74/><W84/><G84/><T81/><D103/><U126/><E126/><V89/><F100/><W73/><G73/><T119/><D119/><U70/><E17/><V11/><F33/><W102/><G31/><T42/><D42/><U92/><E7/><V1/><F1/><W57/><G102/><T131/><D131/><U86/><E86/><V32/><F32/><W108/><G108/><N who="2" m="41513" /><F24/><W101/><G101/><T48/><D78/><U112/><E112/><V90/><F90/><W60/><G54/><T128/><D128/><U27/><E27/><V18/><F19/><AGARI ba="0,0" hai="15,19,20,21,25,28,49,52,55,56,57,60,94,95" machi="19" ten="40,5200,0" yaku="8,1,52,1,54,1" doraHai="10" who="3" fromWho="2" sc="272,0,268,0,230,-52,230,52" /><INIT seed="3,0,0,3,2,59" ten="272,268,178,282" oya="3" hai0="122,13,109,10,58,78,12,25,34,76,47,44,24" hai1="113,66,54,68,106,65,75,45,97,82,119,9,107" hai2="80,14,99,114,39,46,84,61,64,92,53,132,40" hai3="89,43,6,102,112,11,23,96,4,83,129,21,29"/><W100/><G112/><T95/><D122/><U60/><E113/><V55/><F114/><W38/><G129/><T8/><D109/><U128/><E128/><V79/><F132/><W30/><G38/><T71/><D58/><U5/><E119/><V42/><F42/><W27/><G43/><T73/><D95/><U133/><E133/><V36/><F14/><W130/><G130/><T134/><D134/><U127/><E127/><V31/><F31/><W2/><G2/><T91/><D91/><U20/><E20/><V33/><F33/><W57/><G57/><T85/><D85/><U104/><E82/><V26/><F26/><W111/><G111/><T51/><D51/><U120/><E75/><V135/><F39/><W37/><G37/><T3/><D3/><U50/><E65/><V126/><F126/><W0/><G6/><T115/><D115/><U86/><E86/><V17/><F17/><W124/><G124/><T87/><D87/><U19/><E19/><V62/><F135/><W77/><G23/><T123/><D123/><U93/><E120/><V1/><F1/><W131/><G30/><T15/><D15/><U101/><REACH who="1" step="1"/><E104/><REACH who="1" ten="272,258,178,282" step="2"/><V56/><REACH who="2" step="1"/><F62/><REACH who="2" ten="272,258,168,282" step="2"/><W49/><G131/><T88/><D34/><U74/><E74/><V81/><F81/><W98/><G83/><T116/><D116/><U22/><E22/><V118/><F118/><W70/><G21/><T16/><D73/><U63/><E63/><V32/><F32/><W69/><G29/><T103/><D8/><U28/><E28/><V121/><F121/><W110/><G110/><T7/><D10/><RYUUKYOKU ba="0,2" sc="272,-15,258,15,168,15,282,-15" hai1="5,9,45,50,54,60,66,68,93,97,101,106,107" hai2="36,40,46,53,55,56,61,64,79,80,84,92,99" /><INIT seed="4,1,2,5,0,55" ten="257,273,183,267" oya="0" hai0="69,93,103,118,105,90,0,8,132,76,36,111,94" hai1="54,74,73,102,2,85,30,65,134,112,92,47,45" hai2="84,59,5,86,50,62,123,88,19,53,122,20,52" hai3="27,114,22,26,10,49,71,108,89,29,43,117,97"/><T83/><D118/><U95/><E134/><V135/><F135/><W100/><G108/><T51/><D69/><U14/><E2/><V61/><F5/><W129/><G117/><T66/><D132/><U70/><E30/><V44/><F62/><W133/><G71/><T63/><D111/><U127/><E65/><V9/><F9/><W109/><G133/><T21/><D36/><U40/><E70/><V128/><F128/><W113/><G109/><T68/><D105/><U24/><E24/><V81/><REACH who="2" step="1"/><F86/><REACH who="2" ten="257,273,173,267" step="2"/><W96/><G10/><T42/><D8/><U35/><E85/><V115/><F115/><W75/><G129/><T38/><D0/><U101/><E112/><V16/><F16/><W91/><G114/><T131/><D131/><U58/><E14/><AGARI ba="1,3" hai="14,19,20,44,50,52,53,59,61,81,84,88,122,123" machi="14" ten="30,12000,2" yaku="1,1,7,1,52,1,54,2,53,1" doraHai="55" doraHaiUra="78" who="2" fromWho="1" sc="257,0,273,-123,173,153,267,0" /><INIT seed="5,0,0,2,2,60" ten="257,150,326,267" oya="1" hai0="82,35,102,107,104,7,39,62,117,110,113,34,86" hai1="97,95,44,92,98,91,130,72,103,3,114,66,14" hai2="131,45,123,49,116,29,32,42,78,59,93,13,120" hai3="109,63,18,19,58,21,6,41,43,0,12,77,124"/><U37/><E3/><V5/><F116/><W25/><G109/><T11/><D117/><U81/><E130/><V119/><F119/><W55/><G124/><T57/><D110/><U40/><E114/><V31/><F32/><W48/><G0/><T127/><D39/><U87/><E14/><V115/><F78/><W56/><G6/><T135/><D113/><U100/><E72/><V126/><F115/><W106/><G77/><T15/><D127/><U27/><E27/><V108/><F131/><W67/><REACH who="3" step="1"/><G106/><REACH who="3" ten="257,150,326,257" step="2"/><T71/><D107/><U26/><REACH who="1" step="1"/><E26/><REACH who="1" ten="257,140,326,257" step="2"/><V8/><F108/><W132/><G132/><T69/><D135/><U1/><E1/><V112/><F112/><W53/><G53/><T121/><D121/><U75/><E75/><V96/><F123/><W70/><G70/><T20/><D71/><U129/><E129/><V111/><F111/><W65/><G65/><AGARI ba="0,2" hai="37,40,44,65,66,81,87,91,92,95,97,98,100,103" machi="65" ten="40,12000,1" yaku="1,1,9,1,52,2,53,0" doraHai="60" doraHaiUra="4" who="1" fromWho="3" sc="257,0,140,140,326,0,257,-120" /><INIT seed="5,1,0,1,4,97" ten="257,280,326,137" oya="1" hai0="131,102,71,78,34,133,109,135,65,61,127,26,90" hai1="118,4,13,36,129,50,74,28,134,31,75,27,73" hai2="106,0,58,55,81,117,43,60,69,1,12,104,128" hai3="68,123,72,19,125,15,103,110,132,23,100,96,83"/><U38/><E118/><V101/><F117/><W105/><G123/><T37/><D109/><U14/><E134/><N who="0" m="51209" /><D131/><U35/><E129/><V98/><F128/><W39/><G132/><T88/><D78/><U87/><E87/><V9/><F106/><W130/><G130/><T57/><D37/><U114/><E50/><V94/><F69/><W22/><G110/><T99/><D127/><U113/><E4/><V80/><F104/><W126/><G68/><T85/><D85/><U20/><E20/><V82/><REACH who="2" step="1"/><F43/><REACH who="2" ten="257,280,316,137" step="2"/><W48/><G105/><N who="0" m="63711" /><D57/><U45/><E45/><V25/><F25/><W76/><G126/><T93/><D93/><U3/><E27/><V107/><F107/><W66/><G125/><T56/><D56/><U62/><E35/><V63/><F63/><W16/><G39/><N who="1" m="14890" /><E62/><V33/><F33/><W17/><G48/><T2/><D34/><U46/><E46/><V116/><F116/><W120/><G120/><T91/><D26/><U30/><E3/><AGARI ba="1,1" hai="2,3,61,65,71,88,90,91" m="63711,51209" machi="3" ten="30,3900,0" yaku="20,1,52,1,54,1" doraHai="97" who="0" fromWho="1" sc="257,52,280,-42,316,0,137,0" /><INIT seed="6,0,0,2,3,125" ten="309,238,316,137" oya="2" hai0="39,25,66,70,72,110,28,87,120,105,108,49,102" hai1="20,14,38,90,37,86,71,112,113,122,18,57,73" hai2="10,96,45,68,16,128,119,94,133,89,46,134,36" hai3="99,67,98,34,44,19,48,80,47,106,62,79,24"/><V107/><F119/><W50/><G19/><T82/><D120/><U22/><E122/><V53/><F68/><W8/><G8/><T100/><D39/><U127/><E127/><V33/><F107/><W55/><G106/><T32/><D72/><U88/><E73/><V41/><F33/><W40/><G24/><T26/><D26/><U95/><E71/><V64/><F64/><W1/><G1/><T117/><D117/><U78/><E78/><V115/><F115/><N who="1" m="44105" /><E22/><V9/><F46/><W3/><G3/><T0/><D0/><U121/><E121/><V118/><F53/><W65/><G34/><T27/><D49/><U124/><E124/><V63/><F63/><W43/><G55/><T12/><D12/><U85/><E57/><V23/><F118/><W83/><G79/><T132/><D25/><U2/><E2/><V104/><F104/><W69/><G69/><T130/><D100/><U13/><E13/><N who="2" m="9615" /><F10/><W103/><G103/><T126/><D126/><U131/><E38/><V7/><F9/><W60/><AGARI ba="0,0" hai="40,43,44,47,48,50,60,62,65,67,80,83,98,99" machi="60" ten="25,6400,0" yaku="0,1,22,2,8,1" doraHai="125" who="3" fromWho="3" sc="309,-16,238,-16,316,-32,137,64" /><INIT seed="7,0,0,1,2,30" ten="293,222,284,201" oya="3" hai0="54,24,132,42,12,68,23,38,43,41,66,99,33" hai1="95,120,46,129,62,100,96,65,91,20,13,35,77" hai2="130,116,83,107,127,86,2,10,80,48,118,93,101" hai3="82,123,56,106,79,40,45,18,1,94,7,27,67"/><W113/><G123/><T105/><D132/><U61/><E120/><V121/><F48/><W63/><G106/><T32/><D38/><U34/><E77/><V131/><F10/><W85/><G113/><T115/><D115/><U25/><E46/><V55/><F55/><W103/><G1/><T9/><D54/><U39/><E39/><V126/><F2/><W69/><G7/><T4/><D68/><U92/><E13/><V37/><F37/><W84/><G69/><T0/><D66/><U122/><E62/><V26/><F26/><W114/><G114/><T70/><D70/><U60/><E60/><V76/><F83/><W28/><G18/><T89/><D0/><U73/><E129/><N who="2" m="49163" /><F107/><W22/><G103/><T81/><D81/><U97/><E73/><V15/><F15/><W72/><REACH who="3" step="1"/><G94/><REACH who="3" ten="293,222,284,191" step="2"/><T14/><D105/><U104/><E104/><V44/><F121/><W17/><G17/><T49/><D99/><U53/><E122/><V78/><F101/><W8/><G8/><T31/><D89/><U108/><E108/><V133/><F78/><W58/><G58/><T88/><D88/><N who="1" m="55303" /><E65/><V71/><F71/><W11/><G11/><T51/><D14/><U64/><E64/><V36/><F93/><W21/><G21/><T6/><REACH who="0" step="1"/><D6/><REACH who="0" ten="283,222,284,191" step="2"/><U134/><E100/><V87/><F80/><W19/><G19/><T59/><D59/><N who="1" m="35055" /><E134/><V74/><F133/><W29/><G29/><T75/><D75/><U102/><E102/><V3/><F3/><W128/><G128/><T110/><D110/><U119/><E119/><N who="2" m="45611" /><F74/><W57/><G57/><T50/><AGARI ba="0,2" hai="4,9,12,23,24,31,32,33,41,42,43,49,50,51" machi="50" ten="30,12000,2" yaku="1,1,5,1,0,1,52,2,53,1" doraHai="30" doraHaiUra="16" who="0" fromWho="0" sc="283,140,222,-30,284,-30,191,-60" owari="423,52.3,192,-20.8,254,5.4,131,-36.9" /></mjloggm>