<mjloggm ver="2.3"><GO type="137" lobby="0"/><UN n0="%74%61%6E%69%73%68%6F" n1="%E2%93%9D%4C%75%63%6B%79%4A" n2="%E3%82%84%E3%81%A4%E3%81%8C%E3%82%8C" n3="%E3%83%A9%E3%83%A9" dan="10,10,12,11" rate="1552.94,1787.85,1771.56,1547.98" sx="M,M,M,M"/><TAIKYOKU oya="0"/><INIT seed="0,0,0,1,5,114" ten="250,250,250,250" oya="0" hai0="35,28,50,106,44,133,20,61,30,48,125,104,49" hai1="112,36,126,64,72,42,81,37,122,105,21,115,109" hai2="31,69,29,111,99,32,78,25,79,86,43,108,22" hai3="60,73,59,26,101,123,121,38,76,84,83,9,2"/><T33/><D33/><U56/><E105/><V40/><F69/><W130/><G130/><T58/><D35/><U15/><E72/><V132/><F132/><W80/><G101/><T131/><D131/><U134/><E81/><V113/><F113/><N who="1" m="43593" /><E15/><V82/><F99/><W41/><G26/><T102/><D133/><U3/><E3/><V54/><F54/><W88/><G41/><T63/><D125/><U87/><E87/><V89/><F32/><W8/><G38/><N who="1" m="14954" /><E21/><V12/><F12/><W16/><G9/><T17/><D102/><U116/><E122/><V52/><F31/><N who="0" m="11818" /><D106/><U85/><E85/><V127/><F127/><W128/><G128/><T11/><D11/><U94/><E94/><V6/><F6/><W91/><G91/><T53/><D104/><U75/><E75/><V10/><F10/><W66/><REACH who="3" step="1"/><G2/><REACH who="3" ten="250,250,250,240" step="2"/><T107/><D107/><U74/><E42/><V67/><F43/><W97/><G97/><T90/><D90/><U65/><E134/><V92/><F40/><W124/><G124/><T68/><D20/><U118/><E126/><V70/><F78/><W47/><G47/><T46/><D17/><U135/><E135/><V77/><F79/><W117/><G117/><T13/><D13/><AGARI ba="0,1" hai="8,13,16,59,60,66,73,76,80,83,84,88,121,123" machi="13" ten="40,5200,0" yaku="1,1,54,2,53,0" doraHai="114" doraHaiUra="18" who="3" fromWho="0" sc="250,-52,250,0,250,0,240,62" /><INIT seed="1,0,0,2,2,18" ten="198,250,250,302" oya="1" hai0="65,98,60,10,109,115,43,121,76,128,15,16,91" hai1="47,39,30,86,22,32,58,90,82,9,61,89,37" hai2="2,17,53,99,31,35,3,23,106,132,123,12,69" hai3="122,73,67,51,78,21,45,127,92,4,103,101,8"/><U40/><E32/><V126/><F53/><W44/><G122/><T88/><D115/><U134/><E134/><V57/><F57/><W48/><G67/><T131/><D76/><U56/><E39/><V102/><F132/><W6/><G127/><T87/><D43/><U26/><E9/><V93/><F123/><W62/><G62/><T130/><D121/><U100/><E100/><V25/><F126/><W118/><G118/><T59/><D109/><U20/><E90/><V1/><REACH who="2" step="1"/><F69/><REACH who="2" ten="198,250,240,302" step="2"/><W120/><G120/><T28/><D28/><U94/><E58/><V54/><F54/><W84/><G73/><T64/><D98/><U49/><E37/><V38/><F38/><W112/><G112/><T125/><D125/><U42/><E42/><V114/><F114/><W108/><G108/><T41/><D41/><U29/><E82/><V46/><F46/><W113/><G44/><T129/><N who="0" m="32768" /><DORA hai="96" /><T11/><D65/><U97/><E97/><V50/><F50/><W72/><G51/><T63/><D63/><U0/><E0/><V104/><AGARI ba="0,1" hai="1,2,3,12,17,23,25,31,35,93,99,102,104,106" machi="104" ten="40,8000,1" yaku="1,1,0,1,52,2,53,1" doraHai="18,96" doraHaiUra="116,27" who="2" fromWho="2" sc="198,-20,250,-40,240,90,302,-20" /><INIT seed="2,0,0,3,0,7" ten="178,210,330,282" oya="2" hai0="106,44,74,132,86,91,19,22,73,32,26,87,96" hai1="92,79,117,37,23,99,125,20,122,48,66,63,126" hai2="130,39,112,9,105,2,102,121,70,33,115,53,76" hai3="119,27,80,85,67,50,83,89,68,40,11,95,41"/><V18/><F39/><W14/><G119/><T88/><D132/><U82/><E37/><V51/><F121/><W62/><G27/><T111/><D32/><U34/><E34/><V98/><F130/><W71/><G71/><T1/><D1/><U16/><E48/><V55/><F76/><W46/><G40/><T108/><D44/><U113/><E113/><V128/><F128/><W101/><G101/><N who="0" m="62759" /><D26/><U110/><E110/><N who="0" m="42025" /><D22/><U135/><E122/><V5/><F70/><W36/><G36/><T24/><D24/><U17/><E23/><V69/><F69/><W54/><G41/><T107/><D19/><AGARI ba="0,0" hai="11,14,19,46,50,54,62,67,68,80,83,85,89,95" machi="19" ten="30,2000,0" yaku="7,1,52,1" doraHai="7" who="3" fromWho="0" sc="178,-20,210,0,330,0,282,20" /><INIT seed="3,0,0,5,5,81" ten="158,210,330,302" oya="3" hai0="131,97,37,23,85,44,14,6,126,104,127,88,32" hai1="118,91,36,68,52,38,77,95,60,40,9,43,7" hai2="130,57,53,96,99,56,134,51,124,120,78,29,70" hai3="28,22,16,111,49,76,105,90,119,31,94,75,83"/><W59/><G119/><T8/><D32/><U45/><E77/><V89/><F70/><W129/><G105/><T69/><D69/><U65/><E118/><V18/><F120/><W27/><G129/><T26/><D131/><U62/><E9/><V48/><F130/><W63/><G49/><T112/><D112/><U55/><E7/><V122/><F122/><W61/><G61/><T72/><D72/><U84/><E62/><V92/><F134/><W113/><G113/><T67/><D67/><U21/><E21/><V98/><F124/><N who="0" m="47658" /><D44/><AGARI ba="0,0" hai="36,38,40,43,44,45,52,55,60,65,68,84,91,95" machi="44" ten="40,5200,0" yaku="9,1,52,1,54,1" doraHai="81" who="1" fromWho="0" sc="158,-52,210,52,330,0,302,0" /><INIT seed="4,0,0,2,3,55" ten="106,262,330,302" oya="0" hai0="50,34,22,108,86,29,53,23,101,59,52,24,133" hai1="87,48,103,2,30,15,135,106,129,64,17,67,94" hai2="9,115,5,25,28,97,85,18,7,75,0,57,31" hai3="20,63,33,126,39,54,60,46,117,95,1,61,13"/><T132/><D101/><U125/><E2/><V105/><F75/><W11/><G1/><T72/><D72/><U16/><E129/><V83/><F7/><W84/><G117/><T91/><D108/><U4/><E30/><V120/><F120/><W41/><G33/><T10/><D10/><U56/><E135/><N who="0" m="51785" /><D53/><N who="1" m="31783" /><E125/><V113/><F105/><W36/><G36/><T99/><D99/><N who="1" m="59895" /><E106/><V134/><F97/><W66/><G126/><T80/><AGARI ba="0,0" hai="22,23,24,29,34,50,52,59,80,86,91" m="51785" machi="80" ten="30,6000,0" yaku="20,1,52,1,54,1" doraHai="55" who="0" fromWho="0" sc="106,60,262,-20,330,-20,302,-20" /><INIT seed="4,1,0,2,3,11" ten="166,242,310,282" oya="0" hai0="33,100,10,93,103,111,96,29,90,23,6,2,77" hai1="127,21,128,118,94,1,120,45,9,101,102,69,119" hai2="99,27,71,109,73,43,87,56,104,15,80,42,89" hai3="125,14,70,126,52,18,53,3,65,20,57,35,37"/><T81/><D33/><U83/><E69/><V51/><F71/><W115/><G37/><T75/><D111/><U50/><E120/><V13/><F73/><W114/><G35/><T131/><D131/><U68/><E68/><V106/><F109/><W116/><G70/><T66/><D66/><U46/><E83/><V97/><F27/><W132/><G3/><T124/><REACH who="0" step="1"/><D124/><REACH who="0" ten="156,242,310,282" step="2"/><N who="3" m="47721" /><G116/><T112/><D112/><N who="3" m="43049" /><G132/><T85/><D85/><U17/><E127/><V95/><F106/><W129/><G129/><T5/><D5/><U82/><E128/><V31/><F104/><W39/><G39/><T133/><D133/><U105/><E119/><V79/><F99/><W91/><G91/><T26/><AGARI ba="1,1" hai="2,6,10,23,26,29,75,77,81,90,93,96,100,103" machi="26" ten="30,11700,0" yaku="1,1,0,1,53,2" doraHai="11" doraHaiUra="98" who="0" fromWho="0" sc="156,130,242,-40,310,-40,282,-40" /><INIT seed="4,2,0,0,2,70" ten="286,202,270,242" oya="0" hai0="67,91,103,25,1,21,119,5,26,38,77,92,39" hai1="45,60,41,129,135,117,126,113,108,99,42,93,3" hai2="29,133,80,56,62,33,43,122,100,2,31,90,102" hai3="35,109,86,64,112,74,54,36,34,132,118,69,16"/><T48/><D119/><U47/><E117/><V46/><F2/><W101/><G109/><T14/><D1/><U22/><E108/><V37/><F122/><W49/><G74/><T20/><D67/><U6/><E126/><V73/><F133/><W83/><G132/><T50/><D77/><U13/><E129/><V10/><F10/><W66/><G118/><T18/><D103/><U114/><E60/><V7/><F7/><W12/><G101/><T98/><D48/><U51/><E3/><V97/><F100/><W104/><G104/><T63/><D63/><U134/><E22/><V28/><F90/><W105/><G105/><T72/><D72/><U44/><E13/><V27/><F80/><W11/><G36/><T125/><D125/><U8/><E8/><V115/><F73/><W40/><G40/><N who="1" m="15466" /><E6/><V52/><REACH who="2" step="1"/><F115/><REACH who="2" ten="286,202,260,242" step="2"/><N who="1" m="44041" /><E51/><V53/><F53/><W24/><G112/><T57/><D5/><U87/><E87/><V4/><F4/><W111/><G111/><T96/><D96/><U15/><E15/><V55/><F55/><W107/><G107/><AGARI ba="2,1" hai="27,28,29,31,33,37,43,46,52,56,62,97,102,107" machi="107" ten="30,7700,0" yaku="1,1,7,1,52,1,54,1,53,0" doraHai="70" doraHaiUra="65" who="2" fromWho="3" sc="286,0,202,0,260,93,242,-83" /><INIT seed="5,0,0,4,1,28" ten="286,202,353,159" oya="1" hai0="48,98,126,24,4,87,90,27,116,50,15,3,53" hai1="11,37,73,86,70,134,18,76,7,17,120,111,81" hai2="52,75,102,92,49,10,112,124,108,31,62,9,34" hai3="84,94,78,133,67,118,56,101,68,127,43,77,19"/><U35/><E120/><V60/><F75/><W119/><G68/><T2/><D116/><N who="3" m="44585" /><G133/><T125/><D98/><U114/><E134/><V97/><F108/><W40/><G127/><N who="0" m="48651" /><D48/><U23/><E114/><V100/><F124/><W30/><G30/><T71/><D71/><U6/><E37/><V64/><F100/><W105/><G105/><T130/><D130/><U107/><E70/><V51/><F112/><W58/><G101/><T47/><D15/><U113/><E111/><V42/><F49/><W89/><G67/><T72/><D72/><U85/><E107/><V45/><F60/><W55/><G19/><T103/><D103/><U36/><E18/><V131/><F42/><N who="3" m="15915" /><G58/><T95/><D4/><U129/><E7/><V57/><REACH who="2" step="1"/><F131/><REACH who="2" ten="286,202,343,159" step="2"/><W13/><G13/><T38/><D38/><U20/><E36/><V16/><F16/><W29/><G29/><T46/><D47/><U26/><E129/><V22/><F22/><W88/><G89/><T121/><D121/><U25/><E113/><V83/><F83/><W65/><G65/><T123/><D123/><U44/><E17/><V110/><F110/><W12/><G12/><T1/><AGARI ba="0,1" hai="1,2,3,24,27,46,50,53,87,90,95" m="48651" machi="1" ten="40,1500,0" yaku="18,1" doraHai="28" who="0" fromWho="0" sc="286,25,202,-7,343,-4,159,-4" /><INIT seed="6,0,0,0,1,130" ten="311,195,339,155" oya="2" hai0="24,104,54,42,48,85,32,37,135,134,44,4,5" hai1="68,67,12,43,22,61,72,79,14,40,88,126,47" hai2="53,1,110,31,116,7,57,60,92,81,27,113,109" hai3="19,127,133,122,114,107,69,58,97,74,36,118,30"/><V129/><F1/><W2/><RYUUKYOKU type="yao9" ba="0,0" sc="311,0,195,0,339,0,155,0" hai3="2,19,30,36,58,69,74,97,107,114,118,122,127,133" /><INIT seed="6,1,0,3,1,51" ten="311,195,339,155" oya="2" hai0="53,15,23,109,1,18,45,76,32,111,2,31,112" hai1="79,34,130,38,16,5,82,78,12,28,104,6,48" hai2="47,122,17,98,135,88,58,62,57,25,85,81,7" hai3="50,110,75,3,13,86,92,118,66,77,101,129,54"/><V87/><F7/><W33/><G110/><T124/><D76/><U123/><E38/><V11/><F122/><W4/><G33/><T19/><D45/><U14/><E104/><V72/><F135/><W73/><G118/><T22/><D53/><U71/><E71/><V29/><F47/><W26/><G66/><T65/><D65/><U128/><E79/><V90/><F72/><W126/><G126/><T131/><D124/><U132/><E48/><V91/><F98/><W60/><G3/><N who="0" m="1035" /><D131/><N who="1" m="50219" /><E132/><V133/><F133/><W105/><G129/><T8/><D112/><U37/><E37/><V120/><F120/><W61/><G105/><T39/><D39/><U97/><E97/><V55/><F58/><W24/><G73/><T103/><D103/><U36/><E36/><V43/><F43/><W106/><G106/><T100/><D100/><U67/><E67/><V63/><F62/><N who="3" m="24171" /><G75/><T35/><D111/><U64/><E64/><V115/><F115/><W42/><G42/><T30/><D109/><U121/><E123/><V83/><F11/><N who="3" m="4327" /><G101/><T99/><D99/><U94/><E121/><V69/><F69/><W52/><G77/><T56/><D56/><U89/><E78/><V117/><F117/><W125/><G125/><T114/><D114/><U113/><E113/><V46/><F46/><N who="3" m="27735" /><G54/><T80/><D80/><U40/><E82/><V9/><F9/><W10/><G10/><T70/><D70/><U41/><E41/><V74/><F74/><W134/><G134/><T107/><D107/><U95/><E40/><V108/><F108/><W20/><G20/><N who="0" m="7723" /><D19/><U0/><E0/><RYUUKYOKU ba="1,0" sc="311,15,195,-15,339,-15,155,15" hai0="8,15,18,30,31,32,35" hai3="24,26,86,92" /><INIT seed="7,2,0,1,2,131" ten="326,180,324,170" oya="3" hai0="92,124,35,120,83,41,63,43,20,97,19,57,79" hai1="24,103,122,114,8,58,40,115,15,85,94,52,13" hai2="116,74,80,42,27,17,39,30,98,105,18,128,68" hai3="60,47,71,132,32,89,76,64,46,107,100,102,1"/><W36/><G32/><T135/><D35/><U112/><E122/><V37/><F17/><W126/><G1/><T61/><D120/><U101/><E40/><V59/><F18/><W10/><G126/><T26/><D124/><U72/><E72/><V106/><F59/><W34/><G34/><T127/><D127/><U91/><E24/><V95/><F116/><W99/><G100/><N who="1" m="38474" /><E8/><V69/><F128/><W111/><G111/><T104/><D104/><U6/><E6/><V78/><F95/><W14/><G76/><T49/><D49/><AGARI ba="2,0" hai="13,15,49,52,58,85,91,94,112,114,115" m="38474" machi="49" ten="30,2000,0" yaku="15,1,54,1" doraHai="131" who="1" fromWho="0" sc="326,-26,180,26,324,0,170,0" owari="300,10.0,206,-19.4,324,42.4,170,-33.0" /></mjloggm>