<mjloggm ver="2.3"><GO type="41" lobby="0"/><UN n0="%E2%93%9D%4C%75%63%6B%79%4A" n1="%E5%8E%AD%E5%A4%9C" n2="%43%55%4B%45%59" n3="%E3%81%BD%E3%83%BC%E3%81%BF%E3%82%93" dan="18,15,14,14" rate="2219.55,2038.75,1967.87,1934.89" sx="M,M,M,M"/><TAIKYOKU oya="0"/><INIT seed="0,0,0,3,5,23" ten="250,250,250,250" oya="0" hai0="79,134,59,40,31,44,71,130,58,96,87,52,14" hai1="122,53,51,13,124,61,80,55,28,33,37,102,125" hai2="45,78,116,128,60,38,7,90,88,41,16,114,77" hai3="89,39,11,68,98,50,1,34,27,118,121,17,66"/><T10/><D71/><U97/><E122/><V74/><F114/><W85/><G39/><T92/><D134/><U84/><E37/><V117/><F128/><W67/><G118/><N who="2" m="45673" /><F7/><W6/><G121/><T133/><D133/><U129/><E129/><V2/><F2/><W22/><G98/><T62/><D59/><U20/><E33/><V111/><F111/><W105/><G105/><T15/><D130/><U72/><E72/><V29/><F29/><W115/><G115/><T48/><D31/><U73/><E73/><V69/><F74/><W4/><G4/><T47/><D47/><U57/><E13/><V42/><F42/><W25/><G50/><T24/><D24/><U95/><E20/><V135/><F16/><W21/><G34/><T112/><D112/><U109/><E109/><V108/><F135/><W8/><G8/><T103/><REACH who="0" step="1"/><D10/><REACH who="0" ten="240,250,250,250" step="2"/><U75/><E28/><V82/><F108/><W76/><G68/><T83/><AGARI ba="0,1" hai="14,15,40,44,48,52,58,62,79,83,87,92,96,103" machi="83" ten="30,18000,2" yaku="1,1,2,1,0,1,8,1,54,1,53,1" doraHai="23" doraHaiUra="56" who="0" fromWho="0" sc="240,190,250,-60,250,-60,250,-60" /><INIT seed="0,1,0,4,3,45" ten="430,190,190,190" oya="0" hai0="89,92,1,75,33,131,77,24,93,2,36,48,108" hai1="126,43,52,110,104,64,99,85,63,125,4,70,23" hai2="123,81,15,106,86,62,72,79,13,114,29,94,119" hai3="66,22,27,30,69,78,25,7,73,49,100,130,50"/><T122/><D122/><U83/><E110/><V40/><F123/><W71/><G130/><T96/><D36/><U134/><E134/><V133/><F114/><W105/><G7/><T97/><D131/><U84/><E43/><V19/><F133/><W3/><G3/><T135/><D135/><U80/><E4/><V124/><F106/><W28/><G78/><T44/><D108/><U42/><E42/><V37/><F29/><W18/><G73/><T120/><D120/><U74/><E74/><V118/><F62/><W54/><G18/><T109/><D109/><U58/><E23/><V68/><F68/><W129/><G129/><T87/><D33/><U8/><E8/><V20/><F124/><N who="1" m="47721" /><E99/><V67/><F67/><W128/><G128/><T107/><D107/><U35/><E35/><V113/><F113/><W5/><G5/><T91/><D24/><U9/><E9/><V127/><F127/><W103/><G105/><T132/><D132/><U10/><E10/><V88/><F40/><W98/><G98/><T17/><D17/><U56/><E104/><V59/><F37/><W41/><G41/><T121/><D121/><U46/><E46/><V47/><F47/><W117/><G66/><T12/><D12/><U53/><E70/><V51/><F13/><W112/><G22/><T111/><D111/><U76/><E58/><V14/><F14/><W31/><G31/><T60/><D75/><U55/><E64/><V82/><F82/><W65/><G65/><T115/><D115/><U16/><E16/><V34/><F34/><W0/><G112/><T21/><D44/><RYUUKYOKU ba="1,0" sc="430,-15,190,15,190,15,190,-15" hai1="52,53,55,56,63,76,80,83,84,85" hai2="15,19,20,51,59,72,79,81,86,88,94,118,119" /><INIT seed="1,2,0,1,4,23" ten="415,205,205,175" oya="1" hai0="7,41,1,127,117,11,71,28,29,38,18,12,108" hai1="95,94,59,86,56,5,8,74,116,98,47,31,81" hai2="76,83,49,50,104,20,135,25,134,107,119,106,51" hai3="122,80,69,62,68,133,114,44,6,32,57,100,61"/><U73/><E116/><V4/><F4/><W90/><G114/><T84/><D71/><U45/><E31/><V66/><F66/><W54/><G122/><T120/><D117/><U124/><E124/><V52/><F119/><W109/><G32/><T42/><D108/><U10/><E86/><V48/><F20/><W118/><G118/><T64/><D64/><U43/><E5/><V121/><F121/><W67/><G100/><T72/><D72/><U39/><E81/><V128/><F128/><W55/><G6/><T34/><D38/><U96/><REACH who="1" step="1"/><E43/><REACH who="1" ten="415,195,205,175" step="2"/><V130/><F130/><W19/><G19/><T30/><D127/><U105/><E105/><V111/><F111/><W35/><G109/><T58/><D42/><U102/><E102/><V37/><F107/><W16/><G16/><T89/><D41/><U33/><E33/><V53/><F106/><W110/><G35/><T13/><D34/><U112/><E112/><V9/><F104/><W0/><G110/><T60/><D18/><U21/><E21/><V101/><F101/><W123/><G123/><T88/><D120/><U15/><E15/><V65/><F83/><W97/><G80/><T99/><D84/><U2/><E2/><V36/><N who="2" m="12288" /><DORA hai="132" /><V85/><F85/><W78/><G0/><T91/><D99/><U131/><E131/><V77/><F135/><W26/><G97/><T24/><D24/><U125/><E125/><V129/><F134/><W87/><G26/><T75/><D75/><U92/><E92/><V82/><F129/><W63/><G133/><T40/><D40/><U93/><E93/><RYUUKYOKU ba="2,1" sc="415,15,195,15,205,-15,175,-15" hai0="1,7,11,12,13,28,29,30,58,60,88,89,91" hai1="8,10,39,45,47,56,59,73,74,94,95,96,98" /><INIT seed="1,3,1,2,3,26" ten="430,210,190,160" oya="1" hai0="48,95,73,96,46,66,38,86,37,67,56,102,127" hai1="4,30,113,123,57,124,9,110,131,40,112,116,89" hai2="128,31,91,19,122,13,45,100,117,79,53,130,20" hai3="41,76,90,42,49,58,94,12,71,119,84,22,17"/><U106/><E123/><V55/><F122/><W85/><G71/><T65/><D73/><U14/><E116/><V129/><F117/><W43/><G119/><T101/><D127/><U93/><E106/><V115/><F115/><W99/><G76/><T47/><D102/><U35/><E124/><V2/><F2/><W74/><G74/><T125/><D125/><U83/><E83/><V135/><F79/><W121/><G121/><T78/><D38/><U63/><E40/><V103/><F135/><W69/><G69/><T72/><D37/><U81/><E81/><V133/><F133/><W111/><G111/><T25/><D25/><U87/><E131/><V118/><F118/><W61/><REACH who="3" step="1"/><G49/><REACH who="3" ten="430,210,190,150" step="2"/><T104/><D72/><U7/><E110/><V52/><F129/><W114/><G114/><T10/><D78/><U108/><E108/><V126/><F128/><W80/><G80/><T0/><D48/><U132/><E132/><V50/><F130/><W39/><G39/><T34/><D67/><AGARI ba="3,2" hai="12,17,22,41,42,43,58,61,67,84,85,90,94,99" machi="67" ten="40,2600,0" yaku="1,1,8,1,53,0" doraHai="26" doraHaiUra="98" who="3" fromWho="0" sc="430,-35,210,0,190,0,150,55" /><INIT seed="2,0,0,4,3,79" ten="395,210,190,205" oya="2" hai0="109,85,81,95,71,7,128,61,127,118,76,97,116" hai1="60,51,16,125,98,121,87,117,36,55,104,21,120" hai2="108,64,112,45,123,66,53,124,42,14,102,34,70" hai3="84,89,75,12,30,48,126,82,33,10,74,133,67"/><V35/><F112/><W23/><G33/><T15/><D71/><U88/><E117/><N who="0" m="45161" /><D61/><U115/><E115/><V122/><F14/><W40/><G126/><T20/><D7/><U52/><E36/><N who="2" m="21703" /><F102/><W56/><G133/><T37/><D37/><U11/><E11/><V13/><F13/><W39/><G39/><T119/><N who="0" m="45169" /><T29/><DORA hai="69" /><D128/><U68/><E125/><V91/><F91/><W32/><G32/><T131/><D131/><U8/><E8/><V78/><F124/><W83/><G67/><T105/><D127/><U31/><E31/><V73/><F64/><W107/><G107/><T2/><D2/><U94/><E68/><V27/><F53/><W111/><G111/><T62/><D109/><U22/><E22/><V132/><F108/><W59/><G74/><T54/><D15/><N who="1" m="9375" /><E60/><N who="2" m="40263" /><F132/><W99/><G99/><T134/><D97/><U92/><E104/><V0/><F35/><W86/><G75/><T24/><D105/><U103/><E55/><V19/><F19/><N who="3" m="10727" /><G30/><T1/><D134/><U58/><AGARI ba="0,0" hai="51,52,58,87,88,92,94,98,103,120,121" m="9375" machi="58" ten="30,7900,0" yaku="25,1,54,3" doraHai="79,69" who="1" fromWho="1" sc="395,-20,210,79,190,-39,205,-20" /><INIT seed="3,0,0,4,0,100" ten="375,289,151,185" oya="3" hai0="66,17,122,23,134,22,109,81,101,83,52,120,135" hai1="111,57,46,29,6,65,95,72,24,51,50,80,11" hai2="92,12,113,31,55,67,130,64,27,60,15,93,10" hai3="41,28,16,38,25,54,36,129,39,18,30,45,1"/><W19/><G1/><T89/><D66/><U62/><E111/><V98/><F113/><W5/><G5/><T110/><D101/><U69/><E69/><V87/><F130/><W107/><G129/><T115/><D89/><U128/><E128/><V77/><F55/><W96/><G96/><T132/><D115/><U78/><E95/><V20/><F67/><W91/><G91/><T131/><D131/><U105/><E46/><V112/><F112/><W14/><G107/><T42/><D42/><U119/><E119/><V133/><F133/><W76/><G76/><T49/><D23/><U21/><REACH who="1" step="1"/><E105/><REACH who="1" ten="375,279,151,185" step="2"/><V0/><F92/><W114/><G114/><T4/><D110/><U56/><E56/><V63/><F93/><W99/><G99/><T88/><D109/><U118/><E118/><V73/><F98/><W102/><G102/><T84/><D83/><U40/><E40/><V8/><F64/><W116/><G116/><T90/><D90/><U97/><E97/><V43/><F43/><W34/><G41/><T79/><D79/><U47/><E47/><V104/><F104/><W124/><G124/><T82/><D82/><U68/><E68/><V74/><F77/><W126/><G126/><T71/><D71/><U26/><E26/><V13/><F27/><W48/><REACH who="3" step="1"/><G30/><REACH who="3" ten="375,279,151,175" step="2"/><T106/><D106/><U121/><E121/><V44/><F31/><W94/><G94/><T7/><D122/><U70/><E70/><V61/><F74/><W86/><G86/><T32/><D120/><U3/><AGARI ba="0,2" hai="3,6,11,21,24,29,50,51,57,62,65,72,78,80" machi="3" ten="20,5200,0" yaku="1,1,0,1,7,1,53,1" doraHai="100" doraHaiUra="35" who="1" fromWho="1" sc="375,-13,279,72,151,-13,175,-26" /><INIT seed="4,0,0,0,3,107" ten="362,351,138,149" oya="0" hai0="78,11,114,118,115,55,60,33,93,83,21,84,104" hai1="77,36,65,47,81,17,129,49,32,68,64,18,94" hai2="79,25,43,2,24,27,86,39,40,46,7,67,125" hai3="37,88,120,38,9,131,35,106,121,70,23,112,51"/><T97/><D33/><U123/><E123/><V90/><F125/><W29/><G35/><T98/><D11/><U10/><E36/><V6/><F40/><W91/><G70/><T135/><D21/><U89/><E32/><V116/><F116/><W5/><G106/><T61/><D55/><U100/><E129/><V12/><F67/><W80/><G112/><N who="0" m="43051" /><D61/><U58/><E58/><V69/><F69/><W28/><G51/><T30/><D30/><U108/><E108/><V92/><F2/><W96/><G131/><T85/><D60/><U111/><E100/><V57/><F57/><W76/><G23/><T130/><D135/><U102/><E102/><V95/><F95/><W66/><G66/><T59/><D59/><U44/><E111/><V103/><F103/><W15/><G29/><T128/><D118/><U124/><E124/><V75/><REACH who="2" step="1"/><F12/><REACH who="2" ten="362,351,128,149" step="2"/><W110/><G110/><T105/><D130/><U122/><E68/><V62/><F62/><W119/><G119/><T127/><D127/><U74/><E65/><V1/><F1/><W8/><G15/><T54/><D128/><U126/><E74/><V19/><F19/><W82/><G28/><T56/><D56/><U52/><E64/><V63/><F63/><W41/><G41/><T13/><D13/><U14/><E126/><V71/><F71/><W42/><G42/><T16/><D16/><U4/><E18/><V133/><F133/><W73/><G121/><T45/><D105/><U22/><E122/><V134/><F134/><W0/><G120/><T87/><D104/><U48/><E17/><V72/><F72/><RYUUKYOKU ba="0,1" sc="362,-10,351,-10,128,30,149,-10" hai2="6,7,24,25,27,39,43,46,75,79,86,90,92" /><INIT seed="5,1,1,2,4,36" ten="352,341,158,139" oya="1" hai0="52,21,31,71,110,123,115,58,63,1,72,89,102" hai1="116,37,91,128,32,34,30,87,23,92,108,98,77" hai2="97,69,7,113,51,109,68,95,10,135,48,85,18" hai3="2,53,57,65,29,3,59,125,40,45,107,11,122"/><U130/><E116/><V104/><F109/><W105/><G122/><T67/><D110/><U66/><E108/><V129/><F104/><W56/><G125/><T60/><D72/><U44/><E66/><V117/><F117/><W16/><G29/><T114/><D1/><U73/><E73/><V133/><F85/><W118/><G118/><T42/><D102/><U132/><E132/><V64/><F18/><W9/><G65/><T6/><D6/><U94/><E23/><V22/><F22/><W47/><G53/><T24/><D123/><U82/><E92/><V103/><F129/><N who="1" m="49769" /><E30/><V86/><F113/><N who="0" m="43018" /><D89/><U50/><E37/><V62/><F69/><W38/><G38/><T27/><D27/><U19/><E19/><V61/><F86/><W81/><G16/><T78/><D78/><U13/><E13/><V12/><REACH who="2" step="1"/><F62/><REACH who="2" ten="352,341,148,139" step="2"/><W76/><G107/><T39/><D39/><U120/><E120/><V88/><F88/><W83/><G105/><T100/><D100/><U84/><E87/><V119/><F119/><W20/><G20/><T4/><D4/><U54/><AGARI ba="1,2" hai="32,34,44,50,54,77,82,84,91,94,98" m="49769" machi="54" ten="30,1500,0" yaku="19,1" doraHai="36" who="1" fromWho="1" sc="352,-6,341,38,148,-6,139,-6" /><INIT seed="5,2,0,1,5,95" ten="346,379,142,133" oya="1" hai0="43,107,1,25,133,85,13,70,89,134,79,88,123" hai1="27,26,99,36,19,33,97,57,34,51,56,90,48" hai2="28,110,103,66,135,78,80,86,52,17,11,10,8" hai3="53,3,114,121,116,54,115,125,109,108,104,24,0"/><U2/><E36/><V126/><F110/><N who="3" m="42603" /><G104/><T93/><D1/><N who="3" m="585" /><G24/><T39/><D70/><U132/><E2/><V100/><F126/><W49/><G49/><T59/><D107/><U40/><E90/><V58/><F28/><W67/><G67/><T5/><D79/><U35/><E19/><V16/><F66/><W81/><G81/><T45/><D123/><U32/><E32/><V112/><F112/><N who="3" m="43051" /><G125/><T14/><D25/><N who="1" m="9227" /><E40/><V83/><F135/><N who="0" m="51722" /><D5/><U102/><E132/><V4/><F4/><W122/><G53/><T21/><D21/><U62/><E62/><N who="2" m="36167" /><F83/><W120/><G54/><T73/><D73/><U41/><E41/><V82/><F82/><W30/><G30/><T7/><D7/><U68/><E68/><V50/><F50/><N who="1" m="18985" /><E102/><AGARI ba="2,0" hai="8,10,11,16,17,78,80,86,100,102,103" m="36167" machi="102" ten="30,3900,0" yaku="8,1,54,2" doraHai="95" who="2" fromWho="1" sc="346,0,379,-45,142,45,133,0" /><INIT seed="6,0,0,2,4,27" ten="346,334,187,133" oya="2" hai0="67,24,110,3,64,43,14,99,25,61,36,11,17" hai1="72,48,104,7,4,84,62,31,100,130,45,66,79" hai2="81,19,35,42,127,73,37,133,56,126,87,30,21" hai3="12,59,74,83,106,129,95,49,128,68,57,53,88"/><V70/><F70/><W10/><G106/><T34/><D110/><U115/><E72/><V0/><F37/><W16/><G68/><T46/><D3/><U2/><E115/><V125/><F42/><W5/><G74/><T91/><D67/><U102/><E130/><V92/><F133/><W111/><G111/><T40/><D43/><U22/><E104/><V77/><F0/><W54/><G83/><T131/><D131/><U6/><E2/><V122/><F122/><W134/><G134/><T20/><D34/><U18/><E79/><V118/><F118/><W8/><G129/><T113/><D113/><U82/><E84/><V94/><F73/><W32/><G32/><T29/><D25/><N who="1" m="16823" /><E82/><V69/><F69/><W98/><G128/><T121/><D121/><U52/><E18/><V93/><F56/><AGARI ba="0,0" hai="4,6,7,45,48,52,56,62,66,100,102" m="16823" machi="56" ten="30,3900,0" yaku="8,1,52,1,54,1" doraHai="27" who="1" fromWho="2" sc="346,0,334,39,187,-39,133,0" /><INIT seed="7,0,0,1,0,134" ten="346,373,148,133" oya="3" hai0="119,73,17,130,80,113,101,76,129,110,83,8,29" hai1="9,71,48,19,10,36,34,118,30,93,85,107,22" hai2="65,106,57,55,133,122,105,35,108,96,79,41,88" hai3="45,121,20,116,124,104,125,13,66,63,53,16,31"/><W56/><G116/><T51/><D29/><U74/><E36/><V60/><F133/><W46/><G121/><T72/><D17/><U87/><E74/><N who="0" m="28777" /><D8/><U43/><E107/><V27/><F108/><W92/><G104/><T6/><D6/><U126/><E71/><V109/><F79/><W69/><G31/><T50/><D101/><U0/><E0/><V42/><F109/><W61/><G92/><T14/><D14/><U128/><E34/><V2/><F2/><W40/><REACH who="3" step="1"/><G46/><REACH who="3" ten="346,373,148,123" step="2"/><T82/><D119/><U114/><E30/><V1/><F122/><W39/><AGARI ba="0,1" hai="13,16,20,39,40,45,53,56,61,63,66,69,124,125" machi="39" ten="30,18000,2" yaku="1,1,2,1,0,1,52,2,54,1,53,0" doraHai="134" doraHaiUra="111" who="3" fromWho="3" sc="346,-60,373,-60,148,-60,123,190" /><INIT seed="7,1,0,2,2,106" ten="286,313,88,313" oya="3" hai0="55,99,5,100,67,89,96,83,44,82,31,26,63" hai1="135,29,38,58,69,121,74,30,22,40,130,93,15" hai2="23,94,46,27,16,72,79,127,126,32,1,0,104" hai3="78,87,117,91,118,81,64,128,134,2,39,76,47"/><W114/><G2/><T102/><D5/><U86/><E121/><V80/><F104/><W123/><G64/><T37/><D37/><U8/><E74/><V107/><F107/><W36/><G123/><T129/><D129/><U98/><E69/><V35/><F94/><W115/><G47/><T66/><D55/><U12/><E130/><V92/><F92/><W50/><G50/><T43/><D43/><U21/><E38/><V52/><F35/><W90/><G128/><T53/><D53/><U132/><E86/><V70/><F70/><W41/><G41/><T10/><D10/><U75/><E75/><V103/><F103/><W19/><G19/><T28/><D44/><U125/><E125/><N who="2" m="47627" /><F32/><W51/><G51/><T113/><D26/><U61/><E40/><V9/><F9/><W84/><G134/><N who="1" m="51242" /><E29/><V119/><F119/><W13/><G13/><N who="1" m="5194" /><E8/><V77/><F77/><W45/><G45/><T18/><D18/><U108/><E30/><V65/><F65/><W49/><G49/><T11/><D11/><U110/><E21/><V131/><F131/><W24/><G24/><T57/><D63/><U33/><E22/><V109/><F109/><W7/><G81/><T124/><D124/><U25/><E25/><V54/><F46/><W112/><G115/><T105/><D113/><U101/><E33/><V71/><F71/><W88/><G91/><T133/><D89/><U68/><E68/><V122/><F122/><W116/><G118/><T97/><D133/><U120/><E120/><V3/><AGARI ba="1,0" hai="0,1,3,16,23,27,52,54,72,79,80" m="47627" machi="3" ten="40,8000,1" yaku="18,1,52,1,54,2" doraHai="106" who="2" fromWho="2" sc="286,-21,313,-21,88,83,313,-41" /><INIT seed="8,0,0,5,0,131" ten="265,292,171,272" oya="0" hai0="7,25,1,89,4,29,58,47,12,98,56,38,28" hai1="61,46,114,102,76,40,54,73,77,53,78,75,107" hai2="14,86,67,90,111,130,68,95,133,105,74,117,101" hai3="43,100,71,2,84,62,32,41,33,23,5,87,63"/><T19/><D38/><U134/><E134/><V85/><F111/><W11/><G100/><T52/><D1/><U72/><E114/><V83/><F67/><W116/><G116/><T55/><D47/><U3/><E3/><V31/><F68/><W119/><G119/><T121/><D121/><U27/><E27/><V48/><F48/><W109/><G109/><T129/><D129/><U49/><REACH who="1" step="1"/><E61/><REACH who="1" ten="265,282,171,272" step="2"/><V108/><F108/><W82/><G62/><N who="0" m="36191" /><D25/><U97/><AGARI ba="0,1" hai="40,46,49,53,54,72,73,75,76,77,78,97,102,107" machi="97" ten="40,5200,0" yaku="1,1,0,1,53,1" doraHai="131" doraHaiUra="37" who="1" fromWho="1" sc="265,-26,282,62,171,-13,272,-13" owari="239,-16.1,344,44.4,158,-34.2,259,5.9" /></mjloggm>