<mjloggm ver="2.3"><GO type="41" lobby="0"/><UN n0="%E5%8B%9D%E3%81%A1%E7%A2%BA%E3%83%AA%E3%83%BC%E3%83%81" n1="%E2%93%9D%4C%75%63%6B%79%4A" n2="%E9%85%B8%68%61%6E%E8%8F%9C" n3="%E6%B5%81%E6%B0%93" dan="13,13,14,16" rate="1885.69,1934.37,1890.01,2045.46" sx="M,M,M,M"/><TAIKYOKU oya="0"/><INIT seed="0,0,0,1,5,86" ten="250,250,250,250" oya="0" hai0="108,94,61,79,6,109,64,50,93,103,91,105,47" hai1="127,33,29,102,75,57,110,98,78,46,11,74,40" hai2="120,25,15,129,13,123,122,7,60,35,80,14,9" hai3="30,36,4,43,106,113,63,126,114,88,133,132,77"/><T128/><D128/><U135/><E110/><N who="0" m="42601" /><D6/><U20/><E33/><V58/><F80/><W90/><G106/><T96/><D79/><U52/><E127/><V48/><F48/><W49/><G36/><T131/><D131/><U70/><E70/><V65/><F129/><W38/><G38/><T3/><D3/><U5/><E135/><N who="3" m="51786" /><G126/><T71/><D91/><N who="3" m="34857" /><G30/><T81/><D81/><U56/><E29/><V116/><F116/><W62/><G4/><T37/><D37/><U68/><E5/><V23/><REACH who="2" step="1"/><F35/><REACH who="2" ten="250,250,240,250" step="2"/><W85/><G49/><T2/><D2/><U8/><E78/><V31/><AGARI ba="0,1" hai="7,9,13,14,15,23,25,31,58,60,65,120,122,123" machi="31" ten="30,4000,0" yaku="1,1,2,1,0,1,53,0" doraHai="86" doraHaiUra="112" who="2" fromWho="2" sc="250,-20,250,-10,240,50,250,-10" /><INIT seed="1,0,0,5,5,14" ten="230,240,290,240" oya="1" hai0="102,42,51,46,49,81,86,62,87,125,64,128,68" hai1="34,122,63,67,107,83,71,104,21,17,95,40,7" hai2="94,29,48,31,22,96,24,23,28,12,4,90,1" hai3="19,3,61,92,13,118,85,59,30,73,47,123,26"/><U58/><E122/><V80/><F1/><W78/><G3/><T75/><D128/><U111/><E34/><V72/><F48/><W77/><G73/><T106/><D125/><U20/><E7/><V132/><F132/><W35/><G118/><T2/><D2/><U32/><E32/><V27/><F72/><W119/><G119/><T74/><D87/><U93/><E71/><V103/><F80/><W101/><G47/><T112/><D112/><U11/><E111/><V110/><F110/><W43/><G43/><T91/><REACH who="0" step="1"/><D51/><REACH who="0" ten="220,240,290,240" step="2"/><U130/><E130/><V98/><F4/><W105/><G85/><T65/><D65/><U8/><E67/><V82/><F82/><W10/><G123/><T56/><D56/><U25/><E83/><V100/><F98/><AGARI ba="0,1" hai="42,46,49,62,64,68,74,75,81,86,91,98,102,106" machi="98" ten="40,1300,0" yaku="1,1,53,0" doraHai="14" doraHaiUra="129" who="0" fromWho="2" sc="220,23,240,0,290,-13,240,0" /><INIT seed="2,0,0,4,5,40" ten="243,240,277,240" oya="2" hai0="91,132,47,20,131,86,66,9,23,39,24,61,5" hai1="77,98,13,84,57,33,34,95,62,81,52,75,71" hai2="15,103,134,11,2,10,119,74,102,58,26,53,125" hai3="56,130,93,43,17,59,19,44,88,79,7,83,45"/><V42/><F119/><W82/><G130/><T72/><D131/><U16/><E71/><V107/><F74/><W124/><G7/><T120/><D132/><U123/><E123/><V68/><F134/><W50/><G124/><T122/><D72/><U18/><E75/><V105/><F68/><W31/><G31/><T27/><D122/><U28/><E28/><V115/><F115/><W92/><G79/><T129/><D129/><U135/><E135/><V127/><F2/><W8/><G8/><T100/><D100/><U25/><E25/><V85/><F26/><W113/><G113/><T80/><D27/><U41/><E41/><V118/><F85/><W128/><G128/><T121/><D23/><U51/><E62/><V114/><F42/><W89/><G43/><T60/><D60/><U29/><E29/><V116/><F114/><W126/><G126/><T49/><D39/><U65/><E65/><V111/><F15/><W117/><REACH who="3" step="1"/><G50/><REACH who="3" ten="243,240,277,230" step="2"/><T36/><D9/><U133/><E133/><V32/><F127/><W63/><G63/><T78/><D5/><U6/><E6/><V99/><F125/><W110/><G110/><T104/><D78/><U67/><E67/><V55/><F111/><W94/><G94/><T48/><D48/><U38/><E38/><V90/><F118/><AGARI ba="0,1" hai="17,19,44,45,56,59,82,83,88,89,92,93,117,118" machi="118" ten="25,12000,2" yaku="1,1,22,2,52,2,54,1,53,0" doraHai="40" doraHaiUra="35" who="3" fromWho="2" sc="243,0,240,0,277,-120,230,130" /><INIT seed="3,0,0,1,3,5" ten="243,240,157,360" oya="3" hai0="68,126,1,101,56,78,98,13,96,4,127,83,122" hai1="39,106,81,60,19,20,90,0,27,8,38,30,131" hai2="125,119,58,100,34,89,2,66,3,74,71,18,12" hai3="54,72,47,84,62,108,69,36,102,10,92,77,65"/><W76/><G72/><T33/><D122/><U75/><E106/><V80/><F71/><W23/><G108/><T50/><D68/><U26/><E131/><V82/><F34/><W40/><G23/><T24/><D1/><U129/><E129/><V51/><F119/><W109/><G109/><T64/><D24/><U21/><E60/><V52/><F100/><W43/><G43/><T116/><D33/><U86/><REACH who="1" step="1"/><E75/><REACH who="1" ten="243,230,157,360" step="2"/><V57/><F74/><W7/><G62/><T48/><D116/><U67/><E67/><V130/><F66/><W99/><G65/><T133/><D64/><U118/><E118/><V134/><F130/><W113/><G69/><T107/><D107/><U37/><E37/><V59/><F125/><W124/><G124/><T41/><D127/><U63/><E63/><V123/><F134/><W91/><G113/><T135/><D126/><U112/><E112/><V114/><F114/><W97/><G54/><T49/><D135/><U93/><E93/><V14/><F123/><W111/><G111/><T42/><D133/><U35/><E35/><V46/><F89/><W28/><G102/><T115/><D101/><U61/><E61/><V94/><F94/><W17/><G92/><T85/><D115/><U104/><E104/><V110/><F110/><W79/><G91/><T128/><D128/><U103/><E103/><V16/><F80/><W87/><G36/><T9/><D56/><U15/><E15/><N who="2" m="5675" /><F82/><W88/><G88/><T11/><D83/><U6/><AGARI ba="0,1" hai="0,6,8,19,20,21,26,27,30,38,39,81,86,90" machi="6" ten="30,4000,0" yaku="1,1,0,1,52,1,53,0" doraHai="5" doraHaiUra="120" who="1" fromWho="1" sc="243,-10,230,50,157,-10,360,-20" /><INIT seed="4,0,0,0,5,46" ten="233,280,147,340" oya="0" hai0="121,40,17,24,14,71,130,72,117,108,27,86,129" hai1="38,94,81,7,91,39,99,45,8,23,102,49,107" hai2="12,78,105,35,13,19,61,106,83,87,124,0,97" hai3="127,70,16,21,98,64,33,47,32,125,63,37,34"/><T123/><D72/><U55/><E23/><V128/><F0/><W131/><G131/><N who="0" m="50187" /><D71/><U79/><E107/><V48/><F128/><W2/><G2/><T100/><D100/><U18/><E18/><V96/><F35/><W113/><G113/><T132/><D40/><U66/><E66/><V65/><F105/><W28/><G98/><T90/><D117/><U44/><E45/><V51/><F124/><N who="3" m="47691" /><G28/><T52/><D132/><U84/><REACH who="1" step="1"/><E102/><REACH who="1" ten="233,270,147,340" step="2"/><V119/><F119/><W6/><G47/><T67/><D67/><U25/><E25/><V31/><F31/><W95/><G33/><T92/><D27/><U88/><E88/><V9/><F106/><W115/><G32/><T109/><D24/><U85/><E85/><V104/><F104/><W11/><G34/><T42/><D121/><U50/><E50/><N who="2" m="18987" /><F12/><AGARI ba="0,1" hai="7,8,12,38,39,44,49,55,79,81,84,91,94,99" machi="12" ten="30,7700,0" yaku="1,1,7,1,52,1,53,1" doraHai="46" doraHaiUra="3" who="1" fromWho="2" sc="233,0,270,87,147,-77,340,0" /><INIT seed="5,0,0,0,2,58" ten="233,357,70,340" oya="1" hai0="50,117,94,76,6,36,126,35,123,34,59,75,122" hai1="108,90,0,45,63,116,66,131,110,69,7,93,113" hai2="127,9,109,47,43,51,49,60,28,134,88,107,33" hai3="105,3,91,135,37,41,11,97,40,84,77,120,8"/><U71/><E116/><V20/><F109/><N who="1" m="42089" /><E131/><V128/><F128/><W26/><G120/><N who="0" m="46123" /><D117/><U104/><E104/><V27/><F107/><W106/><G135/><T57/><D36/><U52/><E7/><V65/><F134/><W129/><G77/><T67/><D6/><U102/><E102/><V112/><F127/><W18/><G37/><T95/><D126/><U4/><E113/><V86/><F112/><W2/><G129/><T133/><D133/><U118/><E118/><V42/><F33/><W96/><G84/><T68/><D76/><U89/><E71/><V10/><F51/><W132/><G132/><T119/><D75/><U92/><E4/><V19/><F42/><W1/><G1/><T29/><D68/><U53/><E0/><V24/><F27/><W22/><G26/><N who="0" m="18743" /><D35/><U81/><E81/><V62/><F65/><W23/><G18/><T15/><D15/><U124/><E45/><V130/><F130/><W25/><G25/><T17/><D17/><U46/><E46/><V115/><F115/><W73/><REACH who="3" step="1"/><G91/><REACH who="3" ten="233,357,70,330" step="2"/><N who="1" m="34826" /><E124/><V98/><F98/><W38/><G38/><T55/><D119/><U121/><E121/><V125/><F125/><W103/><G103/><T80/><D80/><U54/><AGARI ba="0,1" hai="52,53,54,63,66,69,92,93" m="34826,42089" machi="54" ten="40,7800,0" yaku="10,1,52,1,54,1" doraHai="58" who="1" fromWho="1" sc="233,-26,357,88,70,-26,330,-26" /><INIT seed="5,1,0,2,0,22" ten="207,445,44,304" oya="1" hai0="18,110,116,119,2,51,53,100,55,99,107,73,83" hai1="87,40,39,31,92,61,96,79,28,48,11,35,12" hai2="126,45,62,71,81,94,95,29,103,64,5,120,65" hai3="101,37,69,14,105,85,16,33,44,26,7,17,135"/><U9/><E39/><V6/><F120/><W25/><G69/><T115/><D115/><U10/><E61/><V82/><F126/><W89/><G33/><T67/><D110/><U75/><E75/><V117/><F117/><W66/><G105/><T106/><D2/><U59/><E35/><V52/><F29/><N who="1" m="11337" /><E87/><V15/><F64/><W102/><G135/><T111/><D111/><U130/><E79/><V34/><F34/><W70/><G70/><T1/><D1/><U122/><E130/><V23/><F5/><W77/><G66/><T109/><D109/><U133/><E122/><V30/><F103/><N who="3" m="39435" /><G37/><T76/><D67/><U125/><E125/><V0/><F0/><W90/><G44/><T20/><D107/><U129/><E129/><V131/><F131/><W112/><G112/><T72/><D55/><N who="1" m="32231" /><E40/><V46/><F71/><W121/><G121/><T134/><D73/><U4/><E133/><V124/><F124/><W54/><G54/><T49/><D49/><U42/><E42/><V32/><F32/><W19/><G77/><T127/><D127/><U84/><E84/><V128/><F128/><W47/><G47/><T113/><D113/><U74/><E74/><V58/><F45/><W21/><G21/><T97/><D134/><U57/><E57/><V93/><F46/><W24/><G85/><T56/><REACH who="0" step="1"/><D99/><REACH who="0" ten="197,445,44,304" step="2"/><U86/><E86/><V114/><F114/><W91/><G14/><AGARI ba="1,1" hai="14,18,20,51,53,56,72,76,83,97,100,106,116,119" machi="14" ten="30,7700,0" yaku="1,1,2,1,7,1,53,1" doraHai="22" doraHaiUra="13" who="0" fromWho="3" sc="197,90,445,0,44,0,304,-80" /><INIT seed="6,0,0,3,0,18" ten="287,445,44,224" oya="2" hai0="126,79,56,7,63,19,45,38,54,130,76,16,95" hai1="84,122,3,124,131,36,64,51,82,31,1,52,123" hai2="89,20,8,32,135,72,67,86,12,40,25,134,100" hai3="83,39,49,62,114,133,115,11,127,4,88,26,6"/><V5/><F72/><W23/><G39/><T43/><D130/><U129/><E64/><V74/><F74/><W107/><G107/><T42/><D126/><U110/><E36/><V66/><F100/><W113/><G127/><T105/><D105/><U120/><E31/><V125/><F40/><W77/><G133/><N who="2" m="50697" /><F32/><W46/><G62/><T0/><D43/><U102/><E110/><V112/><F112/><W24/><G24/><T15/><D19/><U57/><E102/><V93/><F125/><W108/><G108/><T61/><D61/><U128/><E124/><V17/><AGARI ba="0,0" hai="5,8,12,17,20,25,66,67,86,89,93" m="50697" machi="17" ten="30,3000,0" yaku="20,1,52,1" doraHai="18" who="2" fromWho="2" sc="287,-10,445,-10,44,30,224,-10" /><INIT seed="6,1,0,1,1,4" ten="277,435,74,214" oya="2" hai0="44,90,107,64,3,1,68,124,48,34,50,127,130" hai1="98,32,126,84,128,59,103,40,70,114,12,97,72" hai2="109,6,81,46,117,47,77,2,43,120,79,100,123" hai3="129,62,20,58,131,85,88,78,135,133,67,11,13"/><V39/><F117/><W51/><G78/><T33/><D130/><N who="3" m="49673" /><G20/><T35/><D107/><U104/><E70/><V91/><F100/><W53/><G51/><T56/><D68/><U14/><E114/><V61/><F77/><W125/><G67/><T21/><D21/><U15/><E126/><N who="0" m="48169" /><D90/><U108/><E32/><V22/><F47/><W121/><G121/><T95/><D95/><U52/><E108/><V36/><F36/><W69/><G69/><T18/><D18/><U25/><E25/><V26/><F91/><W16/><G125/><T106/><D106/><U116/><E116/><V38/><F38/><W24/><G24/><T41/><D48/><U17/><E17/><V8/><F61/><AGARI ba="1,0" hai="1,3,33,34,35,41,44,50,56,61,64" m="48169" machi="61" ten="40,1300,0" yaku="18,1" doraHai="4" who="0" fromWho="2" sc="277,16,435,0,74,-16,214,0" /><INIT seed="7,0,0,5,1,39" ten="293,435,58,214" oya="3" hai0="16,102,116,5,98,128,77,82,6,105,33,51,127" hai1="107,50,88,125,1,100,61,69,66,71,58,19,99" hai2="53,89,135,118,80,46,119,123,10,35,15,103,36" hai3="30,131,54,115,21,96,122,28,78,70,68,124,13"/><W3/><G122/><T0/><D116/><U27/><E1/><V83/><F35/><W32/><G3/><T43/><D33/><U65/><E125/><V130/><F123/><W87/><G124/><T81/><D127/><U85/><E66/><V84/><F103/><W14/><G32/><T120/><D120/><U44/><E19/><V24/><F135/><W86/><G96/><T23/><D82/><U92/><E27/><V90/><F24/><W60/><G115/><T104/><D104/><U91/><E91/><V111/><F111/><W47/><G131/><T129/><D0/><U37/><E37/><V57/><F130/><W95/><G47/><T133/><D133/><U106/><E107/><V110/><F110/><W22/><G54/><AGARI ba="0,0" hai="44,50,54,58,61,65,69,71,85,88,92,99,100,106" machi="54" ten="30,2000,0" yaku="7,1,54,1" doraHai="39" who="1" fromWho="3" sc="293,0,435,20,58,0,214,-20" owari="293,9.3,455,55.5,58,-44.2,194,-20.6" /></mjloggm>