<mjloggm ver="2.3"><GO type="41" lobby="0"/><UN n0="%E2%93%9D%4C%75%63%6B%79%4A" n1="%E3%81%95%E3%81%A8%E3%83%86%E3%83%AB" n2="%4D%61%72%6F%6E" n3="%E5%A4%AA%E5%85%AC%E6%9C%9B" dan="18,14,14,14" rate="2167.88,1928.58,1975.99,2006.57" sx="M,M,F,M"/><TAIKYOKU oya="0"/><INIT seed="0,0,0,0,4,73" ten="250,250,250,250" oya="0" hai0="103,128,67,45,120,18,125,127,93,9,31,44,96" hai1="3,94,13,14,16,116,50,22,85,78,1,20,91" hai2="90,48,55,57,74,99,76,79,68,60,106,100,129" hai3="89,77,75,61,88,113,112,41,124,87,69,114,47"/><T51/><D120/><U86/><E116/><V82/><F129/><W36/><G124/><N who="0" m="47691" /><D31/><U24/><E3/><V95/><F68/><W0/><G0/><T10/><D128/><U2/><E2/><V59/><F74/><W104/><G104/><T121/><D121/><U53/><E1/><V4/><F4/><W26/><G26/><T30/><D30/><U110/><E110/><V63/><F82/><W72/><G89/><T33/><D33/><U122/><E122/><V19/><F19/><W71/><G61/><T25/><D67/><U28/><E14/><V80/><F80/><W62/><G62/><N who="2" m="23593" /><F106/><W132/><G132/><T32/><D32/><U49/><E53/><N who="2" m="31911" /><F100/><W70/><REACH who="3" step="1"/><G77/><REACH who="3" ten="250,250,250,240" step="2"/><T118/><D118/><U58/><E58/><V7/><F7/><W108/><G108/><T84/><D103/><U83/><AGARI ba="0,1" hai="13,16,20,22,24,28,49,50,78,83,85,86,91,94" machi="83" ten="30,7900,0" yaku="0,1,8,1,52,1,54,1" doraHai="73" who="1" fromWho="1" sc="250,-39,250,89,250,-20,240,-20" /><INIT seed="1,0,0,4,4,20" ten="211,339,230,220" oya="1" hai0="102,122,85,16,86,5,113,90,66,38,61,24,101" hai1="93,6,10,79,118,32,60,107,94,99,3,21,126" hai2="25,110,133,47,121,131,87,54,95,26,58,81,12" hai3="62,28,27,108,8,35,2,33,111,22,9,18,88"/><U89/><E107/><V63/><F110/><N who="3" m="42027" /><G62/><T11/><D113/><U52/><E32/><N who="3" m="12362" /><G88/><T57/><D122/><U96/><E118/><V129/><F133/><W71/><G71/><T92/><D38/><U97/><E126/><V42/><F121/><W69/><G69/><T84/><D5/><U125/><E79/><V105/><F105/><W91/><G91/><T112/><D112/><U30/><E125/><V78/><F95/><W36/><G36/><T44/><D44/><U31/><E21/><V15/><F15/><N who="3" m="9567" /><G2/><T50/><D50/><U73/><E73/><V70/><F70/><W80/><G80/><T34/><D34/><AGARI ba="0,0" hai="8,9,27,28,34" m="9567,12362,42027" machi="34" ten="30,7700,0" yaku="14,1,34,2,52,1" doraHai="20" who="3" fromWho="0" sc="211,-77,339,0,230,0,220,77" /><INIT seed="2,0,0,3,3,85" ten="134,339,230,297" oya="2" hai0="51,11,104,31,130,109,126,116,120,43,86,90,22" hai1="97,87,26,75,132,133,46,67,48,99,122,42,53" hai2="125,15,5,131,34,68,71,74,1,39,114,44,83" hai3="119,110,8,96,88,100,93,108,2,77,57,21,63"/><V54/><F114/><W134/><G119/><T117/><D120/><U55/><E75/><V61/><F131/><W29/><G134/><T14/><D104/><U127/><E122/><V62/><F125/><W105/><G77/><T56/><D126/><U65/><E127/><V37/><F34/><W35/><G35/><T107/><D107/><U25/><E42/><V106/><F15/><W32/><G32/><T50/><D109/><N who="3" m="42089" /><G8/><T58/><D130/><U3/><E3/><V73/><F106/><W72/><G72/><T47/><D51/><U59/><E87/><V115/><F115/><W91/><G2/><T102/><D102/><U52/><E59/><V80/><F1/><W66/><G105/><T49/><D50/><U124/><E124/><V113/><F113/><W38/><G38/><T19/><D117/><U128/><E48/><V10/><F10/><W60/><G63/><T45/><D47/><U70/><E70/><V7/><REACH who="2" step="1"/><F54/><REACH who="2" ten="134,339,220,297" step="2"/><W78/><G78/><T20/><D116/><U89/><E55/><V112/><F112/><W135/><G135/><T95/><REACH who="0" step="1"/><D11/><REACH who="0" ten="124,339,220,297" step="2"/><U121/><E128/><V101/><F101/><W79/><G79/><T82/><D82/><U27/><E121/><V41/><F41/><W36/><G36/><T84/><D84/><U94/><E133/><V0/><F0/><W92/><G92/><T13/><D13/><U33/><E132/><V40/><F40/><W69/><G69/><T6/><D6/><U129/><E129/><V24/><F24/><AGARI ba="0,2" hai="21,24,29,57,60,66,88,91,93,96,100" m="42089" machi="24" ten="30,8000,1" yaku="25,1,14,1,52,2,54,1" doraHai="85" who="3" fromWho="2" sc="124,0,339,0,220,-80,297,100" /><AGARI ba="0,0" hai="14,19,20,22,24,31,43,45,49,56,58,86,90,95" machi="24" ten="40,5200,0" yaku="1,1,8,1,52,1,53,0" doraHai="85" doraHaiUra="98" who="0" fromWho="2" sc="124,52,339,0,140,-52,397,0" /><INIT seed="3,0,0,4,2,24" ten="176,339,88,397" oya="3" hai0="100,51,130,13,114,68,103,12,7,61,110,98,121" hai1="135,28,34,72,77,124,80,37,127,26,106,27,84" hai2="21,89,81,48,17,18,112,83,126,8,120,36,1" hai3="46,25,129,31,57,90,92,49,116,50,22,0,63"/><W123/><G0/><T55/><D121/><U44/><E106/><V30/><F36/><W23/><G129/><T6/><D130/><U117/><E117/><V3/><F112/><W65/><G123/><T122/><D122/><U82/><E135/><V10/><F120/><W39/><G116/><T87/><D114/><U86/><E37/><V78/><F126/><W131/><G131/><T9/><D110/><U38/><E27/><V53/><F89/><W20/><G39/><T5/><D68/><U96/><E96/><V132/><F132/><W67/><G67/><T43/><D61/><U16/><E72/><V85/><F83/><W62/><G62/><T113/><D43/><U111/><E44/><V76/><F76/><W108/><G108/><T71/><D71/><U29/><E38/><V52/><F53/><W119/><G119/><T128/><D87/><U2/><E2/><V54/><F54/><W70/><G70/><T105/><D103/><U109/><E34/><V59/><F3/><W101/><G101/><T102/><D102/><U35/><E35/><V75/><F1/><W95/><G95/><T66/><D66/><U118/><E118/><V107/><F75/><W4/><G4/><N who="0" m="3239" /><D113/><U41/><E41/><V64/><F64/><W93/><G50/><T40/><D40/><U33/><E33/><V104/><F107/><W60/><G60/><T11/><D128/><U91/><E111/><V125/><F104/><W134/><G134/><T45/><D105/><U32/><E109/><V42/><F42/><N who="3" m="24791" /><G90/><T79/><D79/><U74/><E77/><V115/><F78/><RYUUKYOKU ba="0,0" sc="176,15,339,-15,88,-15,397,15" hai0="5,6,7,11,12,45,51,55,98,100" hai3="20,22,23,25,31,57,63,65,92,93" /><INIT seed="3,1,0,2,3,64" ten="191,324,73,412" oya="3" hai0="2,132,43,91,53,59,21,11,119,67,23,56,32" hai1="107,46,70,40,19,54,117,133,123,69,125,15,7" hai2="37,62,66,42,12,6,108,104,112,31,114,5,55" hai3="10,51,92,36,9,90,76,3,130,100,20,48,109"/><W17/><G36/><T60/><D32/><U8/><E107/><V4/><F104/><W111/><G76/><T1/><D119/><U85/><E123/><V29/><F108/><N who="3" m="41547" /><G100/><T13/><D132/><U35/><E35/><V127/><F127/><W71/><G71/><T128/><D128/><U18/><E133/><V84/><F55/><W101/><G101/><T102/><D2/><U126/><E117/><V44/><F84/><N who="3" m="52295" /><G130/><T115/><D1/><U99/><E54/><V79/><F79/><W75/><G75/><T68/><D102/><U24/><E99/><V27/><F12/><N who="3" m="9255" /><G9/><T131/><D131/><U77/><E85/><V106/><F106/><W80/><G80/><T96/><D96/><U65/><E77/><V33/><REACH who="2" step="1"/><F31/><REACH who="2" ten="191,324,63,412" step="2"/><W93/><G93/><T52/><D11/><U16/><E24/><V38/><F38/><W34/><G34/><T63/><D23/><U41/><E65/><V86/><F86/><W122/><G122/><T89/><D67/><U135/><E135/><V113/><F113/><W61/><G61/><T105/><D63/><U22/><E22/><V47/><F47/><W0/><G0/><T14/><D105/><U78/><E46/><V81/><F81/><W25/><G25/><T72/><D60/><U30/><E30/><V39/><F39/><W103/><G3/><T120/><D120/><U26/><E26/><V50/><F50/><W82/><G10/><T28/><D28/><U134/><E134/><V88/><F88/><W116/><G82/><T124/><D91/><U98/><E78/><V110/><F110/><W97/><G116/><RYUUKYOKU ba="1,1" sc="191,-15,324,-15,63,15,412,15" hai2="4,5,6,27,29,33,37,42,44,62,66,112,114" hai3="48,51,97,103" /><INIT seed="3,2,1,1,5,124" ten="176,309,78,427" oya="3" hai0="131,3,34,45,122,120,42,85,43,102,39,77,26" hai1="113,21,65,78,112,52,81,127,130,132,92,101,126" hai2="6,96,135,27,35,79,123,75,41,125,60,97,22" hai3="118,115,119,16,104,80,111,37,28,109,0,95,31"/><W49/><G37/><T86/><D3/><U17/><E65/><V100/><F135/><W70/><G70/><T9/><D102/><U10/><E10/><V71/><F125/><N who="1" m="47625" /><E21/><V30/><F123/><W89/><G104/><T46/><D77/><U68/><E68/><V15/><F97/><W72/><G0/><T69/><D69/><U4/><E4/><V94/><F41/><W133/><G49/><T91/><D9/><U36/><E17/><V7/><F75/><W56/><G56/><T14/><D14/><U57/><E36/><V58/><F79/><N who="3" m="44135" /><G115/><T90/><D39/><U114/><E132/><V64/><F71/><W61/><G61/><T40/><D43/><U44/><E44/><V13/><F35/><W50/><G50/><T62/><D62/><N who="1" m="36135" /><E101/><V134/><F134/><W108/><G133/><T117/><D34/><U20/><E20/><V66/><F66/><W29/><G16/><T103/><D103/><U32/><E92/><V121/><F121/><W129/><G95/><T63/><D63/><U84/><E32/><V53/><REACH who="2" step="1"/><F53/><REACH who="2" ten="176,309,68,427" step="2"/><W76/><G111/><T19/><D122/><U33/><E33/><V59/><F59/><W82/><G109/><T116/><D120/><U51/><E51/><V38/><F38/><W48/><G48/><T24/><D42/><U67/><E67/><V107/><F107/><W18/><G108/><T25/><D40/><U8/><E8/><V73/><F73/><W93/><G76/><T1/><D46/><U110/><E110/><V106/><F106/><W98/><G98/><T87/><D45/><U74/><E74/><RYUUKYOKU ba="2,2" sc="176,-15,309,15,68,15,427,-15" hai1="78,81,84,112,113,114,130" hai2="6,7,13,15,22,27,30,58,60,64,94,96,100" /><INIT seed="4,3,2,1,0,42" ten="161,324,83,412" oya="0" hai0="92,61,63,88,47,3,131,66,114,14,35,8,55" hai1="127,67,122,117,64,30,120,79,34,72,68,10,48" hai2="82,107,54,110,27,51,97,18,73,21,96,15,125" hai3="56,2,86,40,124,99,80,89,23,90,50,106,38"/><T102/><D3/><U98/><E117/><V91/><F110/><W52/><G2/><T74/><D74/><U24/><E127/><V5/><F125/><W76/><G124/><T70/><D35/><U7/><E67/><V59/><F107/><W100/><REACH who="3" step="1"/><G23/><REACH who="3" ten="161,324,83,402" step="2"/><T45/><D131/><U126/><E126/><V93/><F73/><W75/><G75/><T65/><D114/><U84/><E72/><V41/><F41/><W46/><AGARI ba="3,3" hai="38,40,46,50,52,56,76,80,86,89,90,99,100,106" machi="46" ten="30,7900,0" yaku="1,1,0,1,52,1,54,1,53,0" doraHai="42" doraHaiUra="118" who="3" fromWho="3" sc="161,-42,324,-23,83,-23,402,118" /><INIT seed="5,0,0,5,3,88" ten="119,301,60,520" oya="1" hai0="83,6,32,106,30,71,46,27,20,82,120,45,35" hai1="33,8,9,115,119,99,12,81,0,65,34,29,40" hai2="22,15,104,69,105,3,55,86,13,80,98,103,41" hai3="74,112,49,37,14,61,134,53,50,36,107,68,39"/><U17/><E81/><V100/><F3/><W117/><G14/><T24/><D71/><U5/><E119/><V125/><F125/><W111/><G74/><T25/><D106/><U66/><E115/><V63/><F41/><W116/><G107/><T60/><D60/><U56/><E40/><V89/><F22/><W7/><G7/><T123/><D20/><U48/><E29/><V42/><F42/><W133/><G111/><T16/><D6/><U64/><REACH who="1" step="1"/><E99/><REACH who="1" ten="119,291,60,520" step="2"/><V118/><F118/><N who="3" m="45675" /><G112/><T70/><D30/><U130/><E130/><V54/><F104/><W11/><G133/><T101/><D83/><U113/><E113/><V121/><F121/><W132/><G134/><T85/><D123/><U62/><E62/><V10/><F63/><W114/><G114/><T78/><D120/><U47/><E47/><V1/><F98/><W97/><G97/><T129/><D129/><U110/><E110/><V52/><F105/><W75/><G132/><T21/><D46/><U57/><E57/><V23/><F69/><W128/><G68/><T126/><D70/><U131/><E131/><V51/><F80/><W102/><G61/><T73/><D45/><U19/><E19/><V76/><F76/><W94/><G128/><T108/><D108/><U38/><E38/><V59/><F59/><W72/><G39/><T90/><D126/><U124/><E124/><V28/><F51/><W4/><G37/><T2/><D78/><U18/><E18/><V93/><F28/><W43/><G43/><T31/><D31/><U135/><E135/><V26/><F100/><W127/><G102/><RYUUKYOKU ba="0,1" sc="119,-10,291,30,60,-10,520,-10" hai1="0,5,8,9,12,17,33,34,48,56,64,65,66" /><INIT seed="5,1,1,0,0,75" ten="109,321,50,510" oya="1" hai0="53,133,20,100,127,16,81,129,63,73,96,39,37" hai1="50,2,25,28,115,66,102,124,18,108,23,49,65" hai2="110,114,55,77,105,33,59,38,56,47,11,101,128" hai3="14,95,99,97,40,107,51,69,0,67,52,106,64"/><U36/><E36/><V19/><F110/><W82/><G0/><T87/><D73/><U88/><E108/><V111/><F111/><W103/><G40/><T83/><D83/><U68/><E124/><V57/><F128/><W134/><G134/><T118/><D118/><U3/><E115/><V48/><F33/><W30/><G30/><T90/><D127/><U125/><E102/><V113/><F105/><W35/><G35/><T12/><D133/><U45/><E68/><V76/><F101/><W119/><G69/><T72/><D72/><U44/><E3/><V70/><F70/><W34/><G106/><T21/><D129/><U54/><E2/><V109/><F109/><W122/><G34/><T74/><D74/><U26/><E125/><V79/><REACH who="2" step="1"/><F38/><REACH who="2" ten="109,321,40,510" step="2"/><W104/><G104/><T126/><D126/><U61/><E61/><V132/><F132/><W5/><G107/><T130/><D130/><U131/><E131/><V8/><F8/><W17/><G103/><T71/><D71/><U46/><E46/><V123/><F123/><W112/><G122/><T41/><D39/><U98/><E28/><V85/><F85/><W116/><G119/><T24/><D100/><U92/><REACH who="1" step="1"/><E26/><REACH who="1" ten="109,311,40,510" step="2"/><V117/><F117/><W42/><G116/><T94/><D37/><U89/><E89/><V86/><F86/><W60/><G60/><T91/><D63/><U31/><E31/><V15/><AGARI ba="1,3" hai="11,15,19,47,48,55,56,57,59,76,77,79,113,114" machi="15" ten="40,8000,1" yaku="1,1,0,1,52,3,53,0" doraHai="75" doraHaiUra="78" who="2" fromWho="2" sc="109,-21,311,-41,40,113,510,-21" /><INIT seed="6,0,0,3,2,57" ten="88,270,153,489" oya="2" hai0="61,124,112,72,23,78,0,60,46,106,35,58,38" hai1="114,90,42,10,24,44,74,41,12,99,110,98,77" hai2="36,84,63,92,30,53,33,100,116,133,8,95,55" hai3="130,103,129,86,56,26,104,118,128,34,131,4,2"/><V125/><F116/><W59/><G130/><T132/><D35/><U76/><E110/><V75/><F75/><W108/><G108/><T127/><D106/><U117/><E74/><V37/><F133/><W67/><G86/><T13/><D0/><U113/><E117/><V5/><F125/><N who="0" m="48202" /><D58/><U126/><E24/><V94/><F100/><W79/><G79/><T48/><D38/><U7/><E42/><V83/><F36/><W40/><G40/><N who="0" m="24647" /><D112/><U43/><E43/><V49/><F37/><W39/><G67/><T80/><D132/><U51/><E126/><V1/><F33/><W71/><G71/><T20/><D13/><U21/><E77/><V93/><N who="2" m="23552" /><DORA hai="85" /><V135/><F135/><W87/><G39/><T88/><D88/><U70/><E76/><V22/><F49/><W91/><G91/><T62/><AGARI ba="0,0" hai="20,23,60,61,62,72,78,80" m="24647,48202" machi="62" ten="30,7900,0" yaku="18,1,52,3" doraHai="57,85" who="0" fromWho="0" sc="88,79,270,-20,153,-39,489,-20" /><INIT seed="7,0,0,5,5,84" ten="167,250,114,469" oya="3" hai0="90,133,31,68,103,4,47,53,20,82,59,22,15" hai1="95,79,114,115,57,11,80,116,50,1,35,44,61" hai2="21,51,127,102,93,91,17,104,71,69,99,9,32" hai3="29,94,49,132,63,2,81,40,5,107,98,70,23"/><W89/><G63/><T88/><D68/><U37/><E35/><V24/><F127/><W97/><G5/><T96/><D133/><U118/><E95/><V117/><F117/><N who="1" m="45161" /><E11/><V30/><F51/><W56/><G2/><T10/><D47/><U74/><E1/><V64/><F64/><W131/><G40/><T126/><D126/><U27/><E37/><V135/><F9/><W41/><G41/><T28/><D103/><U111/><E27/><V16/><F135/><W48/><G132/><T14/><D96/><U3/><E3/><V73/><F73/><W125/><G70/><T106/><D106/><U38/><E38/><V65/><F65/><W129/><G49/><N who="0" m="31151" /><D82/><U45/><E111/><V25/><REACH who="2" step="1"/><F17/><REACH who="2" ten="167,250,104,469" step="2"/><W119/><G125/><T85/><D85/><AGARI ba="0,1" hai="16,21,24,25,30,32,69,71,85,91,93,99,102,104" machi="85" ten="30,8000,1" yaku="1,1,2,1,7,1,52,1,54,1,53,0" doraHai="84" doraHaiUra="62" who="2" fromWho="0" sc="167,-80,250,0,104,90,469,0" owari="87,-41.3,250,5.0,194,-20.6,469,56.9" /></mjloggm>