<mjloggm ver="2.3"><GO type="41" lobby="0"/><UN n0="%E3%81%8A%E3%81%86%E3%81%BE%E3%81%88%5F%E3%81%8F%E3%81%BF%E3%81%93" n1="%E8%BF%B7%E8%BF%B7" n2="%E7%83%88%E7%81%AB%E3%81%AE%E5%AD%90" n3="%E2%93%9D%4C%75%63%6B%79%4A" dan="13,13,14,17" rate="1859.28,1910.64,1979.79,2154.53" sx="M,F,M,M"/><TAIKYOKU oya="0"/><INIT seed="0,0,0,3,4,52" ten="250,250,250,250" oya="0" hai0="4,100,63,29,61,10,77,101,134,48,97,51,96" hai1="127,71,50,93,92,34,30,120,107,104,12,110,37" hai2="81,108,105,132,22,15,49,112,113,3,35,95,70" hai3="91,74,43,124,1,38,20,123,69,75,89,111,39"/><T46/><D134/><U57/><E120/><V33/><F105/><W87/><G69/><T7/><D77/><U68/><E110/><V13/><F70/><W106/><G1/><T40/><D29/><U76/><E37/><V23/><F81/><W27/><G106/><T85/><D85/><U45/><E127/><V109/><F95/><W72/><G111/><N who="2" m="42569" /><F49/><W117/><G117/><T62/><D51/><U128/><E128/><V125/><F3/><W90/><G123/><T2/><REACH who="0" step="1"/><D7/><REACH who="0" ten="240,250,250,250" step="2"/><U130/><E30/><V60/><F132/><W73/><G75/><T103/><AGARI ba="0,1" hai="2,4,10,40,46,48,61,62,63,96,97,100,101,103" machi="103" ten="30,6000,0" yaku="1,1,2,1,0,1,53,0" doraHai="52" doraHaiUra="82" who="0" fromWho="0" sc="240,70,250,-20,250,-20,250,-20" /><INIT seed="0,1,0,4,3,4" ten="310,230,230,230" oya="0" hai0="29,125,120,39,25,74,124,52,3,130,38,19,0" hai1="126,6,64,49,69,15,96,70,85,113,134,26,35" hai2="80,108,50,40,13,44,36,53,48,23,9,12,101" hai3="61,109,56,128,8,68,106,78,122,129,98,43,45"/><T127/><D74/><U42/><E126/><V135/><F108/><W84/><G106/><T118/><D118/><U92/><E134/><V117/><F135/><W20/><G98/><T66/><D66/><U111/><E111/><V110/><F110/><W41/><G20/><T77/><D77/><U71/><E113/><V131/><F131/><N who="3" m="50251" /><G109/><T114/><D130/><U14/><E64/><V31/><F117/><W17/><G68/><T11/><D114/><U67/><E67/><V32/><F32/><W83/><G45/><T46/><D120/><U2/><E85/><V59/><F101/><W91/><G78/><T10/><D39/><U21/><E35/><V119/><F119/><W107/><G107/><T5/><D38/><U87/><E87/><V27/><F80/><W100/><G100/><T60/><D46/><U95/><E42/><V51/><F13/><N who="3" m="7335" /><G122/><T88/><D88/><U81/><E81/><V79/><REACH who="2" step="1"/><F79/><REACH who="2" ten="310,230,220,230" step="2"/><W75/><G75/><T89/><D89/><U37/><E14/><V63/><F63/><W103/><G103/><T99/><D0/><U86/><E15/><V54/><F54/><AGARI ba="1,1" hai="41,43,54,56,61,83,84,91" m="7335,50251" machi="54" ten="30,2000,0" yaku="19,1,52,1" doraHai="4" who="3" fromWho="2" sc="310,0,230,0,220,-23,230,33" /><INIT seed="1,0,0,2,3,45" ten="310,230,197,263" oya="1" hai0="99,113,74,116,2,30,44,90,101,10,76,83,128" hai1="89,35,42,110,51,55,9,84,28,21,58,33,25" hai2="132,34,4,5,97,0,133,41,38,31,94,1,88" hai3="79,119,65,54,62,67,15,6,92,29,112,50,47"/><U109/><E42/><V59/><F41/><W3/><G3/><N who="2" m="1097" /><F38/><W16/><G112/><T63/><D113/><U17/><E9/><V73/><F73/><W122/><G122/><T32/><D116/><U39/><E39/><V135/><F59/><W115/><G29/><T107/><D128/><U120/><E120/><V75/><F75/><W131/><G131/><T19/><D63/><U57/><E57/><V71/><F71/><W129/><G119/><T68/><D68/><U23/><E33/><V98/><F97/><W102/><G6/><T118/><D118/><U105/><E105/><V114/><F114/><W96/><G129/><T20/><D44/><U49/><E49/><V106/><F106/><W81/><G62/><T52/><D52/><U24/><REACH who="1" step="1"/><E35/><REACH who="1" ten="310,220,197,263" step="2"/><V108/><F108/><W80/><G115/><T124/><D10/><U111/><E111/><V91/><F91/><W126/><G79/><T7/><D90/><U56/><E56/><V64/><F64/><N who="3" m="24651" /><G126/><T70/><D124/><U40/><E40/><V43/><F43/><W121/><G121/><T123/><D123/><U87/><E87/><V77/><F77/><W103/><G103/><T78/><D78/><U12/><E12/><V18/><F18/><W134/><G16/><T69/><D19/><U11/><E11/><V53/><F53/><W46/><G54/><T37/><D2/><U36/><E36/><V86/><F86/><W72/><G72/><T48/><D37/><U95/><AGARI ba="0,1" hai="17,21,23,24,25,28,51,55,58,84,89,95,109,110" machi="95" ten="30,6000,0" yaku="1,1,0,1,52,1,53,0" doraHai="45" doraHaiUra="117" who="1" fromWho="1" sc="310,-20,220,70,197,-20,263,-20" /><INIT seed="1,1,0,0,5,99" ten="290,290,177,243" oya="1" hai0="29,79,8,62,82,48,50,58,15,98,132,60,66" hai1="49,3,121,65,26,127,32,44,129,23,41,19,130" hai2="11,75,95,64,109,16,21,78,20,4,111,85,105" hai3="37,30,47,68,88,100,6,133,103,17,102,22,1"/><U108/><E121/><V125/><F105/><W43/><G68/><T128/><D128/><N who="1" m="49259" /><E127/><V67/><F75/><W31/><G133/><T77/><D132/><U52/><E3/><V46/><F125/><W72/><G72/><T63/><D29/><N who="1" m="19511" /><E65/><V134/><F46/><W24/><REACH who="3" step="1"/><G88/><REACH who="3" ten="290,290,177,233" step="2"/><T93/><D79/><U39/><E108/><V126/><F134/><W81/><G81/><T94/><D82/><U118/><E118/><V59/><F126/><W84/><G84/><T110/><D77/><U57/><E23/><V69/><F111/><W131/><G131/><T25/><D110/><U116/><E116/><V2/><F109/><W36/><G36/><T13/><D98/><U28/><E28/><V104/><F69/><W106/><G106/><T27/><D8/><AGARI ba="1,1" hai="1,6,8,17,22,24,30,31,37,43,47,100,102,103" machi="8" ten="40,8000,1" yaku="1,1,52,3,53,0" doraHai="99" doraHaiUra="122" who="3" fromWho="0" sc="290,-83,290,0,177,0,233,93" /><INIT seed="2,0,0,3,2,67" ten="207,290,177,326" oya="2" hai0="97,90,40,49,129,61,69,59,108,51,131,19,125" hai1="26,16,74,100,31,132,52,88,48,70,126,1,124" hai2="134,121,79,39,27,64,82,33,101,47,128,111,54" hai3="89,38,9,11,71,133,17,87,7,105,18,63,127"/><V83/><F121/><W42/><G105/><T8/><D108/><U130/><E74/><V95/><F134/><W68/><G133/><T36/><D125/><N who="1" m="48235" /><E132/><V60/><F128/><N who="0" m="49226" /><D8/><U110/><E130/><V72/><F111/><W30/><G30/><T135/><D19/><U57/><E110/><V29/><F83/><W117/><G63/><T73/><D73/><U24/><E1/><V112/><F112/><W2/><G117/><T46/><D135/><U12/><E100/><V32/><F32/><W106/><G106/><T92/><D69/><U0/><E0/><V10/><F10/><W116/><G116/><T55/><AGARI ba="0,0" hai="36,40,46,49,51,55,59,61,90,92,97" m="49226" machi="55" ten="30,1100,0" yaku="19,1" doraHai="67" who="0" fromWho="0" sc="207,11,290,-3,177,-5,326,-3" /><INIT seed="3,0,0,1,0,47" ten="218,287,172,323" oya="3" hai0="62,112,114,109,135,118,19,61,97,68,107,111,84" hai1="76,70,28,51,56,113,2,24,110,16,49,69,106" hai2="7,119,96,57,22,101,36,81,27,54,121,64,122" hai3="102,55,58,123,98,21,89,80,133,95,79,48,67"/><W50/><G123/><N who="2" m="47113" /><F119/><W40/><G133/><T37/><D118/><U104/><E113/><N who="0" m="43625" /><D135/><U15/><E110/><N who="0" m="41993" /><D37/><U116/><E116/><V31/><F36/><W103/><G67/><T18/><D84/><U93/><E2/><V10/><F64/><W63/><G21/><T131/><D131/><U82/><E93/><V38/><F38/><W72/><REACH who="3" step="1"/><G40/><REACH who="3" ten="218,287,172,313" step="2"/><T73/><D68/><U128/><E70/><V39/><F22/><W1/><G1/><T14/><D73/><U86/><E69/><V17/><F10/><W66/><G66/><T46/><D46/><U34/><E128/><V8/><F8/><W127/><G127/><T78/><D78/><U33/><E34/><V52/><F7/><W53/><G53/><T91/><D19/><U43/><E43/><V25/><F17/><W59/><G59/><T99/><D18/><U60/><E56/><V100/><F57/><W92/><G92/><N who="0" m="56479" /><D14/><U12/><E15/><V26/><F54/><W20/><G20/><T120/><D120/><U77/><E76/><V83/><F52/><W29/><G29/><T35/><D35/><U32/><E33/><V13/><F31/><W65/><G65/><T41/><D41/><U0/><E0/><V88/><F13/><W90/><G90/><T87/><D107/><U4/><E106/><V134/><F134/><W124/><G124/><T75/><D75/><U23/><E104/><V11/><F11/><W71/><G71/><T5/><D5/><U129/><E129/><V74/><F88/><W125/><G125/><T6/><D6/><U108/><E108/><V3/><F74/><RYUUKYOKU ba="0,1" sc="218,-10,287,-10,172,-10,313,30" hai3="48,50,55,58,63,72,79,80,89,95,98,102,103" /><INIT seed="3,1,1,4,0,22" ten="208,277,162,343" oya="3" hai0="74,12,6,65,135,3,89,23,59,29,57,118,0" hai1="17,127,77,132,101,38,105,104,44,86,40,39,95" hai2="134,94,1,90,26,42,46,109,47,41,116,121,78" hai3="125,52,119,58,76,91,19,84,43,64,54,107,7"/><W124/><G119/><T108/><D118/><U25/><E127/><N who="3" m="48714" /><G107/><T103/><D74/><U62/><E132/><V35/><F121/><W97/><G7/><T32/><D135/><U79/><E38/><V66/><F116/><W16/><G43/><T92/><D103/><U70/><E105/><V53/><F134/><W31/><G31/><T18/><D108/><U48/><E39/><V15/><F1/><W83/><G64/><T111/><D111/><U130/><E130/><V5/><F78/><W93/><G54/><T106/><D106/><U123/><E104/><V87/><F66/><W60/><AGARI ba="1,1" hai="16,19,52,58,60,76,83,84,91,93,97" m="48714" machi="60" ten="30,6000,0" yaku="18,1,54,2" doraHai="22" who="3" fromWho="3" sc="208,-21,277,-21,162,-21,343,73" /><INIT seed="3,2,0,1,2,52" ten="187,256,141,416" oya="3" hai0="116,20,3,55,64,6,99,110,28,42,121,130,27" hai1="89,80,16,75,65,133,107,68,43,18,9,74,5" hai2="118,25,82,109,7,106,103,54,132,30,101,11,1" hai3="33,112,134,60,96,41,78,95,40,47,50,26,10"/><W71/><G112/><T21/><D116/><U46/><E107/><V98/><F118/><W34/><G134/><T19/><D121/><U4/><E133/><V22/><F132/><W37/><G78/><T14/><D110/><U24/><E4/><V45/><F109/><W69/><G10/><T117/><D117/><U72/><E68/><V114/><F114/><W102/><G41/><T32/><D130/><U122/><E122/><V85/><F103/><W48/><G71/><T84/><D64/><U126/><E126/><V100/><F100/><W88/><G102/><T44/><D99/><U58/><E24/><V81/><F85/><W61/><G61/><T92/><D55/><U129/><E129/><V57/><REACH who="2" step="1"/><F45/><REACH who="2" ten="187,256,131,416" step="2"/><W70/><G47/><T79/><D84/><N who="1" m="50311" /><E72/><V59/><F59/><W29/><G70/><T12/><D44/><U56/><E74/><V51/><AGARI ba="2,1" hai="1,7,11,22,25,30,51,54,57,81,82,98,101,106" machi="51" ten="20,5200,0" yaku="1,1,0,1,7,1,52,1,53,0" doraHai="52" doraHaiUra="15" who="2" fromWho="2" sc="187,-15,256,-15,131,68,416,-28" /><INIT seed="4,0,0,1,4,65" ten="172,241,199,388" oya="0" hai0="37,53,90,51,25,72,75,125,13,79,49,34,124" hai1="117,69,118,20,2,110,19,1,105,111,66,39,35" hai2="17,119,14,29,56,48,113,67,91,58,78,85,112" hai3="47,24,97,95,28,38,54,106,122,92,8,88,109"/><T55/><D37/><U99/><E20/><V132/><F132/><W98/><G109/><N who="1" m="41482" /><E19/><V36/><F36/><W61/><G122/><T83/><D13/><U77/><E77/><V44/><F29/><W84/><G106/><T135/><D135/><U130/><E35/><V59/><F78/><W16/><G38/><T121/><D121/><U33/><E33/><V74/><F74/><W104/><G104/><T63/><D90/><U10/><E130/><V22/><F119/><N who="1" m="45577" /><E10/><V68/><F67/><W0/><G0/><T89/><D89/><U45/><E45/><V9/><F68/><W52/><G47/><T96/><D75/><U102/><E39/><V86/><F22/><N who="3" m="15383" /><G95/><T127/><D96/><N who="3" m="36969" /><G61/><AGARI ba="0,0" hai="1,2,61,66,69,99,102,105" m="45577,41482" machi="61" ten="30,2000,0" yaku="23,1,52,1" doraHai="65" who="1" fromWho="3" sc="172,0,241,20,199,0,388,-20" /><INIT seed="5,0,0,0,4,42" ten="172,261,199,368" oya="1" hai0="56,104,62,40,107,99,31,117,124,82,91,26,9" hai1="39,58,20,64,57,100,133,50,61,72,79,76,123" hai2="109,67,83,3,121,12,0,35,19,15,74,7,89" hai3="95,77,21,63,54,105,37,25,116,41,44,55,131"/><U128/><E123/><V114/><F121/><W97/><G105/><T88/><D117/><U70/><E100/><V110/><F67/><W23/><G116/><T68/><D68/><U66/><E128/><V96/><F96/><W10/><G131/><T78/><D124/><U93/><E93/><V49/><F89/><W130/><G23/><T132/><D132/><U43/><E20/><V90/><F90/><W120/><G77/><T108/><D108/><U53/><E76/><V118/><F83/><W69/><G10/><T1/><D40/><U29/><E29/><V28/><F74/><W51/><G37/><T14/><D1/><U81/><E133/><V127/><F49/><W48/><G130/><T30/><D104/><U122/><E122/><V86/><F86/><W85/><G85/><T102/><D82/><U18/><E18/><V2/><F118/><W22/><G69/><T27/><D78/><U73/><E57/><V71/><F71/><W52/><G63/><T94/><D107/><U11/><E11/><N who="2" m="4223" /><F127/><W5/><G5/><N who="0" m="3375" /><D27/><U126/><E126/><V59/><F59/><N who="3" m="33279" /><G120/><T134/><D134/><U17/><E17/><V115/><F19/><N who="3" m="12511" /><G21/><N who="0" m="15695" /><D31/><U106/><E106/><V45/><F15/><W24/><G24/><T113/><D113/><N who="2" m="43018" /><F28/><W8/><G8/><T125/><D125/><U75/><E64/><AGARI ba="0,0" hai="56,62,64,88,91,94,99,102" m="15695,3375" machi="64" ten="30,3900,0" yaku="25,1,8,1,54,1" doraHai="42" who="0" fromWho="1" sc="172,39,261,-39,199,0,368,0" /><INIT seed="6,0,0,5,1,121" ten="211,222,199,368" oya="2" hai0="42,68,91,102,74,50,89,71,133,101,73,52,59" hai1="66,106,0,108,49,107,99,7,2,9,130,96,114" hai2="92,82,78,44,100,64,134,60,19,47,61,28,24" hai3="97,13,79,67,4,76,126,17,90,113,84,51,11"/><V117/><F117/><W41/><G126/><T69/><D133/><U88/><E108/><V58/><F134/><W37/><G37/><T3/><D3/><U23/><E114/><V62/><F19/><W57/><G97/><T34/><D34/><U119/><E119/><V83/><F83/><W45/><G113/><T103/><REACH who="0" step="1"/><D42/><REACH who="0" ten="201,222,199,368" step="2"/><U5/><E0/><V15/><F15/><W85/><G13/><T53/><D53/><U112/><E2/><V63/><F100/><W123/><G41/><T25/><D25/><U35/><E35/><V128/><F128/><W38/><G123/><T48/><D48/><U120/><E130/><V116/><F116/><W86/><G51/><T70/><N who="0" m="17408" /><DORA hai="12" /><T65/><D65/><U80/><E120/><V31/><F92/><W20/><G67/><T94/><D94/><U54/><E106/><V22/><REACH who="2" step="1"/><F31/><REACH who="2" ten="201,222,189,368" step="2"/><W105/><G105/><T132/><D132/><U30/><E107/><V77/><F77/><W122/><G79/><T8/><D8/><U40/><E9/><V39/><F39/><W110/><G38/><T125/><D125/><U27/><E30/><V93/><F93/><W36/><G122/><T109/><D109/><U72/><E80/><V26/><F26/><W127/><G127/><T56/><D56/><U18/><E27/><V95/><F95/><W55/><G110/><T135/><D135/><U129/><E129/><V33/><F33/><W43/><G57/><T111/><D111/><U32/><E32/><V16/><F16/><W21/><G17/><T115/><D115/><U124/><E112/><V1/><F1/><RYUUKYOKU ba="0,2" sc="201,15,222,-15,189,15,368,-15" hai0="50,52,59,73,74,89,91,101,102,103" hai2="22,24,28,44,47,58,60,61,62,63,64,78,82" /><INIT seed="6,1,2,3,4,86" ten="216,207,204,353" oya="2" hai0="134,89,49,35,26,51,78,9,120,68,58,77,81" hai1="53,33,103,105,126,104,69,41,88,128,125,66,15" hai2="127,0,27,118,59,57,60,32,1,123,110,94,5" hai3="19,8,38,17,93,10,13,48,100,22,43,67,87"/><V36/><F118/><W4/><G38/><T80/><D120/><U47/><E33/><V119/><F119/><W90/><G67/><T132/><D68/><U6/><E128/><V97/><F123/><W92/><G10/><T3/><D81/><U82/><E53/><V91/><F36/><W23/><G100/><T107/><D107/><U56/><E69/><V44/><F110/><W101/><G101/><T45/><D58/><U106/><E56/><V40/><F127/><N who="1" m="48649" /><E66/><V25/><F59/><W83/><G43/><T79/><D3/><U62/><E62/><V14/><F32/><W111/><G48/><T109/><D9/><N who="1" m="4535" /><E103/><V102/><F102/><W24/><REACH who="3" step="1"/><G111/><REACH who="3" ten="216,207,204,343" step="2"/><T74/><D109/><U70/><E70/><V12/><F0/><AGARI ba="1,3" hai="0,4,8,13,17,19,22,23,24,83,87,90,92,93" machi="0" ten="30,8000,1" yaku="1,1,2,1,7,1,52,1,53,1" doraHai="86" doraHaiUra="84" who="3" fromWho="2" sc="216,0,207,0,204,-83,343,113" /><INIT seed="7,0,0,3,3,52" ten="216,207,121,456" oya="3" hai0="114,28,4,11,80,13,121,105,18,6,127,37,126" hai1="79,17,132,85,109,44,39,51,47,63,50,135,65" hai2="73,62,131,88,0,107,124,49,36,97,7,77,93" hai3="130,74,55,24,15,115,91,58,29,35,70,32,59"/><W129/><G115/><T48/><D121/><U42/><E109/><V16/><F131/><N who="3" m="50187" /><G74/><T104/><D37/><U19/><E85/><V60/><F124/><N who="0" m="47658" /><D114/><U120/><E79/><V20/><F36/><W9/><G70/><T81/><D28/><U12/><E120/><V87/><F7/><N who="0" m="2602" /><D48/><N who="1" m="18475" /><E47/><V83/><F0/><W122/><G55/><T133/><D133/><N who="1" m="51275" /><E12/><V75/><F49/><W54/><G54/><T61/><D61/><U86/><E86/><V113/><F113/><W22/><G122/><T98/><D98/><U41/><E41/><V26/><REACH who="2" step="1"/><F73/><REACH who="2" ten="216,207,111,456" step="2"/><W101/><G35/><T119/><D119/><U57/><AGARI ba="0,1" hai="17,19,39,42,44,57,63,65" m="51275,18475" machi="57" ten="30,2000,0" yaku="20,1,52,1" doraHai="52" who="1" fromWho="1" sc="216,-5,207,30,111,-5,456,-10" owari="211,-18.9,237,3.7,106,-39.4,446,54.6" /></mjloggm>