<mjloggm ver="2.3"><GO type="41" lobby="0"/><UN n0="%E3%81%B3%E3%81%B3%E3%81%B3" n1="%38%31%39%32" n2="%E2%93%9D%4C%75%63%6B%79%4A" n3="%E8%B8%8A%E3%82%8B%E8%82%B4" dan="13,13,17,14" rate="1869.86,1869.76,2166.06,1899.83" sx="M,M,M,M"/><TAIKYOKU oya="0"/><INIT seed="0,0,0,3,2,1" ten="250,250,250,250" oya="0" hai0="21,80,71,79,89,18,74,125,132,15,6,93,2" hai1="20,38,101,126,73,122,96,12,135,84,60,113,87" hai2="3,86,49,45,31,59,118,19,39,56,77,110,67" hai3="22,102,26,88,81,129,116,30,92,76,68,16,64"/><T109/><D71/><U0/><E0/><V66/><F3/><W114/><G116/><T119/><D119/><U23/><E38/><V57/><F31/><W24/><G114/><T107/><D107/><U48/><E73/><V52/><F118/><W11/><G129/><T47/><D125/><U97/><E113/><V78/><F110/><W108/><G108/><T43/><D132/><U95/><E122/><V131/><F131/><W46/><G102/><T121/><D121/><U17/><E126/><V65/><F39/><W5/><G46/><T133/><D133/><U44/><E135/><V9/><REACH who="2" step="1"/><F86/><REACH who="2" ten="250,250,240,250" step="2"/><W34/><G68/><T94/><D109/><U40/><E96/><V134/><F134/><W100/><G64/><T75/><D74/><U127/><E127/><V105/><F105/><W53/><G53/><T106/><D106/><U54/><E23/><V41/><F41/><W120/><G120/><T90/><D2/><U36/><REACH who="1" step="1"/><E60/><REACH who="1" ten="250,240,240,250" step="2"/><V91/><F91/><W123/><G88/><T99/><D89/><U50/><E50/><V42/><F42/><W124/><G124/><T70/><D90/><U14/><E14/><AGARI ba="0,2" hai="9,14,19,45,49,52,56,57,59,65,66,67,77,78" machi="14" ten="40,5200,0" yaku="1,1,8,1,54,1,53,0" doraHai="1" doraHaiUra="117" who="2" fromWho="1" sc="250,0,240,-52,240,72,250,0" /><INIT seed="1,0,0,4,0,66" ten="250,188,312,250" oya="1" hai0="45,13,44,116,83,104,16,36,133,115,131,30,41" hai1="105,63,129,95,93,81,43,109,72,61,56,60,12" hai2="58,78,80,57,7,39,110,22,75,15,86,70,82" hai3="79,25,27,122,103,132,1,54,106,107,11,64,113"/><U28/><E105/><V120/><F120/><W26/><G122/><T126/><D116/><U74/><E129/><V135/><F39/><W98/><G113/><T77/><D115/><U92/><E109/><V9/><F110/><W48/><G132/><T76/><D104/><U111/><E111/><V69/><F135/><W124/><G106/><T42/><D131/><U118/><E118/><V40/><F40/><W4/><G124/><T128/><D128/><U51/><E28/><V68/><REACH who="2" step="1"/><F22/><REACH who="2" ten="250,188,302,250" step="2"/><W46/><G79/><AGARI ba="0,1" hai="7,9,15,57,58,68,69,70,75,78,79,80,82,86" machi="79" ten="40,8000,1" yaku="1,1,2,1,52,3,53,0" doraHai="66" doraHaiUra="100" who="2" fromWho="3" sc="250,0,188,0,302,90,250,-80" /><INIT seed="2,0,0,0,3,63" ten="250,188,392,170" oya="2" hai0="13,50,116,47,0,125,23,124,105,41,80,90,103" hai1="127,91,46,27,100,88,99,117,58,25,81,15,79" hai2="17,38,8,2,113,3,95,43,52,48,132,94,10" hai3="102,65,59,24,118,45,107,33,19,134,26,92,84"/><V78/><F113/><W72/><G118/><T55/><D0/><U104/><E117/><V115/><F115/><W22/><G72/><T34/><D34/><U108/><E127/><N who="0" m="48713" /><D116/><U35/><E108/><V6/><F132/><W54/><G134/><T97/><D80/><U133/><E133/><V64/><F43/><W75/><G75/><T57/><D90/><U49/><E58/><V7/><F38/><W87/><G107/><T69/><D69/><U93/><E35/><V76/><F17/><W86/><G33/><T70/><D70/><U11/><E104/><V106/><F106/><W89/><G102/><T109/><D109/><U77/><E77/><V29/><F29/><W98/><G45/><T73/><D73/><U129/><E129/><V5/><F7/><W12/><REACH who="3" step="1"/><G65/><REACH who="3" ten="250,188,392,160" step="2"/><T110/><D110/><U82/><E46/><V21/><F64/><W131/><G131/><T18/><D41/><U32/><E32/><V120/><F120/><W9/><G9/><T37/><D37/><U111/><E111/><V123/><F123/><W51/><AGARI ba="0,1" hai="12,19,22,24,26,51,54,59,84,86,87,89,92,98" machi="51" ten="30,4000,0" yaku="1,1,0,1,8,1,53,0" doraHai="63" doraHaiUra="128" who="3" fromWho="3" sc="250,-10,188,-10,392,-20,160,50" /><INIT seed="3,0,0,5,3,4" ten="240,178,372,210" oya="3" hai0="39,92,29,130,31,67,8,88,123,45,84,37,13" hai1="71,15,95,54,116,80,111,44,126,68,43,9,52" hai2="59,107,81,21,35,34,119,79,108,42,14,53,2" hai3="25,100,40,93,30,48,94,134,27,89,135,114,78"/><W0/><G114/><T61/><D123/><U26/><E116/><V104/><F2/><W101/><G0/><T62/><D130/><U122/><E122/><V51/><F119/><W120/><G78/><T117/><D117/><U20/><E111/><V58/><F42/><W102/><G120/><T6/><D39/><U121/><E121/><V98/><F59/><W73/><G73/><T10/><D37/><U46/><E126/><V5/><F108/><W106/><G106/><T28/><D45/><U3/><E3/><V128/><F128/><W55/><G40/><T65/><REACH who="0" step="1"/><D10/><REACH who="0" ten="230,178,372,210" step="2"/><U99/><E80/><V17/><F81/><W49/><G134/><T131/><D131/><U133/><E133/><V76/><F107/><W77/><G135/><T69/><D69/><U18/><E71/><V124/><F104/><W132/><G132/><T38/><D38/><U90/><E68/><V96/><F124/><W127/><G127/><T125/><D125/><U129/><E129/><V32/><F5/><W112/><G112/><T24/><D24/><U41/><E46/><V105/><F105/><W1/><G25/><T118/><D118/><U47/><E44/><V36/><F36/><W7/><G27/><T33/><D33/><U86/><E47/><V70/><F70/><W12/><G93/><T57/><D57/><U19/><E43/><V82/><REACH who="2" step="1"/><F82/><REACH who="2" ten="230,178,362,210" step="2"/><W110/><G110/><T75/><D75/><U115/><E41/><V56/><F56/><W113/><G113/><T97/><D97/><AGARI ba="0,2" hai="14,17,21,32,34,35,51,53,58,76,79,96,97,98" machi="97" ten="40,5200,0" yaku="1,1,53,2" doraHai="4" doraHaiUra="72" who="2" fromWho="0" sc="230,-52,178,0,362,72,210,0" /><INIT seed="4,0,0,4,1,43" ten="178,178,434,210" oya="0" hai0="38,112,2,26,31,83,100,69,10,131,93,124,107" hai1="114,18,27,8,125,82,5,19,87,64,3,55,101" hai2="73,72,1,109,95,108,20,86,121,66,96,88,30" hai3="117,29,75,33,24,106,81,51,89,119,110,78,13"/><T32/><D112/><U130/><E114/><V14/><F1/><W122/><G110/><N who="2" m="42601" /><F66/><W135/><G135/><T116/><D116/><U80/><E125/><V52/><F30/><W25/><G106/><T91/><D124/><U42/><E130/><V62/><F14/><W70/><G70/><T77/><D131/><U94/><E64/><V113/><F20/><W11/><G122/><T71/><D38/><U41/><E55/><V36/><F62/><W17/><G89/><T133/><D133/><U134/><E134/><V67/><F67/><W54/><REACH who="3" step="1"/><G24/><REACH who="3" ten="178,178,434,200" step="2"/><T92/><D69/><U60/><E60/><V57/><F121/><W58/><AGARI ba="0,1" hai="11,13,17,25,29,33,51,54,58,75,78,81,117,119" machi="58" ten="20,5200,0" yaku="1,1,2,1,0,1,7,1,53,0" doraHai="43" doraHaiUra="65" who="3" fromWho="3" sc="178,-26,178,-13,434,-13,200,62" /><INIT seed="5,0,0,1,2,73" ten="152,165,421,262" oya="1" hai0="131,107,23,36,90,63,44,125,92,38,35,75,14" hai1="134,33,122,123,99,69,67,106,49,15,85,118,82" hai2="55,98,59,94,91,30,110,16,87,105,60,2,93" hai3="84,103,3,68,113,42,132,10,120,64,116,0,129"/><U57/><E69/><V40/><F110/><W72/><G84/><T52/><D107/><U25/><E118/><V102/><F2/><W70/><G103/><T119/><D119/><U62/><E134/><V96/><F30/><W56/><G10/><T112/><D35/><U76/><E49/><V66/><F40/><W19/><G19/><T46/><D131/><U74/><E15/><V58/><F105/><W50/><G0/><T71/><D75/><U53/><E53/><V8/><F98/><W100/><G100/><T29/><D125/><U61/><E61/><V5/><F5/><W39/><G56/><T115/><D38/><U65/><E65/><V104/><F104/><W127/><G64/><T89/><D36/><U126/><E126/><V12/><REACH who="2" step="1"/><F59/><REACH who="2" ten="152,165,411,262" step="2"/><W97/><G42/><T109/><D109/><U133/><E133/><V121/><F121/><W43/><G43/><T20/><D71/><U47/><E47/><V6/><F6/><W111/><G97/><T51/><D115/><U124/><E124/><V26/><F26/><W21/><G68/><T37/><D112/><U1/><E1/><V117/><F117/><W77/><G70/><T13/><D37/><U27/><E25/><V130/><F130/><W108/><G113/><T54/><D29/><U4/><E4/><V79/><F79/><W114/><G77/><T88/><D46/><U9/><E27/><V7/><F7/><W81/><G108/><T22/><D92/><U101/><E123/><V32/><F32/><W83/><G120/><T24/><D24/><U34/><E122/><V18/><F18/><RYUUKYOKU ba="0,1" sc="152,15,165,-15,411,15,262,-15" hai0="13,14,20,22,23,44,51,52,54,63,88,89,90" hai2="8,12,16,55,58,60,66,87,91,93,94,96,102" /><INIT seed="6,1,1,1,3,27" ten="167,150,426,247" oya="2" hai0="18,101,103,47,37,104,19,8,135,79,107,125,31" hai1="54,134,34,6,30,12,49,121,93,10,116,105,61" hai2="98,15,33,112,56,68,78,44,17,50,109,70,69" hai3="76,11,95,129,29,86,5,88,71,108,115,9,117"/><V106/><F33/><W91/><G108/><T16/><D135/><U1/><E121/><V26/><F109/><W38/><G117/><T92/><D125/><U52/><E105/><V63/><F78/><W110/><G110/><T111/><D111/><U100/><E116/><V127/><F26/><W94/><G71/><T51/><D79/><U22/><E134/><V3/><F3/><W43/><G76/><T102/><D37/><U73/><E73/><V133/><F133/><W66/><G129/><T21/><D8/><U59/><E34/><V118/><F112/><W53/><G66/><T0/><D0/><U85/><E1/><V83/><F83/><W48/><G43/><T124/><D124/><U75/><E75/><V130/><F130/><W119/><G38/><T14/><D107/><U20/><E30/><V7/><F7/><W122/><G122/><T45/><D104/><U13/><E13/><V89/><F118/><W131/><G131/><T58/><D92/><U40/><E40/><V32/><F32/><W72/><G72/><T99/><D99/><N who="1" m="59503" /><E85/><V80/><F106/><W41/><G41/><T90/><D90/><U24/><E24/><V39/><F89/><W67/><G67/><T55/><D31/><U77/><E77/><V123/><F123/><W57/><G115/><T65/><D65/><U64/><E64/><N who="2" m="39015" /><F127/><W2/><G9/><T46/><AGARI ba="1,1" hai="14,16,18,19,21,45,46,47,51,55,58,101,102,103" machi="46" ten="30,4000,0" yaku="0,1,8,1,54,1" doraHai="27" who="0" fromWho="0" sc="167,53,150,-11,426,-21,247,-11" /><INIT seed="7,0,0,2,5,90" ten="220,139,405,236" oya="3" hai0="11,131,48,34,55,71,30,93,33,46,54,128,65" hai1="84,106,119,22,64,27,114,42,134,37,70,112,105" hai2="10,76,94,1,79,95,109,49,59,123,77,111,108" hai3="122,110,101,72,126,56,118,87,67,18,14,17,86"/><W88/><G118/><T135/><D135/><U85/><E119/><V81/><F123/><W102/><G122/><T61/><D11/><U31/><E42/><V21/><F21/><W78/><G72/><T125/><D125/><U3/><E37/><V132/><F132/><W41/><G41/><T96/><D30/><U5/><E64/><V130/><F130/><N who="0" m="49706" /><D54/><U9/><E70/><V91/><F91/><AGARI ba="0,0" hai="33,34,46,48,55,61,65,71,91,93,96" m="49706" machi="91" ten="30,2000,0" yaku="19,1,52,1" doraHai="90" who="0" fromWho="2" sc="220,20,139,0,405,-20,236,0" owari="240,4.0,139,-36.1,385,48.5,236,-16.4" /></mjloggm>