<mjloggm ver="2.3"><GO type="41" lobby="0"/><UN n0="%E5%B7%9D%E5%8F%A3%E6%82%9F%E5%BF%97" n1="%54%41%52%4F%42%4F%4F" n2="%E2%93%9D%4C%75%63%6B%79%4A" n3="%74%74%73%73" dan="13,15,15,15" rate="1888.99,2035.02,2157.00,2090.00" sx="M,M,M,M"/><TAIKYOKU oya="0"/><INIT seed="0,0,0,1,2,33" ten="250,250,250,250" oya="0" hai0="89,125,17,23,36,1,48,15,81,97,109,26,110" hai1="82,55,77,73,43,57,108,64,22,39,87,34,25" hai2="120,51,41,21,44,90,104,75,14,24,112,76,2" hai3="92,56,4,113,60,79,13,126,69,130,66,30,94"/><T37/><D125/><U20/><E108/><N who="0" m="41577" /><D48/><U18/><E34/><V49/><F104/><W124/><G113/><T96/><D81/><U3/><E64/><V46/><F120/><W10/><G130/><T11/><D1/><U65/><E65/><V16/><F112/><W6/><G30/><N who="0" m="17759" /><D89/><U127/><E127/><N who="3" m="48682" /><G79/><T85/><D85/><U101/><E101/><V40/><F2/><N who="3" m="279" /><G69/><T106/><D106/><U32/><E32/><V78/><F75/><W62/><G62/><T102/><D102/><U19/><E73/><V134/><F134/><W58/><G58/><T117/><D117/><U111/><E111/><V118/><F118/><W50/><G50/><T128/><D128/><U80/><E82/><V0/><F0/><W123/><G123/><T9/><D9/><AGARI ba="0,0" hai="6,9,13,56,60,66,92,94" m="279,48682" machi="9" ten="30,2000,0" yaku="18,1,52,1" doraHai="33" who="3" fromWho="0" sc="250,-20,250,0,250,0,250,20" /><INIT seed="1,0,0,0,3,18" ten="230,250,250,270" oya="1" hai0="21,92,89,76,35,47,117,130,40,120,128,100,123" hai1="110,79,74,129,107,66,111,86,61,71,78,15,95" hai2="122,38,8,68,102,12,119,90,85,80,93,96,94" hai3="1,29,87,72,32,31,113,116,26,118,49,134,39"/><U22/><E107/><V33/><F122/><N who="0" m="46634" /><D35/><U36/><E36/><V44/><F68/><W9/><G113/><T131/><D117/><U54/><E74/><V82/><F33/><W17/><G72/><T124/><D124/><U57/><E129/><V37/><F119/><N who="3" m="45611" /><G39/><N who="0" m="21919" /><D76/><U112/><E112/><V42/><REACH who="2" step="1"/><F38/><REACH who="2" ten="230,250,240,270" step="2"/><W48/><G32/><T41/><D131/><U97/><E71/><V3/><F3/><W125/><G1/><T91/><D128/><U27/><E66/><V127/><F127/><W99/><G125/><T109/><D130/><U13/><E110/><V88/><F88/><W133/><G134/><T63/><D89/><N who="1" m="55535" /><E111/><V77/><F77/><W24/><G133/><T53/><D91/><U121/><E121/><V104/><F104/><W84/><G99/><T45/><D109/><U46/><E79/><V132/><F132/><W70/><G70/><T2/><D2/><U55/><E78/><V5/><AGARI ba="0,1" hai="5,8,12,37,42,44,80,82,85,90,93,94,96,102" machi="5" ten="20,5200,0" yaku="1,1,0,1,7,1,53,1" doraHai="18" doraHaiUra="6" who="2" fromWho="2" sc="230,-13,250,-26,240,62,270,-13" /><INIT seed="2,0,0,4,0,51" ten="217,224,302,257" oya="2" hai0="36,40,134,10,50,18,17,66,130,99,16,43,68" hai1="90,65,76,30,31,126,88,114,127,85,125,15,2" hai2="79,34,60,128,98,80,57,119,1,116,105,28,47" hai3="132,113,112,83,124,72,89,82,120,24,111,107,32"/><V67/><F1/><W74/><G32/><T87/><D130/><U0/><E114/><N who="3" m="44138" /><G24/><T22/><D10/><U86/><E76/><V55/><F128/><W35/><G35/><T37/><D134/><U56/><E15/><V5/><F5/><W103/><G132/><T95/><D87/><N who="1" m="33291" /><E65/><V54/><F34/><W96/><G120/><T64/><D22/><U11/><E56/><V12/><F28/><N who="1" m="10793" /><E11/><V29/><F29/><W93/><G124/><T45/><D40/><U46/><E46/><V41/><F12/><W78/><G111/><T58/><D68/><U25/><E25/><V19/><F19/><W52/><G52/><T100/><REACH who="0" step="1"/><D58/><REACH who="0" ten="207,224,302,257" step="2"/><U133/><E133/><V71/><F57/><W109/><G109/><T8/><D8/><U84/><E84/><V48/><F41/><W129/><G129/><T75/><D75/><N who="3" m="28713" /><G78/><T118/><D118/><U20/><E20/><V53/><F119/><W101/><G107/><T106/><D106/><U102/><E102/><AGARI ba="0,1" hai="82,83,89,93,96,101,102,103" m="28713,44138" machi="102" ten="30,3900,0" yaku="11,1,34,2" doraHai="51" who="3" fromWho="1" sc="207,0,224,-39,302,0,257,49" /><INIT seed="3,0,0,2,5,8" ten="207,185,302,306" oya="3" hai0="52,11,86,125,108,119,51,40,29,80,16,77,94" hai1="43,95,109,64,117,56,93,70,112,82,107,36,18" hai2="106,91,124,89,10,21,7,97,104,61,30,0,134" hai3="15,87,66,72,123,120,96,74,59,60,39,121,26"/><W85/><G39/><T79/><D119/><U122/><E107/><V115/><F115/><W127/><G127/><T46/><D108/><U12/><E109/><V105/><F124/><W67/><G26/><T17/><D125/><U103/><E112/><V73/><F73/><W37/><G37/><T92/><D29/><U2/><E2/><V75/><F75/><W113/><G113/><T78/><D40/><U118/><E122/><V63/><F134/><W35/><G35/><T24/><D24/><U62/><E82/><V54/><F97/><W50/><G96/><T58/><D58/><U128/><E56/><V25/><REACH who="2" step="1"/><F54/><REACH who="2" ten="207,185,292,306" step="2"/><W27/><G121/><T31/><D31/><U130/><E103/><V132/><F132/><W28/><G120/><T111/><D111/><U101/><E101/><V129/><F129/><N who="1" m="49769" /><E43/><V47/><F47/><W110/><G123/><T135/><D135/><U53/><E53/><V23/><F23/><N who="3" m="15487" /><G74/><T116/><D116/><N who="1" m="44651" /><E36/><V65/><F65/><W34/><G110/><T83/><D46/><U131/><N who="1" m="49777" /><U45/><DORA hai="44" /><E45/><V100/><F100/><W9/><G67/><T69/><D52/><U4/><E4/><V3/><F3/><W41/><G72/><T84/><D51/><U1/><E1/><V19/><F19/><N who="3" m="8687" /><G34/><T33/><D33/><U102/><E102/><V55/><F55/><W42/><G42/><T49/><D49/><U88/><E88/><AGARI ba="0,1" hai="0,7,10,21,25,30,61,63,88,89,91,104,105,106" machi="88" ten="40,8000,1" yaku="1,1,54,1,53,3" doraHai="8,44" doraHaiUra="32,57" who="2" fromWho="1" sc="207,0,185,-80,292,90,306,0" /><INIT seed="4,0,0,5,0,127" ten="207,105,382,306" oya="0" hai0="76,0,112,53,9,103,32,35,77,126,121,86,108" hai1="74,61,91,113,116,117,65,71,111,98,96,99,95" hai2="38,45,12,46,44,24,101,67,128,109,79,14,16" hai3="80,72,134,115,70,21,18,33,41,92,69,37,39"/><T106/><D121/><U122/><E74/><V125/><F109/><W54/><G33/><T135/><D108/><U133/><E111/><V5/><F38/><W62/><G115/><T118/><D118/><U130/><E122/><V131/><F101/><W40/><G134/><T68/><D53/><U13/><E133/><V7/><F79/><N who="0" m="30282" /><D9/><U23/><E113/><V107/><F107/><W88/><G72/><T104/><D68/><U8/><E23/><N who="2" m="13415" /><F67/><W60/><G80/><T1/><D86/><U56/><E71/><V36/><F36/><W64/><G39/><T66/><D66/><U19/><E130/><N who="2" m="49707" /><F125/><W81/><G37/><T110/><D103/><U42/><REACH who="1" step="1"/><E42/><REACH who="1" ten="207,95,382,306" step="2"/><V57/><F57/><N who="3" m="34871" /><G70/><T15/><D135/><U87/><AGARI ba="0,1" hai="8,13,19,56,61,65,87,91,95,96,98,99,116,117" machi="87" ten="30,2000,0" yaku="1,1,0,1,53,0" doraHai="127" doraHaiUra="48" who="1" fromWho="1" sc="207,-10,95,30,382,-5,306,-5" /><INIT seed="5,0,0,0,4,20" ten="197,125,377,301" oya="1" hai0="99,116,40,74,72,46,32,28,110,49,106,12,84" hai1="66,131,2,129,68,114,82,86,78,96,76,117,17" hai2="36,108,125,43,19,133,27,45,35,102,9,48,6" hai3="16,14,92,128,89,71,54,90,1,109,93,73,26"/><U34/><E117/><V39/><F108/><W61/><G1/><T59/><D110/><U107/><E2/><V105/><F125/><W100/><G109/><T103/><D116/><U81/><E114/><V119/><F119/><W127/><G73/><T8/><D84/><U80/><E34/><V134/><F102/><W120/><G120/><T118/><D118/><U88/><E17/><V122/><F105/><W95/><G127/><T41/><D40/><U124/><E66/><V65/><F65/><W130/><G100/><T113/><D113/><U69/><E124/><V5/><F122/><W97/><G71/><T70/><D70/><N who="1" m="27243" /><E96/><V42/><F43/><W3/><G3/><T56/><D59/><U38/><E38/><V77/><F39/><W75/><G75/><T50/><D28/><U10/><E10/><V94/><F9/><W29/><G61/><T13/><D32/><U58/><E58/><V126/><F36/><W30/><G54/><T104/><D106/><U83/><E107/><V21/><F35/><N who="3" m="20919" /><G30/><T55/><D13/><U79/><E80/><V63/><F126/><W57/><G57/><T11/><D11/><U51/><E51/><V47/><F48/><W60/><G60/><T53/><D41/><U31/><E31/><V4/><F42/><W115/><G115/><T25/><D50/><U62/><E62/><V37/><F63/><W15/><G15/><T135/><D12/><U0/><E0/><V67/><F37/><W101/><G101/><T85/><D104/><U91/><E86/><V64/><F67/><W33/><G33/><T98/><D8/><RYUUKYOKU ba="0,0" sc="197,-10,125,30,377,-10,301,-10" hai1="76,78,79,81,82,83,88,91,129,131" /><INIT seed="5,1,0,2,2,86" ten="187,155,367,291" oya="1" hai0="38,122,88,82,67,69,113,98,15,65,103,54,6" hai1="11,22,112,55,28,43,48,129,34,120,52,37,68" hai2="87,29,111,23,76,72,20,114,106,27,49,35,107" hai3="96,13,4,45,16,108,60,80,53,97,84,51,39"/><U3/><E120/><V31/><F111/><W41/><G108/><T91/><D38/><U58/><E34/><V36/><F36/><W128/><G4/><T131/><D122/><U44/><E129/><V21/><F72/><W25/><G25/><T74/><D131/><U78/><E112/><V89/><F76/><W75/><G75/><T9/><D113/><U116/><E116/><V57/><F114/><W12/><G12/><T119/><D119/><U105/><E105/><V1/><F1/><W40/><G60/><T71/><D69/><U47/><E78/><V2/><F2/><W132/><G132/><T101/><D74/><U18/><E28/><V61/><F49/><W99/><G39/><T10/><D9/><U50/><E68/><V118/><F31/><W77/><REACH who="3" step="1"/><G128/><REACH who="3" ten="187,155,367,281" step="2"/><T92/><D15/><U0/><E11/><AGARI ba="1,1" hai="11,13,16,40,41,45,51,53,77,80,84,96,97,99" machi="11" ten="40,8000,1" yaku="1,1,2,1,8,1,54,1,53,0" doraHai="86" doraHaiUra="125" who="3" fromWho="1" sc="187,0,155,-83,367,0,281,93" /><INIT seed="6,0,0,0,5,10" ten="187,72,367,374" oya="2" hai0="15,42,34,75,100,124,35,132,106,31,23,54,129" hai1="79,126,70,114,74,86,48,102,95,69,1,87,47" hai2="108,56,58,62,49,135,84,67,32,57,50,115,40" hai3="117,121,38,88,7,11,105,63,22,60,96,21,36"/><V77/><F32/><W131/><G121/><T37/><D75/><U83/><E1/><V43/><F77/><W110/><G117/><T128/><D124/><U45/><E126/><V26/><F26/><W16/><G110/><T13/><D132/><U5/><E114/><V18/><F84/><W125/><G125/><T99/><D54/><U25/><E5/><V28/><F28/><W66/><G21/><T119/><D119/><U90/><E86/><V113/><F18/><W0/><G131/><N who="0" m="50251" /><D23/><U12/><E47/><N who="2" m="25983" /><F108/><W61/><G66/><T91/><D91/><U14/><E25/><V27/><F27/><W6/><G6/><T8/><D8/><U30/><E30/><V112/><F135/><W52/><G52/><T127/><D31/><U68/><REACH who="1" step="1"/><E102/><REACH who="1" ten="187,62,367,374" step="2"/><V71/><F40/><AGARI ba="0,1" hai="12,14,40,45,48,68,69,70,74,79,83,87,90,95" machi="40" ten="40,8000,1" yaku="1,1,2,1,52,2,53,0" doraHai="10" doraHaiUra="94" who="1" fromWho="2" sc="187,0,62,90,367,-80,374,0" /><INIT seed="7,0,0,0,2,12" ten="187,152,287,374" oya="3" hai0="130,131,19,52,123,24,105,50,47,21,97,40,35" hai1="20,33,128,60,64,122,95,31,3,112,82,28,44" hai2="101,110,119,15,32,75,34,134,120,8,90,65,79" hai3="56,23,111,16,13,77,11,108,72,62,59,100,53"/><W63/><G100/><N who="0" m="62607" /><D123/><U135/><E122/><V86/><F79/><W7/><G72/><T78/><D78/><U43/><E3/><V2/><F65/><W4/><G77/><T36/><D36/><U106/><E106/><V94/><F119/><W55/><REACH who="3" step="1"/><G4/><REACH who="3" ten="187,152,287,364" step="2"/><T84/><D130/><U48/><E128/><V30/><F101/><W121/><G121/><T66/><D131/><U74/><E135/><V58/><F134/><W73/><G73/><T49/><D50/><U1/><E112/><V76/><F76/><W114/><G114/><T129/><D49/><U127/><E127/><V85/><F75/><W39/><G39/><T104/><D129/><U10/><E33/><V102/><F34/><W91/><G91/><T99/><D35/><U88/><E20/><V6/><F120/><W46/><G46/><T38/><D47/><U117/><E117/><V124/><F102/><W80/><G80/><T96/><D38/><U81/><E74/><V92/><F90/><W71/><G71/><T107/><D21/><U109/><E82/><V14/><F32/><W118/><G118/><T103/><D103/><U0/><E81/><V51/><F6/><W89/><G89/><T87/><D107/><U93/><E95/><V70/><F94/><W25/><AGARI ba="0,1" hai="7,11,13,16,23,25,53,55,56,59,62,63,108,111" machi="25" ten="30,12000,1" yaku="1,1,0,1,9,1,52,1,54,1,53,0" doraHai="12" doraHaiUra="37" who="3" fromWho="3" sc="187,-40,152,-40,287,-40,364,130" owari="147,-25.3,112,-38.8,247,4.7,494,59.4" /></mjloggm>