<mjloggm ver="2.3"><GO type="41" lobby="0"/><UN n0="%E2%93%9D%4C%75%63%6B%79%4A" n1="%62%75%6E%62%75%6E%32%34" n2="%E3%81%AB%E3%82%83%E3%82%93%E5%A4%AA%E9%83%8E" n3="%E6%97%A9%E8%A6%8B%E6%98%8E%E8%8F%9C" dan="18,14,13,14" rate="2205.31,1829.66,1887.20,2081.12" sx="M,M,M,M"/><TAIKYOKU oya="0"/><INIT seed="0,0,0,5,5,52" ten="250,250,250,250" oya="0" hai0="69,108,16,9,34,62,19,64,118,35,90,28,105" hai1="103,126,15,61,127,71,98,123,46,110,21,1,121" hai2="37,58,50,18,54,56,102,100,30,63,89,133,109" hai3="70,131,88,99,113,10,82,107,39,57,44,4,60"/><T3/><D118/><U55/><E1/><V53/><F37/><W14/><G113/><T24/><D35/><U115/><E110/><V33/><F109/><W84/><G131/><T78/><D108/><U29/><E115/><V25/><F133/><W2/><G70/><T22/><D78/><U73/><E73/><V51/><F63/><W23/><G39/><T77/><D77/><U32/><E46/><V72/><F72/><W117/><G117/><T130/><D130/><U96/><E96/><V94/><F18/><W134/><G44/><T38/><D38/><U80/><E80/><V75/><F75/><W104/><G134/><T68/><D105/><U125/><E15/><V12/><F12/><W20/><G2/><T36/><D36/><U43/><E43/><V129/><F129/><W17/><G4/><T79/><D79/><U8/><E8/><V65/><F65/><W111/><G111/><T124/><D124/><U114/><E114/><V48/><F48/><W74/><G74/><T41/><D41/><U13/><E13/><V116/><F116/><W87/><G84/><AGARI ba="0,0" hai="25,30,33,50,51,53,54,56,58,84,89,94,100,102" machi="84" ten="30,7700,0" yaku="7,1,9,1,52,2" doraHai="52" who="2" fromWho="3" sc="250,0,250,0,250,77,250,-77" /><INIT seed="1,0,0,3,2,83" ten="250,250,327,173" oya="1" hai0="67,10,44,35,87,75,48,79,63,134,101,39,110" hai1="73,127,21,38,103,6,20,56,104,100,47,40,32" hai2="88,9,8,2,132,95,5,72,124,16,115,111,1" hai3="31,108,71,123,107,42,126,80,30,37,114,94,116"/><U129/><E32/><V24/><F72/><W3/><RYUUKYOKU type="yao9" ba="0,0" sc="250,0,250,0,327,0,173,0" hai3="3,30,31,37,42,71,80,94,107,108,114,116,123,126" /><INIT seed="1,1,0,5,2,77" ten="250,250,327,173" oya="1" hai0="39,134,52,112,48,1,122,34,119,23,90,30,17" hai1="91,130,9,131,79,50,125,49,69,68,44,127,26" hai2="82,83,107,128,97,92,87,67,64,38,85,47,37" hai3="102,116,27,71,58,89,57,121,133,72,110,84,123"/><U94/><E79/><V22/><F128/><N who="1" m="49193" /><E26/><V126/><F126/><N who="1" m="48137" /><E9/><V21/><F107/><W11/><G71/><N who="1" m="27210" /><E94/><V4/><F4/><W135/><G27/><T65/><D30/><U117/><E91/><V104/><F104/><W62/><G11/><T61/><D90/><U6/><E6/><V2/><F2/><W53/><G72/><T99/><D99/><U16/><E16/><V40/><F38/><W105/><G105/><T3/><D39/><U33/><E33/><V75/><F75/><W31/><G31/><T60/><D17/><U113/><E113/><V41/><F37/><W45/><G102/><T103/><D103/><U24/><E24/><V115/><F115/><W13/><G13/><T5/><D5/><U80/><E80/><V129/><F129/><W81/><G81/><T55/><D34/><U54/><E50/><V101/><F92/><W95/><G95/><T96/><D48/><U124/><N who="1" m="48145" /><U42/><DORA hai="74" /><E117/><V114/><F101/><W12/><G116/><T66/><D119/><U18/><E18/><V63/><F114/><W70/><G12/><T100/><D100/><U59/><E59/><V46/><F97/><W98/><G98/><T132/><D96/><U43/><AGARI ba="1,0" hai="42,43,44,49,54" m="27210,48145,49193" machi="43" ten="50,12000,1" yaku="19,1,18,1,34,2" doraHai="77,74" who="1" fromWho="1" sc="250,-41,250,123,327,-41,173,-41" /><INIT seed="1,2,0,1,2,50" ten="209,373,286,132" oya="1" hai0="54,130,10,30,35,118,119,58,2,43,26,89,131" hai1="60,67,96,23,133,111,76,80,70,4,72,94,68" hai2="75,40,62,128,109,47,71,122,114,65,117,135,16" hai3="73,115,102,127,120,112,11,25,21,33,39,13,110"/><U22/><E133/><V3/><RYUUKYOKU type="yao9" ba="2,0" sc="209,0,373,0,286,0,132,0" hai2="3,16,40,47,62,65,71,75,109,114,117,122,128,135" /><INIT seed="1,3,0,5,1,77" ten="209,373,286,132" oya="1" hai0="89,43,67,28,124,7,38,133,19,33,83,113,3" hai1="47,127,78,45,106,72,55,76,125,60,48,46,69" hai2="65,94,107,86,8,93,21,117,105,115,44,85,27" hai3="20,26,88,10,116,108,5,1,71,23,15,35,11"/><U64/><E106/><V58/><F117/><W52/><G71/><T118/><D113/><U59/><E72/><V104/><F115/><W62/><G116/><T121/><D19/><U61/><E78/><V79/><F44/><N who="1" m="17001" /><E76/><V120/><F120/><W63/><G108/><T41/><D124/><N who="1" m="47691" /><E60/><V13/><F65/><W40/><G40/><T32/><D43/><U81/><E81/><V101/><F58/><AGARI ba="3,0" hai="47,48,55,58,59,61,64,69" m="47691,17001" machi="58" ten="30,5800,0" yaku="18,1,34,2" doraHai="77" who="1" fromWho="2" sc="209,0,373,67,286,-67,132,0" /><INIT seed="1,4,0,4,2,38" ten="209,440,219,132" oya="1" hai0="86,26,18,84,27,51,85,36,68,31,102,104,59" hai1="82,62,120,135,134,109,12,43,129,106,132,15,3" hai2="29,10,55,66,108,50,111,118,2,114,4,124,46" hai3="71,20,98,90,112,28,83,5,40,70,76,47,34"/><U100/><E120/><V80/><F118/><W75/><G112/><T21/><D36/><U30/><E3/><V8/><F114/><W88/><G34/><T52/><D68/><U35/><E129/><V61/><F124/><W56/><G5/><T23/><D104/><U60/><E82/><V45/><F29/><W63/><G28/><T94/><REACH who="0" step="1"/><D102/><REACH who="0" ten="199,440,219,132" step="2"/><U69/><E100/><V7/><F80/><W79/><G70/><T131/><D131/><U19/><E106/><V58/><REACH who="2" step="1"/><F45/><REACH who="2" ten="199,440,209,132" step="2"/><W99/><G47/><T65/><D65/><U24/><E109/><V22/><F22/><W96/><G20/><T95/><AGARI ba="4,2" hai="18,21,23,26,27,31,51,52,59,84,85,86,94,95" machi="95" ten="30,8000,1" yaku="1,1,0,1,8,1,54,1,53,1" doraHai="38" doraHaiUra="44" who="0" fromWho="0" sc="199,112,440,-44,209,-24,132,-24" /><INIT seed="2,0,0,4,0,19" ten="311,396,185,108" oya="2" hai0="81,88,30,126,102,113,121,57,133,61,2,128,89" hai1="25,37,68,72,48,92,58,70,8,56,117,96,34" hai2="7,54,120,83,75,13,85,119,100,41,12,24,79" hai3="80,11,118,116,1,69,66,31,5,38,123,65,131"/><V49/><F120/><W26/><G123/><T98/><D121/><U132/><E117/><V111/><F119/><W63/><G131/><T10/><D113/><U17/><E72/><V6/><F111/><W18/><G38/><T99/><D128/><U36/><E70/><V39/><F100/><W29/><G29/><T53/><D126/><U101/><E68/><V73/><F24/><W59/><G65/><T51/><D133/><U16/><E132/><V46/><F73/><W134/><G134/><T20/><D10/><U76/><E76/><V28/><F28/><W129/><G129/><T106/><D2/><U60/><E37/><V84/><F7/><W105/><G59/><T86/><D99/><U109/><E109/><V44/><F6/><W108/><G108/><T130/><D130/><U32/><E36/><V71/><F71/><W45/><G45/><T4/><D4/><U78/><E78/><V94/><REACH who="2" step="1"/><F75/><REACH who="2" ten="311,396,175,108" step="2"/><W33/><G105/><T42/><D106/><U127/><E127/><V64/><F64/><W74/><G18/><T9/><D30/><U112/><E112/><V0/><F0/><W104/><G104/><T91/><D102/><U43/><E34/><V135/><F135/><W125/><G125/><T90/><D98/><U97/><E32/><V35/><F35/><W67/><G66/><T21/><D9/><U14/><E96/><V93/><F93/><W52/><G74/><T103/><D103/><U50/><E25/><V124/><F124/><W40/><G116/><T110/><D110/><U15/><E15/><V82/><F82/><W115/><G118/><RYUUKYOKU ba="0,1" sc="311,15,396,-15,175,15,108,-15" hai0="20,21,42,51,53,57,61,81,86,88,89,90,91" hai2="12,13,39,41,44,46,49,54,79,83,84,85,94" /><INIT seed="2,1,1,5,3,119" ten="326,381,190,93" oya="2" hai0="33,74,71,26,47,2,25,96,103,43,48,22,101" hai1="23,126,44,76,46,113,60,27,6,10,36,16,20" hai2="24,98,34,28,91,37,93,89,8,49,87,125,130" hai3="29,13,72,40,73,21,94,133,66,15,54,70,78"/><V110/><F37/><W112/><G40/><T39/><D74/><U64/><E36/><V124/><F130/><W86/><G133/><T59/><D2/><U14/><E113/><V11/><F110/><W106/><G106/><T58/><D71/><U105/><E105/><V61/><F61/><W129/><G129/><T122/><D122/><U107/><E107/><V69/><F69/><W62/><G112/><T77/><D77/><U81/><E126/><N who="2" m="48747" /><F49/><W116/><G116/><T132/><D132/><U118/><E118/><V115/><F115/><W63/><G29/><T100/><D33/><U18/><E64/><V50/><F50/><W120/><G120/><T1/><D1/><U65/><E65/><V68/><F68/><W45/><G45/><T75/><D75/><U32/><E32/><V102/><F91/><W114/><G114/><T31/><D39/><U4/><E4/><V88/><F89/><W85/><G70/><T5/><D5/><U135/><E135/><V104/><AGARI ba="1,1" hai="8,11,24,28,34,87,88,93,98,102,104" m="48747" machi="104" ten="30,3000,0" yaku="18,1,54,1" doraHai="119" who="2" fromWho="2" sc="326,-11,381,-11,190,43,93,-11" /><INIT seed="2,2,0,4,3,36" ten="315,370,233,82" oya="2" hai0="123,100,133,93,29,105,98,87,30,61,8,70,41" hai1="117,85,5,0,68,94,60,72,73,19,32,127,75" hai2="2,86,71,22,57,40,39,130,50,48,13,129,6" hai3="12,59,24,37,128,109,107,122,53,16,49,112,25"/><V21/><F71/><W90/><G122/><T97/><D123/><U101/><E117/><V111/><F111/><W18/><G109/><T35/><D87/><U88/><E127/><V26/><F86/><W119/><G119/><T38/><D8/><U132/><E132/><V28/><F39/><W78/><G107/><T118/><D133/><U4/><E32/><V131/><F2/><W89/><G128/><T62/><D62/><U66/><E0/><V77/><F77/><W15/><G37/><T14/><D14/><U64/><E64/><V124/><F124/><W55/><G78/><T104/><D105/><U114/><E114/><V113/><F113/><W96/><G112/><T54/><D54/><U74/><N who="1" m="18432" /><DORA hai="79" /><U56/><E68/><V23/><F57/><W125/><G125/><T115/><D35/><U102/><REACH who="1" step="1"/><E19/><REACH who="1" ten="315,360,233,82" step="2"/><V80/><F6/><AGARI ba="2,1" hai="4,5,6,56,60,66,85,88,94,101,102" m="18432" machi="6" ten="70,8000,1" yaku="1,1,2,1,54,1,53,1" doraHai="36,79" doraHaiUra="82,76" who="1" fromWho="2" sc="315,0,360,96,233,-86,82,0" /><INIT seed="3,0,0,4,1,18" ten="315,456,147,82" oya="3" hai0="93,85,33,106,47,63,131,52,45,91,4,26,113" hai1="90,17,28,23,87,112,135,31,96,9,43,21,89" hai2="123,84,24,7,11,98,14,71,99,64,107,78,60" hai3="81,126,65,6,88,3,32,39,77,119,82,8,42"/><W73/><G119/><T1/><D106/><U118/><E112/><V50/><F123/><W36/><G126/><T95/><D113/><U74/><E74/><V19/><F107/><W12/><G32/><T53/><D1/><U104/><E118/><V67/><F50/><W133/><G133/><T29/><D4/><U25/><E43/><V102/><F67/><W30/><G30/><T111/><D111/><U20/><E135/><V41/><F41/><W127/><G127/><T100/><D131/><U130/><E130/><V109/><F109/><W13/><G65/><T54/><REACH who="0" step="1"/><D63/><REACH who="0" ten="305,456,147,82" step="2"/><U27/><E104/><V38/><F102/><W97/><G36/><T117/><D117/><U10/><E96/><AGARI ba="0,1" hai="26,29,33,45,47,52,53,54,85,91,93,95,96,100" machi="96" ten="40,2600,0" yaku="1,1,54,1,53,0" doraHai="18" doraHaiUra="15" who="0" fromWho="1" sc="305,36,456,-26,147,0,82,0" /><INIT seed="4,0,0,2,2,14" ten="341,430,147,82" oya="0" hai0="47,23,35,134,10,85,110,6,76,114,97,7,124" hai1="131,26,106,4,24,77,123,63,29,116,93,3,133" hai2="126,15,55,25,100,87,130,57,28,101,73,98,96" hai3="125,72,90,112,119,8,37,27,54,122,11,60,81"/><T51/><D35/><U45/><E123/><V64/><F73/><W49/><G119/><T128/><D128/><U16/><E116/><V48/><F130/><W32/><G37/><T31/><D124/><U99/><E131/><V105/><F126/><W40/><G125/><T62/><D114/><U46/><E106/><V92/><F87/><W69/><G112/><T21/><D31/><U53/><E3/><V132/><F132/><W38/><G122/><T117/><D62/><U135/><E4/><V127/><F127/><W91/><G38/><T30/><D7/><U34/><E77/><V2/><F2/><W41/><G72/><T120/><D30/><U58/><E133/><V94/><F105/><W80/><G32/><T71/><D71/><U86/><E86/><V52/><F15/><W19/><G69/><T42/><D120/><U84/><E84/><V59/><F64/><W67/><G60/><T56/><D56/><U108/><E108/><V103/><F103/><W89/><G67/><T39/><D39/><U66/><E66/><V95/><F95/><W36/><G36/><T82/><D117/><U102/><E135/><V113/><F113/><W118/><G118/><T0/><D134/><U13/><E24/><V75/><F75/><W17/><G27/><T107/><REACH who="0" step="1"/><D110/><REACH who="0" ten="331,430,147,82" step="2"/><U5/><REACH who="1" step="1"/><E5/><REACH who="1" ten="331,420,147,82" step="2"/><V79/><F79/><W61/><G80/><T104/><D104/><U121/><E121/><V43/><F28/><W33/><G81/><T44/><D44/><U50/><E50/><N who="2" m="30967" /><F25/><W74/><G49/><T109/><D109/><U111/><E111/><V22/><F43/><RYUUKYOKU ba="0,2" sc="331,10,420,10,147,10,82,-30" hai0="0,6,10,21,23,42,47,51,76,82,85,97,107" hai1="13,16,26,29,34,45,46,53,58,63,93,99,102" hai2="22,48,52,59,92,94,96,98,100,101" /><INIT seed="4,1,2,2,1,81" ten="341,430,157,52" oya="0" hai0="89,94,105,29,3,34,24,95,85,54,102,28,90" hai1="41,66,67,31,37,80,120,75,26,133,10,78,132" hai2="117,86,7,99,19,77,35,15,107,100,42,4,130" hai3="68,27,40,14,70,119,60,114,101,8,48,96,39"/><T129/><D3/><U65/><E120/><V92/><F35/><W25/><G119/><T76/><D129/><U36/><E10/><V52/><F130/><W97/><G39/><T126/><D126/><U116/><E116/><V87/><F117/><W43/><G114/><T106/><D102/><U113/><E113/><V18/><F42/><W112/><G112/><T32/><D76/><U55/><E55/><V79/><F107/><W47/><G40/><T121/><D121/><U109/><E109/><V127/><F127/><W53/><G68/><T71/><D71/><U20/><REACH who="1" step="1"/><E41/><REACH who="1" ten="341,420,157,52" step="2"/><V12/><F52/><W98/><G101/><T6/><D54/><U45/><E45/><V22/><F7/><W13/><G43/><T135/><D6/><U91/><E91/><V103/><F4/><W9/><G8/><T69/><D69/><U21/><E21/><N who="2" m="11463" /><F103/><W46/><G46/><T88/><D90/><U104/><E104/><V111/><F111/><W124/><G124/><T49/><D49/><U1/><E1/><V16/><F19/><W62/><G70/><T0/><D0/><U122/><E122/><V74/><F74/><W73/><G73/><T93/><D106/><U56/><E56/><V61/><F61/><N who="3" m="23659" /><G9/><T118/><D118/><U123/><E123/><V57/><F57/><W2/><G2/><T72/><D105/><U128/><E128/><V110/><F110/><W134/><G134/><AGARI ba="1,3" hai="20,26,31,36,37,65,66,67,75,78,80,132,133,134" machi="134" ten="40,8000,1" yaku="1,1,20,1,53,3" doraHai="81" doraHaiUra="63" who="1" fromWho="3" sc="341,0,420,113,157,0,52,-83" owari="341,14.1,533,63.3,157,-24.3,-31,-53.1" /></mjloggm>