<mjloggm ver="2.3"><GO type="41" lobby="0"/><UN n0="%E2%93%9D%4C%75%63%6B%79%4A" n1="%E3%83%90%E3%83%AA%E3%83%83%E3%82%B5" n2="%E3%83%9D%E3%83%9D%E3%83%9D%E3%83%B3%E5%A4%AA" n3="%4D%41%49%54%4F" dan="17,15,13,15" rate="2141.25,1979.91,1845.71,2064.29" sx="M,M,M,M"/><TAIKYOKU oya="0"/><INIT seed="0,0,0,4,3,107" ten="250,250,250,250" oya="0" hai0="2,116,112,45,113,6,94,73,79,76,135,26,86" hai1="60,54,111,65,44,97,64,51,72,52,117,29,25" hai2="82,66,9,31,46,35,131,58,90,125,114,132,87" hai3="48,42,126,84,68,78,10,13,103,63,85,118,122"/><T49/><D116/><U120/><E117/><V37/><F114/><W19/><G118/><T21/><D135/><U98/><E111/><V80/><F132/><W18/><G122/><T16/><D2/><U62/><E120/><V34/><F31/><W8/><G126/><T30/><D6/><U11/><E54/><V129/><F9/><W92/><G68/><T22/><D73/><U47/><E47/><V12/><F12/><W106/><G63/><T74/><D74/><U4/><E72/><V38/><F80/><W15/><G106/><T105/><D105/><U69/><E11/><V91/><F90/><W110/><G110/><T77/><D94/><U7/><E4/><V5/><F5/><W41/><G48/><T89/><D89/><U24/><E7/><V130/><F125/><W101/><REACH who="3" step="1"/><G92/><REACH who="3" ten="250,250,250,240" step="2"/><T123/><D123/><U108/><E108/><V81/><F38/><W83/><G83/><T39/><D39/><U104/><E104/><V102/><F81/><W128/><G128/><T28/><D113/><U32/><REACH who="1" step="1"/><E25/><REACH who="1" ten="250,240,250,240" step="2"/><V43/><F131/><W75/><G75/><T133/><D112/><U119/><E119/><V56/><F130/><W55/><G55/><N who="0" m="30127" /><D133/><U67/><E67/><V14/><F66/><W61/><G61/><T0/><D0/><U1/><E1/><V99/><F129/><W70/><G70/><AGARI ba="0,2" hai="24,29,32,44,51,52,60,62,64,65,69,70,97,98" machi="70" ten="30,7700,0" yaku="1,1,7,1,9,1,54,1,53,0" doraHai="107" doraHaiUra="36" who="1" fromWho="3" sc="250,0,240,97,250,0,240,-77" /><INIT seed="1,0,0,2,1,13" ten="250,337,250,163" oya="1" hai0="107,129,128,103,53,61,24,127,76,72,32,20,10" hai1="78,26,101,38,74,117,90,60,106,73,33,77,64" hai2="89,56,95,30,45,0,36,81,115,123,125,12,85" hai3="31,105,110,17,16,99,120,83,8,42,126,28,75"/><U122/><E117/><V18/><F0/><W37/><G120/><T35/><D76/><U2/><E90/><V46/><F123/><W59/><G126/><T71/><D72/><U114/><E114/><V109/><F109/><W63/><G110/><T133/><D53/><U22/><E33/><N who="0" m="12873" /><D61/><U15/><E15/><V58/><F30/><W69/><G69/><T98/><D71/><U87/><E2/><V5/><F5/><W100/><G37/><T48/><D48/><U88/><E38/><V27/><F27/><W1/><G42/><T65/><D65/><U131/><E122/><V47/><F36/><W57/><G75/><T52/><D10/><U3/><E3/><V25/><F81/><W111/><G83/><T94/><D52/><U116/><E116/><V80/><F80/><W79/><G79/><T112/><D133/><U96/><E74/><V118/><F118/><W55/><G59/><T14/><D14/><U43/><E43/><V50/><F12/><W44/><G44/><T39/><D112/><U34/><E73/><V49/><F115/><W41/><G41/><T82/><D82/><U91/><E91/><V104/><F104/><W6/><REACH who="3" step="1"/><G111/><REACH who="3" ten="250,337,250,153" step="2"/><T7/><D107/><U11/><E77/><V67/><F56/><W62/><G62/><T92/><D39/><U108/><E78/><V124/><F58/><W21/><G21/><T113/><D113/><U51/><E22/><N who="2" m="13527" /><F45/><W121/><G121/><T40/><D40/><U19/><E108/><V68/><F46/><W9/><G9/><T93/><D20/><U134/><E34/><V4/><F47/><RYUUKYOKU ba="0,1" sc="250,-10,337,-10,250,-10,153,30" hai3="1,6,8,16,17,28,31,55,57,63,99,100,105" /><INIT seed="2,1,1,4,4,126" ten="240,327,240,183" oya="2" hai0="73,102,127,2,39,76,89,24,64,42,106,47,104" hai1="135,119,36,86,6,103,100,92,62,111,33,129,25" hai2="21,116,93,7,95,114,132,22,1,27,55,49,115" hai3="105,12,74,37,72,29,0,121,56,20,16,43,51"/><V61/><F116/><W75/><G0/><T71/><D89/><U8/><E36/><V84/><F132/><W123/><G105/><T70/><D64/><U35/><E119/><V109/><F61/><W133/><G133/><T28/><D127/><U78/><E135/><V54/><F84/><W77/><G77/><T82/><D2/><U130/><E111/><V85/><F85/><W99/><G99/><N who="0" m="61791" /><D104/><U14/><E103/><V13/><F1/><W60/><G37/><T131/><D131/><N who="1" m="50187" /><E100/><V128/><F128/><W96/><G96/><T101/><D101/><U69/><E25/><V81/><F109/><W50/><G123/><T118/><D118/><U46/><E46/><V48/><F27/><W59/><G121/><T31/><D31/><U19/><E6/><V5/><F13/><W65/><G29/><T94/><D94/><U15/><E15/><V41/><REACH who="2" step="1"/><F81/><REACH who="2" ten="240,327,230,183" step="2"/><W34/><G12/><T23/><D82/><U107/><E86/><V125/><F125/><W53/><G75/><T79/><D73/><U66/><E62/><V97/><F97/><W108/><G74/><T112/><D24/><U122/><E14/><V91/><F91/><W57/><G72/><T63/><D79/><U120/><E78/><V52/><F52/><N who="3" m="31767" /><G108/><T4/><D76/><U11/><E120/><V3/><F3/><W32/><G43/><AGARI ba="1,2" hai="5,7,21,22,41,43,48,49,54,55,93,95,114,115" machi="43" ten="25,4800,0" yaku="1,1,22,2,53,0" doraHai="126" doraHaiUra="117" who="2" fromWho="3" sc="240,0,327,0,230,71,183,-51" /><INIT seed="2,2,0,1,0,54" ten="240,327,301,132" oya="2" hai0="13,1,19,87,135,12,70,123,69,75,82,7,37" hai1="78,31,33,23,84,3,30,133,93,109,113,85,9" hai2="120,88,5,24,74,6,15,41,45,22,46,55,122" hai3="34,10,132,35,32,28,4,90,52,86,67,49,18"/><V105/><F74/><W121/><G121/><T27/><D123/><U106/><E106/><V36/><F105/><W112/><G112/><T111/><D37/><U0/><E33/><V108/><F108/><W42/><G132/><T76/><D111/><U17/><E109/><V66/><F66/><W21/><G42/><T118/><D13/><U16/><E113/><V47/><F36/><W92/><G67/><T63/><D27/><U20/><E93/><V89/><F41/><W60/><G60/><T115/><D135/><U40/><E40/><V64/><F64/><W83/><G28/><T53/><D1/><U2/><E9/><V61/><F120/><W134/><G134/><T107/><D7/><N who="2" m="2570" /><F15/><W104/><G104/><T114/><D107/><U62/><E133/><V131/><F131/><W100/><G21/><T119/><D75/><U95/><E95/><V14/><F14/><W39/><G18/><T65/><D70/><U128/><E0/><V56/><F122/><W103/><G39/><T94/><D94/><U71/><E62/><V43/><F43/><W124/><G92/><T38/><D38/><U99/><E71/><V126/><F126/><W73/><G124/><T68/><D69/><U50/><E128/><V80/><F80/><W29/><G29/><AGARI ba="2,0" hai="22,24,29,45,46,47,55,56,61,88,89" m="2570" machi="29" ten="30,5800,0" yaku="8,1,52,1,54,1" doraHai="54" who="2" fromWho="3" sc="240,0,327,0,301,64,132,-64" /><INIT seed="2,3,0,4,4,16" ten="240,327,365,68" oya="2" hai0="56,64,58,36,8,55,23,31,26,27,29,50,119" hai1="60,96,131,115,41,21,3,91,127,103,113,77,25" hai2="82,72,22,4,12,32,33,48,87,59,0,24,94" hai3="104,39,111,76,106,14,69,135,89,120,7,42,133"/><V17/><F72/><W6/><G69/><T125/><D125/><U126/><E3/><V71/><F71/><W35/><G35/><T78/><D36/><U86/><E77/><V129/><F129/><W114/><G120/><T9/><D119/><U92/><E41/><V84/><F84/><W30/><G76/><T11/><D78/><U75/><E60/><V99/><F0/><W40/><G114/><T1/><D1/><U45/><E45/><V110/><F110/><W100/><G111/><T28/><D27/><U105/><E75/><V65/><F4/><W51/><G89/><T19/><REACH who="0" step="1"/><D64/><REACH who="0" ten="230,327,365,68" step="2"/><U108/><E108/><V79/><F24/><W128/><G135/><T52/><D52/><U81/><E126/><V20/><F65/><W68/><G133/><T62/><D62/><U109/><E127/><V101/><F48/><W49/><G39/><T80/><D80/><U121/><E109/><V38/><F82/><W134/><G134/><T57/><AGARI ba="3,1" hai="8,9,11,19,23,26,28,29,31,50,55,56,57,58" machi="57" ten="40,8000,1" yaku="1,1,0,1,8,1,52,1,53,0" doraHai="16" doraHaiUra="107" who="0" fromWho="0" sc="230,99,327,-23,365,-43,68,-23" /><INIT seed="3,0,0,3,2,52" ten="329,304,322,45" oya="3" hai0="70,39,68,49,119,27,131,45,67,114,102,134,64" hai1="6,25,43,36,17,69,78,75,53,21,104,12,28" hai2="113,7,9,111,0,130,118,98,42,94,123,71,8" hai3="124,95,92,57,1,16,23,97,51,90,112,65,73"/><W44/><G124/><T77/><D77/><U62/><E104/><V74/><F71/><N who="0" m="27178" /><D27/><U127/><E127/><V19/><F74/><W86/><G73/><T34/><D102/><U41/><E6/><V100/><F42/><W48/><G1/><T93/><D93/><U135/><E135/><V105/><F118/><W132/><G132/><T61/><D34/><U14/><E14/><V96/><F130/><W20/><G112/><T81/><D81/><U106/><E106/><V110/><F113/><W85/><G20/><T18/><D18/><U108/><E108/><V60/><F60/><N who="3" m="38031" /><G44/><T128/><D119/><U56/><E36/><V126/><F126/><W40/><G40/><T107/><D107/><U2/><E2/><V125/><F123/><W79/><G79/><T84/><D114/><U72/><E75/><V115/><F115/><W33/><G33/><T24/><D39/><U54/><E69/><V82/><F82/><W10/><G10/><T13/><D131/><U122/><E122/><V89/><F125/><W109/><G109/><N who="2" m="41481" /><F8/><W32/><G32/><T37/><D128/><U88/><E41/><V35/><F19/><W133/><G133/><T4/><D134/><U29/><E43/><V63/><F35/><W117/><G117/><T83/><D37/><U87/><E29/><V91/><F9/><W120/><G120/><T11/><D11/><N who="1" m="6303" /><E72/><V121/><F0/><W38/><G38/><T46/><D4/><U50/><E78/><V5/><F121/><W3/><G3/><T80/><D46/><U26/><E26/><V129/><F129/><W55/><G16/><RYUUKYOKU ba="0,0" sc="329,0,304,0,322,0,45,0" /><INIT seed="4,1,0,1,5,36" ten="329,304,322,45" oya="0" hai0="119,4,85,94,133,46,16,11,55,84,48,2,57" hai1="86,120,64,110,88,49,34,83,51,47,24,30,29" hai2="21,44,111,135,0,5,92,128,59,97,65,37,108" hai3="74,100,102,115,22,38,130,68,67,25,32,53,95"/><T129/><D119/><U121/><E110/><V27/><F135/><W58/><G32/><T10/><D133/><U80/><E64/><V126/><F5/><W81/><G130/><T63/><D129/><U54/><E30/><V60/><F0/><W17/><G115/><T90/><D11/><U76/><REACH who="1" step="1"/><E51/><REACH who="1" ten="329,294,322,45" step="2"/><V70/><F108/><W79/><G38/><T62/><D63/><U123/><E123/><V56/><F111/><W3/><G67/><T109/><D109/><U93/><E93/><V52/><F92/><W33/><G68/><T35/><D35/><U50/><E50/><V112/><F70/><W89/><G33/><T125/><D125/><U7/><E7/><V134/><F65/><W132/><G132/><T1/><D2/><U96/><E96/><V77/><F97/><W12/><G3/><T45/><D62/><U43/><E43/><V23/><F134/><W75/><G75/><AGARI ba="1,1" hai="24,29,34,47,49,54,75,76,80,83,86,88,120,121" machi="75" ten="30,3900,0" yaku="1,1,7,1,54,1,53,0" doraHai="36" doraHaiUra="99" who="1" fromWho="3" sc="329,0,294,52,322,0,45,-42" /><INIT seed="5,0,0,5,4,98" ten="329,346,322,3" oya="1" hai0="56,29,115,64,2,134,65,93,22,103,104,17,44" hai1="71,0,3,54,76,9,86,127,85,45,80,62,74" hai2="46,116,77,31,130,70,123,14,47,97,105,42,41" hai3="72,5,15,55,6,79,83,52,28,131,92,128,118"/><U18/><E127/><V19/><F123/><W60/><G118/><T13/><D2/><U48/><E0/><V129/><F116/><W107/><G107/><T132/><D104/><U113/><E113/><V135/><F70/><W125/><G28/><T96/><D115/><U63/><E71/><V58/><F31/><W133/><G92/><T117/><D117/><U40/><E3/><V24/><F24/><W84/><G72/><T21/><D44/><U57/><E63/><V16/><F77/><W111/><G111/><T100/><D56/><U114/><E114/><V87/><F87/><W88/><G79/><T126/><D126/><U68/><E68/><V37/><F58/><N who="3" m="34887" /><G125/><T10/><D29/><U95/><E95/><V106/><F135/><N who="0" m="51754" /><D65/><U90/><E74/><V121/><F121/><W12/><G133/><T26/><D64/><U61/><E61/><V124/><F124/><W25/><G25/><T7/><D22/><U1/><E1/><V27/><F105/><W50/><G131/><T35/><D35/><U82/><E18/><V36/><F27/><W4/><G128/><N who="2" m="49257" /><F14/><W34/><G34/><T67/><D67/><U122/><E122/><V99/><F99/><W43/><G43/><T69/><D69/><U30/><E30/><V109/><F109/><W89/><G89/><AGARI ba="0,0" hai="7,10,13,17,21,26,89,93,96,100,103" m="51754" machi="89" ten="30,3900,0" yaku="20,1,52,2" doraHai="98" who="0" fromWho="3" sc="329,39,346,0,322,0,3,-39" owari="368,46.8,346,14.6,322,-7.8,-36,-53.6" /></mjloggm>