<mjloggm ver="2.3"><GO type="41" lobby="0"/><UN n0="%E7%8E%8B%E9%81%93%E5%AE%B6" n1="%E9%9B%80%E8%81%96%44%44%57" n2="%E3%82%B0%E3%83%AB%E3%83%BC%E3%83%9F%E3%83%BC%E5%85%88%E8%BC%A9" n3="%E2%93%9D%4C%75%63%6B%79%4A" dan="13,14,14,17" rate="1910.02,1962.73,1998.52,2147.15" sx="M,M,M,M"/><TAIKYOKU oya="0"/><INIT seed="0,0,0,0,3,44" ten="250,250,250,250" oya="0" hai0="102,105,79,75,68,61,78,49,57,15,30,2,18" hai1="62,10,20,118,71,56,134,13,16,26,108,3,131" hai2="11,133,99,115,55,51,89,125,119,41,98,17,124" hai3="28,25,42,92,96,97,128,54,19,76,32,73,66"/><T67/><D2/><U95/><E118/><V14/><F115/><W58/><G128/><T53/><D75/><U113/><E71/><V88/><F133/><W127/><G42/><T109/><D109/><U116/><E116/><V117/><F41/><W38/><G38/><T120/><D120/><U132/><E108/><V93/><F117/><W90/><G66/><T81/><D30/><U43/><E43/><V64/><F64/><W130/><G127/><N who="2" m="48713" /><F119/><W39/><G39/><T123/><D123/><U101/><E131/><V111/><F111/><W22/><G130/><T60/><D81/><U1/><E113/><V87/><F89/><W110/><G110/><T21/><D102/><U9/><E9/><V94/><F94/><W77/><G97/><T36/><D105/><U37/><E37/><V33/><F33/><W121/><G73/><T84/><D36/><U86/><E86/><V31/><F31/><W24/><REACH who="3" step="1"/><G121/><REACH who="3" ten="250,250,250,240" step="2"/><T12/><D84/><U4/><E132/><V85/><F85/><W0/><G0/><T122/><D122/><U104/><E134/><V135/><F135/><W112/><G112/><T29/><D29/><U65/><REACH who="1" step="1"/><E104/><REACH who="1" ten="250,240,250,240" step="2"/><V126/><F126/><W50/><AGARI ba="0,2" hai="19,22,24,25,28,32,50,54,58,76,77,90,92,96" machi="50" ten="20,5200,0" yaku="1,1,0,1,7,1,52,1,53,0" doraHai="44" doraHaiUra="35" who="3" fromWho="3" sc="250,-26,240,-13,250,-13,240,72" /><INIT seed="1,0,0,3,2,35" ten="224,227,237,312" oya="1" hai0="78,107,49,87,3,8,119,112,91,60,31,40,26" hai1="61,51,27,62,23,135,133,38,100,104,89,50,66" hai2="29,120,18,44,34,75,58,109,130,92,10,88,13" hai3="110,131,69,59,127,122,1,48,71,93,74,115,4"/><U55/><E38/><V113/><F120/><W76/><G115/><T25/><D119/><U42/><E100/><V105/><F75/><W85/><G122/><T47/><D107/><U64/><E104/><V45/><F105/><W28/><G28/><T41/><D112/><U116/><E116/><V57/><F113/><W17/><G17/><T6/><D78/><U63/><E89/><V56/><F109/><W32/><G127/><T84/><D84/><U68/><E23/><V52/><F130/><W124/><G32/><T117/><D117/><U123/><E27/><V16/><F34/><W65/><G65/><T114/><D114/><U73/><E73/><V37/><F29/><W0/><G4/><T132/><D132/><N who="1" m="50763" /><E123/><V14/><F37/><W22/><G22/><T12/><D60/><U24/><E24/><V108/><F108/><W79/><G74/><T19/><D41/><U134/><N who="1" m="50771" /><U126/><DORA hai="94" /><E126/><V101/><F101/><W80/><G110/><T36/><D36/><U128/><E128/><V129/><F129/><W46/><G124/><T20/><REACH who="0" step="1"/><D31/><REACH who="0" ten="214,227,237,312" step="2"/><U39/><E39/><V70/><F70/><W118/><G71/><T54/><D54/><U96/><E68/><V103/><F52/><W97/><G69/><T5/><D5/><U83/><E83/><AGARI ba="0,1" hai="3,6,8,12,19,20,25,26,40,47,49,83,87,91" machi="83" ten="30,8000,1" yaku="1,1,7,1,52,1,53,2" doraHai="35,94" doraHaiUra="2,7" who="0" fromWho="1" sc="214,90,227,-80,237,0,312,0" /><INIT seed="2,0,0,0,3,123" ten="304,147,237,312" oya="2" hai0="74,104,38,28,3,47,102,115,35,21,23,46,31" hai1="71,40,20,73,26,59,114,15,119,111,2,11,79" hai2="85,118,110,93,65,99,22,69,101,63,94,42,97" hai3="77,29,122,76,53,61,48,100,117,60,68,92,78"/><V17/><F118/><W33/><G117/><T39/><D102/><U131/><E119/><V129/><F129/><W37/><G37/><T18/><D104/><U6/><E71/><V50/><F85/><W127/><G122/><T54/><D3/><U7/><E131/><V34/><F34/><W13/><G127/><T82/><D35/><U58/><E114/><V70/><F42/><W52/><G68/><T10/><D10/><U112/><E112/><V32/><F32/><W133/><G133/><T98/><D115/><U1/><E40/><V124/><F124/><W56/><G29/><T87/><D87/><U91/><E91/><V86/><F86/><W113/><G33/><T30/><D18/><U9/><E15/><V95/><F70/><W64/><G13/><T109/><D30/><U121/><E121/><V84/><F50/><W105/><G105/><T81/><D54/><U75/><E111/><V43/><F43/><W45/><G113/><T25/><D98/><U80/><REACH who="1" step="1"/><E73/><REACH who="1" ten="304,137,237,312" step="2"/><V51/><F110/><W14/><G14/><T90/><D90/><U83/><E83/><V27/><F84/><W12/><G12/><T125/><D125/><U19/><AGARI ba="0,1" hai="1,2,6,7,9,11,19,20,26,58,59,75,79,80" machi="19" ten="20,5200,0" yaku="1,1,0,1,7,1,9,1,53,0" doraHai="123" doraHaiUra="66" who="1" fromWho="1" sc="304,-13,137,62,237,-26,312,-13" /><INIT seed="3,0,0,4,3,16" ten="291,199,211,299" oya="3" hai0="106,3,109,35,54,13,105,135,125,10,2,124,53" hai1="86,8,0,100,9,7,4,68,38,17,95,61,83" hai2="132,89,104,134,25,98,90,69,121,51,6,20,107" hai3="14,88,48,120,1,5,108,39,116,62,36,93,133"/><W46/><G120/><T130/><D35/><U113/><E113/><V60/><F121/><W122/><G122/><T111/><D13/><U57/><E38/><V94/><F6/><W103/><G116/><T75/><D10/><U84/><E68/><V101/><F51/><W76/><G103/><T126/><D75/><U73/><E73/><V74/><F74/><W37/><G133/><N who="2" m="51305" /><F69/><W55/><G76/><T23/><D23/><U12/><E4/><V18/><F60/><W45/><G108/><N who="0" m="41547" /><D130/><U26/><E26/><V24/><F24/><W56/><G1/><N who="0" m="11" /><D135/><U72/><E72/><V70/><F70/><W117/><G117/><T112/><D112/><U127/><E127/><V131/><F131/><W82/><G82/><T63/><D63/><U50/><E50/><V19/><F19/><W118/><G118/><T29/><D29/><U80/><E80/><V52/><F52/><AGARI ba="0,0" hai="52,53,54,105,106,124,125,126" m="11,41547" machi="52" ten="40,8000,1" yaku="28,2,18,1,14,1,54,1" doraHai="16" who="0" fromWho="2" sc="291,80,199,0,211,-80,299,0" /><INIT seed="4,0,0,2,3,63" ten="371,199,131,299" oya="0" hai0="56,94,65,67,66,10,84,55,3,107,45,38,122" hai1="128,46,61,92,75,28,89,48,103,51,30,41,33" hai2="52,129,104,115,80,106,22,5,113,118,1,32,59" hai3="126,43,79,125,130,72,91,68,132,69,26,90,134"/><T6/><D107/><N who="2" m="41002" /><F32/><W49/><G79/><T34/><D34/><U15/><E75/><V120/><F120/><W37/><G72/><T13/><D122/><U16/><E103/><V123/><F123/><W78/><G78/><T36/><D3/><U112/><E128/><V102/><F102/><W9/><G9/><T133/><D133/><N who="3" m="51305" /><G26/><T24/><D24/><U44/><E112/><N who="2" m="43083" /><F129/><W19/><G19/><T27/><D27/><U21/><E61/><N who="2" m="36071" /><F22/><W109/><G91/><T50/><D94/><U110/><E110/><V114/><N who="2" m="43091" /><V23/><DORA hai="70" /><F23/><W119/><G90/><T86/><REACH who="0" step="1"/><D45/><REACH who="0" ten="361,199,131,299" step="2"/><U4/><E33/><V62/><F118/><W73/><G119/><T85/><AGARI ba="0,1" hai="6,10,13,36,38,50,55,56,65,66,67,84,85,86" machi="85" ten="30,24000,3" yaku="1,1,2,1,0,1,52,5,53,2" doraHai="63,70" doraHaiUra="8,11" who="0" fromWho="0" sc="361,250,199,-80,131,-80,299,-80" /><INIT seed="4,1,0,1,3,130" ten="611,119,51,219" oya="0" hai0="54,118,112,53,27,67,32,111,81,22,115,73,56" hai1="127,1,36,117,48,105,106,119,124,46,90,4,126" hai2="135,51,35,61,33,49,43,86,47,125,15,25,129" hai3="91,30,11,70,99,104,28,95,75,6,72,132,29"/><T41/><D118/><N who="1" m="45067" /><E36/><V3/><F3/><W50/><G70/><T121/><D32/><U7/><E90/><V16/><F129/><W65/><G65/><T60/><D121/><U76/><E76/><V19/><F125/><N who="1" m="32001" /><U52/><DORA hai="17" /><E1/><V9/><F135/><W93/><G132/><T134/><D134/><U63/><E63/><V107/><F107/><AGARI ba="1,0" hai="4,7,46,48,52,105,106,107" m="32001,45067" machi="107" ten="50,3200,0" yaku="18,1,54,1" doraHai="130,17" who="1" fromWho="2" sc="611,0,119,35,51,-35,219,0" /><INIT seed="5,0,0,4,3,77" ten="611,154,16,219" oya="1" hai0="54,108,1,95,13,55,69,37,80,87,125,104,91" hai1="8,46,118,75,62,43,109,105,36,115,113,92,88" hai2="133,50,26,39,100,126,112,56,41,123,65,130,16" hai3="111,86,124,79,47,9,72,40,2,17,83,10,110"/><U51/><E118/><V135/><F123/><W23/><G124/><T25/><D1/><U96/><E75/><V0/><F0/><W48/><G72/><T22/><D125/><U76/><E76/><V11/><F126/><W116/><G116/><T3/><D3/><U74/><E74/><V6/><F39/><W84/><G86/><T102/><D69/><U60/><E109/><V15/><F100/><W71/><G71/><T101/><D37/><U66/><E8/><V27/><F130/><W121/><G121/><T4/><D104/><U119/><E119/><V30/><F112/><N who="1" m="43081" /><E66/><V45/><F6/><W32/><G32/><T98/><D102/><N who="1" m="62663" /><E36/><V99/><F99/><AGARI ba="0,0" hai="43,46,51,60,62,88,92,99" m="62663,43081" machi="99" ten="30,2900,0" yaku="15,1,54,1" doraHai="77" who="1" fromWho="2" sc="611,0,154,29,16,-29,219,0" owari="611,71.1,183,-21.7,-13,-51.3,219,1.9" /></mjloggm>