<mjloggm ver="2.3"><GO type="41" lobby="0"/><UN n0="%E5%A4%A9%E5%91%BD%E3%81%8A%E6%9D%BE" n1="%E3%82%AA%E3%82%A4%E3%82%BF%E3%83%AC%E3%83%83%E3%82%B0" n2="%4C%75%64%77%69%67" n3="%E2%93%9D%4C%75%63%6B%79%4A" dan="13,14,14,18" rate="1893.78,1849.11,2033.12,2143.59" sx="F,M,M,M"/><TAIKYOKU oya="0"/><INIT seed="0,0,0,2,5,16" ten="250,250,250,250" oya="0" hai0="76,57,86,54,65,39,125,1,128,115,68,56,64" hai1="111,91,90,24,60,93,121,81,107,110,9,15,44" hai2="101,47,2,4,87,55,61,78,89,50,96,131,42" hai3="38,99,41,103,7,77,72,19,29,135,40,83,32"/><T36/><D1/><U31/><E121/><V133/><F133/><W35/><G135/><T49/><D115/><U92/><E107/><V13/><F131/><W25/><G7/><T84/><D128/><U34/><E81/><V129/><F129/><W23/><G38/><T70/><D76/><U58/><E44/><V17/><F2/><W10/><G10/><T112/><D112/><U85/><E15/><V106/><F4/><W123/><G123/><T63/><D125/><U69/><E69/><N who="0" m="26729" /><D86/><U117/><E9/><V113/><F78/><W0/><G0/><T62/><D84/><U126/><E126/><V75/><F75/><W48/><G48/><T79/><D79/><U97/><REACH who="1" step="1"/><E117/><REACH who="1" ten="250,240,250,250" step="2"/><V3/><F3/><W120/><G120/><T109/><D109/><U28/><E28/><V14/><F113/><W134/><G134/><T80/><D80/><U66/><AGARI ba="0,1" hai="24,31,34,58,60,66,85,90,91,92,93,97,110,111" machi="66" ten="30,4000,0" yaku="1,1,0,1,53,1" doraHai="16" doraHaiUra="95" who="1" fromWho="1" sc="250,-20,240,50,250,-10,250,-10" /><INIT seed="1,0,0,5,5,124" ten="230,290,240,240" oya="1" hai0="9,118,16,122,100,10,130,104,119,67,5,101,64" hai1="127,106,46,89,57,120,15,14,79,2,28,88,62" hai2="35,8,26,93,32,72,7,22,113,66,3,29,6" hai3="68,11,69,92,17,70,86,99,134,111,55,51,105"/><U52/><E120/><V133/><F72/><W78/><G105/><T33/><D104/><U129/><E2/><V121/><F66/><W96/><G134/><T80/><D33/><U24/><E127/><V61/><F61/><W90/><G111/><T19/><D80/><U38/><E106/><V43/><F43/><W107/><G107/><T91/><D91/><N who="1" m="34891" /><E129/><V47/><F47/><W87/><G78/><T128/><D5/><U75/><E75/><V63/><F63/><W18/><G87/><T71/><D71/><U23/><E38/><V53/><F53/><W37/><G37/><T95/><D95/><U60/><E79/><V83/><F83/><W82/><G11/><T102/><D102/><U50/><E62/><V30/><F93/><W114/><G114/><T115/><D115/><U40/><AGARI ba="0,0" hai="14,15,23,24,28,40,46,50,52,57,60" m="34891" machi="40" ten="30,6000,0" yaku="8,1,54,2" doraHai="124" who="1" fromWho="1" sc="230,-20,290,60,240,-20,240,-20" /><INIT seed="1,1,0,2,0,40" ten="210,350,220,220" oya="1" hai0="32,98,18,120,105,134,61,73,7,106,100,85,70" hai1="135,94,44,89,86,23,72,28,125,90,126,111,12" hai2="88,54,5,53,21,50,22,56,25,36,27,109,97" hai3="130,77,96,91,4,69,42,35,123,104,132,102,79"/><U43/><E72/><V1/><F36/><W83/><G35/><T74/><D32/><U0/><E0/><V37/><F37/><W62/><G4/><T116/><D106/><U131/><E135/><V75/><F75/><W82/><G62/><T66/><D134/><U45/><E131/><V41/><F41/><W59/><G59/><T133/><D133/><U19/><E28/><V80/><F109/><W33/><G69/><T14/><D7/><U9/><E43/><V29/><F5/><W93/><G33/><T101/><D101/><U20/><E111/><V65/><F65/><W30/><G30/><T3/><D3/><U129/><E129/><V34/><F1/><W39/><G123/><T67/><D116/><U112/><E112/><V16/><F34/><W110/><G42/><T31/><D67/><U10/><E90/><V107/><F107/><W24/><G24/><T95/><D31/><U121/><E121/><V2/><F2/><W124/><G39/><T13/><D120/><U76/><E76/><N who="3" m="29258" /><G124/><N who="1" m="47722" /><E23/><V57/><F80/><N who="3" m="30763" /><G132/><T81/><D105/><U26/><E26/><V17/><F29/><W58/><G130/><T108/><D108/><U68/><E68/><V52/><F50/><W122/><G122/><T119/><D73/><U114/><E114/><V60/><F57/><W113/><G58/><T48/><D74/><U103/><E103/><V49/><F49/><W11/><G110/><T38/><D48/><U46/><AGARI ba="1,0" hai="9,10,12,19,20,44,45,46,86,89,94" m="47722" machi="46" ten="30,11700,0" yaku="18,1,52,3" doraHai="40" who="1" fromWho="1" sc="210,-40,350,120,220,-40,220,-40" /><INIT seed="1,2,0,2,1,134" ten="170,470,180,180" oya="1" hai0="56,80,30,112,109,49,118,35,28,123,34,50,5" hai1="89,82,43,81,70,4,91,101,22,57,11,102,29" hai2="53,96,60,83,100,18,9,116,103,37,90,42,98" hai3="59,55,39,45,68,117,20,66,19,114,38,126,25"/><U71/><E43/><V26/><F116/><W32/><G114/><T87/><D112/><U2/><E57/><V31/><F37/><W125/><G32/><T94/><D5/><U108/><E108/><V99/><F42/><W48/><G117/><T127/><D118/><U36/><E36/><V63/><F83/><W121/><G121/><T40/><D109/><U3/><E29/><V8/><F90/><W135/><G135/><T47/><D28/><U110/><E110/><V97/><F97/><W52/><G66/><T132/><D132/><U61/><E22/><V24/><F31/><W69/><G39/><T16/><D123/><U104/><E4/><V92/><F99/><W76/><G76/><T13/><D30/><U93/><E93/><V75/><F75/><W21/><G21/><T73/><D94/><U41/><E41/><V72/><F72/><W130/><G130/><T12/><D73/><U119/><E119/><V7/><F18/><W27/><G27/><T115/><D115/><U77/><E77/><V58/><F63/><N who="3" m="36351" /><G38/><T120/><D120/><U1/><E61/><V54/><F54/><W124/><AGARI ba="2,0" hai="19,20,25,45,48,52,68,69,124,125,126" m="36351" machi="124" ten="30,8000,1" yaku="18,1,52,3,54,1" doraHai="134" who="3" fromWho="3" sc="170,-22,470,-42,180,-22,180,86" /><INIT seed="2,0,0,3,5,42" ten="148,428,158,266" oya="2" hai0="125,22,119,67,84,24,93,109,48,129,6,97,121" hai1="100,114,32,131,43,68,10,70,59,107,126,92,105" hai2="36,51,23,115,89,101,19,72,66,57,112,49,55" hai3="3,60,104,26,50,133,83,102,8,27,46,1,54"/><V95/><F72/><W117/><G117/><T130/><D119/><U77/><E114/><V35/><F35/><W20/><G133/><T16/><D121/><U12/><E32/><V47/><F36/><W80/><G27/><T37/><D37/><U4/><E126/><V82/><F101/><W9/><G3/><T116/><D116/><U53/><E131/><V64/><F82/><W103/><G1/><T41/><D125/><U79/><E43/><V40/><F115/><W7/><G60/><T111/><D67/><U17/><E107/><V94/><F112/><W58/><G58/><T85/><D6/><U11/><E105/><V71/><F71/><W31/><G104/><T15/><D24/><U88/><E100/><N who="3" m="38442" /><G7/><T128/><D97/><N who="1" m="57479" /><E70/><V113/><F95/><W118/><G118/><T29/><D93/><U90/><E68/><V0/><F0/><W13/><G13/><T14/><D14/><N who="1" m="5447" /><E90/><V124/><F124/><W120/><G120/><T62/><D62/><AGARI ba="0,0" hai="11,12,17,53,59,62,77,79" m="5447,57479" machi="62" ten="30,2000,0" yaku="8,1,54,1" doraHai="42" who="1" fromWho="0" sc="148,-20,428,20,158,0,266,0" /><INIT seed="3,0,0,3,4,37" ten="128,448,158,266" oya="3" hai0="94,23,16,104,5,29,28,18,91,38,110,121,103" hai1="122,105,84,102,19,9,22,12,20,132,64,126,1" hai2="65,123,44,50,39,75,127,54,56,118,90,81,86" hai3="120,125,42,4,107,2,128,109,7,106,87,119,135"/><W43/><G120/><T45/><D121/><U0/><E122/><V62/><F118/><W17/><G119/><T89/><D110/><U85/><E126/><V74/><F127/><W6/><G125/><T31/><D5/><U93/><E105/><V68/><REACH who="2" step="1"/><F123/><REACH who="2" ten="128,448,148,266" step="2"/><W71/><G109/><T111/><D111/><U108/><E108/><V57/><F57/><W59/><G59/><T73/><D45/><U100/><E132/><V129/><F129/><W133/><G128/><T76/><D23/><U24/><E22/><V67/><F67/><W14/><G2/><T124/><D124/><U13/><E64/><V112/><F112/><W99/><G71/><T77/><D73/><U131/><E0/><V55/><F55/><W53/><G53/><T116/><D116/><U36/><E131/><V25/><F25/><W134/><G87/><T95/><D38/><U26/><E1/><V114/><F114/><W63/><G63/><T10/><D10/><U130/><E36/><V79/><F79/><N who="0" m="30282" /><D104/><N who="3" m="39977" /><G99/><T66/><D66/><U78/><E130/><V40/><AGARI ba="0,1" hai="39,40,44,50,54,56,62,65,68,74,75,81,86,90" machi="40" ten="30,12000,2" yaku="1,1,0,1,24,2,52,1,53,1" doraHai="37" doraHaiUra="49" who="2" fromWho="2" sc="128,-30,448,-30,148,130,266,-60" /><INIT seed="4,0,0,5,3,105" ten="98,418,278,206" oya="0" hai0="101,11,63,0,21,55,80,52,33,24,71,95,92" hai1="103,134,112,88,125,41,130,64,60,43,74,12,3" hai2="59,73,30,34,123,31,57,40,16,32,26,23,83" hai3="67,4,104,70,50,129,77,49,132,68,44,124,85"/><T58/><D33/><U13/><E125/><V19/><F123/><W2/><G104/><T20/><D71/><U78/><E130/><V81/><F40/><W69/><G2/><T89/><D101/><U87/><E134/><V48/><F48/><W109/><G4/><T86/><D0/><U100/><E3/><V7/><F7/><W28/><G28/><T53/><D11/><U56/><E78/><V79/><F83/><W75/><G109/><T5/><D5/><U25/><E112/><V128/><F128/><W127/><G85/><T94/><REACH who="0" step="1"/><D20/><REACH who="0" ten="88,418,278,206" step="2"/><U106/><E100/><V90/><F34/><W110/><G70/><T121/><D121/><U120/><E120/><V82/><F32/><W84/><G69/><T108/><D108/><U96/><E103/><V45/><F23/><W66/><G68/><T8/><D8/><U117/><E106/><V61/><F31/><AGARI ba="0,1" hai="21,24,31,52,53,55,58,63,80,86,89,92,94,95" machi="31" ten="40,7700,0" yaku="1,1,8,1,54,1,53,0" doraHai="105" doraHaiUra="114" who="0" fromWho="2" sc="88,87,418,0,278,-77,206,0" /><INIT seed="4,1,0,0,1,60" ten="175,418,201,206" oya="0" hai0="75,89,82,47,31,130,30,85,69,135,83,24,77" hai1="87,117,11,10,43,27,123,23,108,126,62,111,4" hai2="122,1,5,121,125,86,26,96,49,51,18,116,42" hai3="115,22,58,93,61,124,17,78,33,118,109,72,8"/><T35/><D135/><U2/><E117/><V13/><F1/><W113/><G33/><T129/><D31/><U6/><E123/><V64/><F116/><W132/><G109/><T104/><D47/><U38/><E126/><V133/><F125/><W100/><G8/><T53/><D53/><U45/><E87/><V3/><F3/><W19/><G132/><T70/><REACH who="0" step="1"/><D104/><REACH who="0" ten="165,418,201,206" step="2"/><U55/><E55/><V131/><F133/><W105/><G105/><T57/><D57/><U67/><E111/><V99/><F122/><W134/><G58/><T9/><D9/><U103/><E108/><V21/><F121/><W34/><G134/><T37/><D37/><U74/><E11/><V54/><F54/><W25/><G124/><T39/><D39/><U73/><E6/><V91/><F42/><W40/><G40/><T50/><D50/><U127/><E127/><V59/><F51/><W44/><G44/><T48/><D48/><U88/><E38/><V71/><F49/><W81/><G118/><T110/><D110/><U97/><E43/><V36/><F36/><W68/><G19/><T63/><D63/><U0/><E45/><V52/><F52/><W95/><G61/><T56/><D56/><U79/><E0/><V84/><F59/><W66/><G17/><T90/><D90/><U98/><E88/><V101/><F91/><W112/><G115/><T16/><D16/><U28/><E2/><V128/><F18/><N who="3" m="12503" /><G113/><T80/><D80/><U12/><E10/><V46/><F46/><W32/><G112/><T65/><D65/><U107/><E62/><N who="2" m="40343" /><F5/><W114/><G114/><RYUUKYOKU ba="1,1" sc="165,30,418,-10,201,-10,206,-10" hai0="24,30,35,69,70,75,77,82,83,85,89,129,130" /><INIT seed="4,2,1,1,0,46" ten="195,408,191,196" oya="0" hai0="132,5,105,84,113,17,27,129,88,90,94,6,16" hai1="63,18,1,21,40,34,87,120,134,79,43,26,0" hai2="33,7,127,123,49,93,15,111,131,91,31,107,117" hai3="82,25,99,13,115,110,23,28,51,108,78,42,30"/><T128/><D105/><U11/><E120/><V19/><F123/><W74/><G30/><T121/><D121/><U97/><E134/><V38/><F38/><W55/><G42/><T124/><D132/><U103/><E63/><V125/><F107/><W85/><G115/><T64/><D64/><U47/><BYE who="0" /><E34/><V119/><F111/><W92/><G13/><T89/><D89/><U62/><E62/><V86/><F131/><W61/><G61/><UN n0="%E5%A4%A9%E5%91%BD%E3%81%8A%E6%9D%BE" /><T67/><D67/><U81/><E11/><V106/><F7/><N who="0" m="2570" /><D113/><U60/><E43/><V14/><F106/><W66/><G66/><T73/><D73/><U45/><E47/><V32/><F15/><W126/><G126/><N who="2" m="48137" /><F49/><W9/><G74/><T65/><D65/><U130/><E60/><V98/><F98/><W76/><G78/><T114/><D114/><U133/><E130/><N who="0" m="50281" /><D27/><U116/><E133/><V8/><F31/><W83/><G110/><T12/><D124/><U29/><E29/><V72/><F72/><W20/><G108/><T57/><D12/><U39/><E116/><AGARI ba="2,1" hai="8,14,19,32,33,86,91,93,116,117,119" m="48137" machi="116" ten="30,2000,0" yaku="12,1,18,1" doraHai="46" who="2" fromWho="1" sc="195,0,408,-26,191,36,196,0" /><INIT seed="5,0,0,4,3,96" ten="195,382,227,196" oya="1" hai0="44,115,51,71,101,77,13,75,109,73,70,112,1" hai1="90,17,0,54,86,93,30,127,92,25,28,106,35" hai2="78,26,45,16,133,29,50,121,82,27,60,83,7" hai3="118,125,110,113,46,20,61,72,135,117,85,38,89"/><U129/><E106/><V88/><F121/><W81/><G110/><T39/><D1/><U69/><E69/><V105/><F105/><W53/><G72/><T67/><D39/><U33/><E0/><V130/><F130/><W36/><G20/><T114/><D109/><U68/><E129/><V40/><F133/><W49/><G135/><T15/><D101/><U94/><E68/><N who="0" m="26153" /><D67/><U120/><E127/><V14/><F7/><W58/><G113/><T43/><D77/><U108/><E120/><V80/><F60/><W97/><G97/><T23/><D23/><U124/><E124/><V5/><F5/><W76/><G76/><T48/><D51/><U116/><E108/><V100/><F100/><W19/><G19/><T47/><D47/><U52/><E116/><N who="3" m="44650" /><G125/><T37/><D37/><U126/><E17/><V66/><F66/><AGARI ba="0,0" hai="36,38,46,49,53,58,61,66,81,85,89" m="44650" machi="66" ten="30,1000,0" yaku="12,1" doraHai="96" who="3" fromWho="2" sc="195,0,382,0,227,-10,196,10" /><INIT seed="6,0,0,4,4,10" ten="195,382,217,206" oya="2" hai0="78,42,119,72,21,29,33,115,94,71,38,53,117" hai1="39,32,111,26,46,105,12,85,59,92,120,131,84" hai2="113,57,62,93,124,96,100,34,104,36,88,67,47" hai3="49,106,102,15,35,50,134,61,3,77,7,27,90"/><V127/><F34/><W48/><G3/><T41/><D33/><U83/><E111/><V24/><F113/><W54/><G77/><T79/><D115/><U69/><E105/><V37/><F24/><W64/><G134/><T44/><D71/><U8/><E69/><V58/><F58/><W74/><G74/><T43/><D94/><U99/><E131/><V1/><F1/><W87/><G102/><T25/><D53/><U89/><E120/><V31/><F31/><W116/><G116/><N who="0" m="44619" /><D78/><U126/><E126/><N who="2" m="48171" /><F47/><W28/><G106/><T114/><D114/><U45/><E39/><V9/><F9/><W0/><G0/><T5/><D5/><U133/><E133/><V56/><F56/><W123/><G123/><T118/><N who="0" m="44627" /><T68/><DORA hai="40" /><D68/><U103/><E32/><V76/><F76/><W109/><G35/><T97/><D97/><AGARI ba="0,0" hai="36,37,57,62,67,88,93,96,97,100,104" m="48171" machi="97" ten="30,2900,0" yaku="18,1,54,1" doraHai="10,40" who="2" fromWho="0" sc="195,-29,382,0,217,29,206,0" /><INIT seed="6,1,0,0,0,54" ten="166,382,246,206" oya="2" hai0="38,130,98,107,121,109,57,50,122,78,82,104,125" hai1="11,56,69,42,106,93,2,36,28,97,129,34,39" hai2="71,111,127,95,99,75,24,27,30,80,124,22,89" hai3="110,35,20,9,131,23,8,85,63,79,29,59,114"/><V0/><F71/><W18/><G110/><T26/><D109/><U96/><E69/><V12/><F111/><W60/><G35/><T116/><D38/><U65/><E106/><V134/><F0/><W94/><G131/><T67/><D130/><U83/><E129/><V77/><F134/><W91/><G63/><T119/><D26/><U52/><E83/><V53/><F12/><N who="3" m="9671" /><G79/><T40/><D40/><U5/><E42/><V4/><F4/><W76/><G76/><T14/><D14/><U21/><E65/><V113/><F113/><W6/><G6/><T90/><D125/><U123/><E123/><V108/><F108/><W32/><G32/><T73/><D107/><U68/><E68/><V49/><REACH who="2" step="1"/><F27/><REACH who="2" ten="166,382,236,206" step="2"/><N who="3" m="16615" /><G114/><T10/><D122/><U55/><E34/><V112/><F112/><W61/><G61/><N who="0" m="38319" /><D121/><U44/><E2/><V45/><AGARI ba="1,1" hai="22,24,30,45,49,53,75,77,80,89,95,99,124,127" machi="45" ten="30,6000,0" yaku="1,1,0,1,53,1" doraHai="54" doraHaiUra="25" who="2" fromWho="2" sc="166,-21,382,-21,236,73,206,-21" /><INIT seed="6,2,0,3,3,70" ten="145,361,309,185" oya="2" hai0="71,35,49,129,3,117,134,79,105,85,135,91,116" hai1="69,121,87,23,34,78,2,86,44,118,11,112,45" hai2="59,21,26,68,125,75,48,101,106,73,61,8,66" hai3="50,42,120,55,80,123,47,22,94,115,76,9,39"/><V83/><F125/><W62/><G94/><N who="0" m="54639" /><D71/><U17/><E118/><N who="0" m="45673" /><D49/><U130/><E34/><V99/><F8/><W19/><G115/><T74/><D35/><U46/><E69/><V27/><F27/><W67/><G9/><T103/><D3/><U81/><E130/><V15/><F15/><W131/><G131/><T77/><D129/><U28/><E112/><V20/><F20/><W114/><G114/><T29/><D29/><U128/><E128/><V37/><F37/><W127/><G127/><T41/><D41/><U43/><E121/><V97/><F97/><W31/><G31/><T16/><D16/><U90/><E28/><V30/><F68/><W14/><G67/><T102/><D105/><U0/><E11/><V96/><F96/><W57/><REACH who="3" step="1"/><G50/><REACH who="3" ten="145,361,309,175" step="2"/><T24/><D24/><U12/><REACH who="1" step="1"/><E43/><REACH who="1" ten="145,351,309,175" step="2"/><V32/><F30/><W7/><G7/><T36/><D36/><U25/><E25/><V18/><F26/><W52/><G52/><T10/><D10/><U40/><E40/><V6/><F6/><W88/><G88/><T122/><D122/><U58/><E58/><V82/><F59/><W109/><G109/><T107/><D77/><U56/><E56/><V132/><F32/><W4/><G4/><T92/><D103/><U54/><E54/><V95/><F101/><W51/><G51/><T5/><D5/><U124/><E124/><V64/><F48/><W60/><G60/><T1/><D1/><U108/><E108/><V53/><F61/><W38/><G38/><T100/><D100/><U133/><E133/><V111/><F132/><W89/><G89/><RYUUKYOKU ba="2,2" sc="145,-15,351,15,309,-15,175,15" hai1="0,2,12,17,23,44,45,46,78,81,86,87,90" hai3="14,19,22,39,42,47,55,57,62,76,80,120,123" /><INIT seed="7,3,2,1,0,78" ten="130,366,294,190" oya="3" hai0="87,74,95,32,115,67,5,31,110,128,38,25,98" hai1="18,116,108,64,79,104,97,39,72,37,59,127,48" hai2="121,118,84,117,0,69,89,88,11,133,56,55,21" hai3="93,61,131,3,44,52,1,85,132,109,57,124,66"/><W91/><G109/><T20/><D110/><U123/><E123/><V53/><F69/><W86/><G131/><T36/><D128/><U96/><E108/><V43/><F43/><W27/><G132/><T99/><D74/><U58/><E116/><V34/><F34/><W46/><G124/><T103/><D67/><U101/><E127/><V81/><F121/><W10/><G3/><T42/><D5/><U16/><E104/><V14/><F133/><W35/><G1/><T76/><D99/><U2/><E2/><V105/><F105/><W40/><G10/><T119/><D119/><U125/><E125/><V129/><F129/><W24/><G35/><T15/><D115/><U7/><E72/><V28/><F0/><W80/><G66/><T75/><D75/><U33/><E79/><V60/><F118/><W134/><G134/><T41/><D41/><U73/><E64/><V122/><F122/><W120/><G120/><T106/><D42/><U49/><E33/><V82/><F117/><W62/><G62/><T30/><D30/><U130/><E73/><V100/><F100/><W126/><G126/><T23/><D32/><U19/><E130/><V6/><F21/><W8/><G8/><T71/><D71/><U51/><E101/><V94/><F28/><W90/><G46/><T50/><D50/><AGARI ba="3,2" hai="24,27,40,44,50,52,57,61,80,85,86,90,91,93" machi="50" ten="30,11600,0" yaku="7,1,8,1,52,1,54,1" doraHai="78" who="3" fromWho="0" sc="130,-125,366,0,294,0,190,145" /><INIT seed="7,4,0,0,2,47" ten="5,366,294,335" oya="3" hai0="20,90,78,15,131,57,80,113,63,95,51,122,3" hai1="70,48,19,58,49,7,127,104,77,110,14,0,118" hai2="62,39,2,34,54,94,29,115,85,6,79,61,93" hai3="9,132,52,65,37,45,124,112,108,98,41,1,81"/><W23/><G65/><T128/><D3/><U100/><E118/><V105/><F105/><W67/><G67/><T10/><D122/><U28/><E70/><V35/><F39/><W36/><G37/><T59/><D20/><U33/><E110/><V38/><F38/><W21/><G108/><T18/><D59/><U116/><E116/><V89/><F115/><W13/><G1/><T40/><D113/><U66/><E0/><V121/><F121/><W50/><G112/><T60/><D131/><U86/><E104/><V123/><F123/><W32/><G32/><T120/><D120/><U126/><E33/><V101/><F2/><W26/><G124/><N who="1" m="47658" /><E100/><V75/><F6/><W31/><G132/><T17/><D128/><U55/><E28/><V64/><F75/><W103/><G81/><T44/><D80/><N who="1" m="47375" /><E7/><V106/><F79/><W91/><G91/><T135/><D78/><U46/><E66/><V117/><F117/><W53/><G23/><T11/><D135/><U129/><E129/><V109/><F109/><W12/><G36/><T99/><D57/><U68/><E68/><V74/><F74/><W83/><G83/><T114/><D114/><U92/><E92/><V69/><F106/><W133/><G133/><T107/><D107/><U72/><E72/><V25/><F35/><W71/><G71/><T96/><D96/><U22/><E46/><V111/><F111/><W42/><G42/><T97/><D97/><U134/><E134/><V125/><F125/><W88/><G103/><T102/><D102/><U84/><E84/><V119/><F119/><W8/><G98/><RYUUKYOKU ba="4,0" sc="5,15,366,15,294,-15,335,-15" hai0="10,11,15,17,18,40,44,51,60,63,90,95,99" hai1="14,19,22,48,49,55,58" owari="20,-48.0,381,48.1,279,-12.1,320,12.0" /></mjloggm>