<mjloggm ver="2.3"><GO type="41" lobby="0"/><UN n0="%E3%81%BE%E3%81%A1%E3%82%8B" n1="%E2%93%9D%4C%75%63%6B%79%4A" n2="%E7%9F%9B%E4%B8%AD" n3="%72%61%76%69%6E%65" dan="15,16,13,13" rate="1963.52,2163.65,1881.48,1882.15" sx="M,M,M,M"/><TAIKYOKU oya="0"/><INIT seed="0,0,0,0,5,133" ten="250,250,250,250" oya="0" hai0="96,118,112,93,83,2,127,27,82,123,34,80,54" hai1="59,6,120,129,17,50,37,67,128,14,56,46,43" hai2="105,108,26,114,3,97,89,58,40,134,9,72,62" hai3="31,64,77,92,75,81,30,19,36,94,28,12,63"/><T116/><D123/><U33/><E33/><V103/><F114/><W90/><G36/><T8/><D112/><U21/><E120/><V69/><F134/><W110/><G110/><T117/><D34/><U102/><E102/><V104/><F108/><W52/><G90/><T65/><D65/><U130/><E6/><V71/><F72/><W84/><G75/><T13/><D27/><U11/><E67/><V101/><F40/><W23/><REACH who="3" step="1"/><G64/><REACH who="3" ten="250,250,250,240" step="2"/><T7/><D116/><U74/><E74/><V60/><F89/><W24/><G24/><T48/><D117/><U132/><E132/><V87/><F26/><W0/><G0/><T29/><D118/><U135/><E135/><V4/><F103/><W126/><G126/><T49/><D127/><U44/><REACH who="1" step="1"/><E21/><REACH who="1" ten="250,240,250,240" step="2"/><V78/><F101/><W47/><G47/><T109/><D109/><U57/><E57/><AGARI ba="0,2" hai="12,19,23,28,30,31,52,57,63,77,81,84,92,94" machi="57" ten="40,8000,1" yaku="1,1,8,1,54,1,53,1" doraHai="133" doraHaiUra="76" who="3" fromWho="1" sc="250,0,240,-80,250,0,240,100" /><INIT seed="1,0,0,2,3,115" ten="250,160,250,340" oya="1" hai0="38,134,113,40,74,8,9,6,89,26,25,55,0" hai1="71,129,118,112,72,104,83,130,82,69,12,29,132" hai2="41,120,16,108,124,32,86,61,84,68,48,15,79" hai3="4,14,93,23,7,121,128,3,60,1,17,47,42"/><U92/><E112/><V36/><F120/><W81/><G128/><N who="1" m="49258" /><E104/><V58/><F68/><N who="1" m="26185" /><E29/><V37/><F32/><W76/><G121/><T2/><D113/><U91/><E132/><V80/><F86/><W77/><G60/><T49/><D134/><U18/><E72/><V46/><F108/><W31/><G93/><T44/><D74/><U62/><E62/><V5/><F124/><W103/><G103/><T52/><D89/><U24/><E24/><V117/><F117/><W57/><G57/><T34/><D26/><U133/><E133/><V59/><F59/><W67/><G31/><T65/><D25/><U11/><E118/><V45/><F45/><W28/><G28/><T33/><D65/><U119/><E119/><V54/><REACH who="2" step="1"/><F5/><REACH who="2" ten="250,160,240,340" step="2"/><W64/><G7/><T100/><D6/><U125/><E125/><V102/><F102/><W22/><G4/><T98/><D34/><U110/><E110/><V53/><F53/><W90/><G3/><T116/><D55/><U127/><E127/><V94/><F94/><W97/><G1/><T107/><D116/><U88/><E91/><V126/><F126/><W106/><G90/><T73/><D33/><U109/><E109/><V114/><F114/><W101/><G101/><T13/><D73/><U35/><E35/><V21/><AGARI ba="0,1" hai="15,16,21,36,37,41,46,48,54,58,61,79,80,84" machi="21" ten="20,8000,1" yaku="1,1,0,1,7,1,54,1,53,1" doraHai="115" doraHaiUra="43" who="2" fromWho="2" sc="250,-20,160,-40,240,90,340,-20" /><INIT seed="2,0,0,5,1,77" ten="230,120,330,320" oya="2" hai0="118,92,111,55,94,24,66,13,63,2,125,78,116" hai1="130,59,84,28,17,19,7,49,65,107,58,23,104" hai2="120,105,35,129,100,61,20,56,96,29,134,57,27" hai3="85,123,114,9,40,115,51,71,82,98,68,52,22"/><V16/><F120/><W1/><G123/><T132/><D2/><U133/><E7/><V54/><F134/><W93/><G40/><T79/><D132/><U0/><E133/><V101/><F129/><W14/><G22/><T5/><D55/><U121/><E0/><V34/><F29/><W25/><G25/><T37/><D37/><U81/><E130/><V33/><F101/><W10/><G1/><T73/><D24/><U53/><E121/><V6/><F6/><W127/><G93/><T31/><D31/><U47/><E107/><V74/><F74/><W4/><G10/><T119/><D125/><U42/><E104/><V39/><F39/><W80/><G98/><T60/><D111/><U99/><E99/><V36/><F36/><W43/><G43/><T76/><D5/><U102/><E102/><V30/><REACH who="2" step="1"/><F56/><REACH who="2" ten="230,120,320,320" step="2"/><N who="3" m="32799" /><G127/><T89/><D73/><U87/><E28/><V95/><F95/><W62/><G71/><T46/><D94/><U103/><E103/><V26/><AGARI ba="0,1" hai="16,20,26,27,30,33,34,35,54,57,61,96,100,105" machi="26" ten="20,7800,0" yaku="1,1,0,1,7,1,54,1,53,0" doraHai="77" doraHaiUra="106" who="2" fromWho="2" sc="230,-26,120,-26,320,88,320,-26" /><INIT seed="2,1,0,5,3,16" ten="204,94,408,294" oya="2" hai0="52,63,75,15,93,85,2,50,43,46,96,114,92" hai1="17,68,3,26,119,65,27,107,32,38,1,5,42" hai2="104,61,130,86,39,54,105,73,20,13,126,125,101" hai3="94,45,127,6,25,56,111,9,66,36,78,116,8"/><V28/><F73/><W79/><G116/><T90/><D75/><U47/><E119/><V34/><F39/><W80/><G111/><T118/><D2/><U112/><E112/><V109/><F130/><W30/><G127/><N who="2" m="48649" /><F101/><W134/><G94/><T49/><D118/><U12/><E107/><V135/><F109/><W33/><G134/><T41/><D114/><U108/><E108/><V40/><F40/><W29/><G36/><T84/><D63/><U131/><E131/><V128/><F128/><W0/><G45/><N who="0" m="27695" /><D41/><U22/><E68/><V48/><F61/><W77/><G66/><T117/><D117/><U88/><E65/><V7/><F34/><W110/><G110/><T14/><D85/><U129/><E129/><V76/><F13/><W98/><G33/><T37/><D37/><U19/><E32/><V83/><F7/><W35/><G6/><T31/><D31/><U24/><E5/><V115/><F115/><W74/><G30/><T21/><D14/><U10/><E3/><V87/><F87/><W103/><G0/><T122/><D122/><U81/><REACH who="1" step="1"/><E1/><REACH who="1" ten="204,84,408,294" step="2"/><V82/><F135/><W53/><G35/><T55/><D96/><U97/><E97/><V120/><F120/><W18/><G98/><T106/><D106/><U64/><E64/><V89/><F105/><W113/><G113/><T102/><D102/><U58/><E58/><V67/><F67/><W123/><G56/><T70/><D70/><U23/><E23/><V57/><F104/><W99/><G103/><T121/><D121/><U91/><E91/><V51/><F89/><W11/><G123/><RYUUKYOKU ba="1,1" sc="204,-10,84,30,408,-10,294,-10" hai1="10,12,17,19,22,24,26,27,38,42,47,81,88" /><INIT seed="3,2,1,2,4,28" ten="194,114,398,284" oya="3" hai0="57,101,106,44,114,79,122,20,2,60,40,81,27" hai1="21,4,134,61,113,119,1,96,131,82,8,48,32" hai2="133,34,31,68,64,98,58,6,16,36,112,52,24" hai3="90,117,107,108,84,12,17,37,10,30,49,53,127"/><W43/><G117/><T54/><D114/><U124/><E113/><V97/><F112/><W86/><G107/><T26/><D122/><U87/><E119/><V41/><F6/><W13/><G127/><T0/><D106/><U46/><E124/><V89/><F133/><W120/><G120/><T125/><D125/><U105/><E134/><V95/><F64/><W83/><G30/><T38/><D101/><U129/><E61/><V51/><F68/><W15/><G43/><T47/><D47/><U74/><E21/><V35/><F41/><W7/><G37/><T42/><D40/><U135/><E74/><V59/><F36/><W132/><G108/><T50/><D27/><U75/><E75/><V78/><F78/><N who="3" m="46199" /><G7/><T23/><D20/><U104/><E32/><V18/><F35/><W85/><G85/><T115/><D115/><U63/><E135/><V65/><REACH who="2" step="1"/><F98/><REACH who="2" ten="194,114,388,284" step="2"/><W71/><G71/><T66/><D79/><U55/><E96/><V126/><F126/><W91/><G132/><T111/><D111/><U67/><E131/><V33/><F33/><W39/><G39/><T45/><D81/><U5/><E5/><V94/><F94/><N who="3" m="54615" /><G91/><T88/><REACH who="0" step="1"/><D88/><REACH who="0" ten="184,114,388,284" step="2"/><U109/><E109/><V62/><AGARI ba="2,3" hai="16,18,24,31,34,51,52,58,59,62,65,89,95,97" machi="62" ten="30,8000,1" yaku="1,1,0,1,52,1,54,2,53,0" doraHai="28" doraHaiUra="128" who="2" fromWho="2" sc="184,-22,114,-22,388,116,284,-42" /><INIT seed="4,0,0,1,1,74" ten="162,92,504,242" oya="0" hai0="126,92,125,128,69,7,2,58,80,66,1,9,29" hai1="85,55,119,44,24,26,51,96,47,50,109,121,21" hai2="65,102,11,73,83,75,5,97,35,62,3,76,53" hai3="79,42,117,68,122,86,71,94,91,15,64,48,116"/><T6/><D69/><U113/><E121/><V108/><F108/><W111/><G111/><T31/><D92/><U16/><E109/><V131/><F53/><W72/><G122/><T112/><D66/><U115/><E119/><V41/><F41/><W57/><G15/><T93/><D93/><U61/><E96/><V45/><F45/><W99/><G42/><T67/><D80/><U13/><E61/><V107/><F73/><W103/><G72/><T120/><D67/><U114/><REACH who="1" step="1"/><E85/><REACH who="1" ten="162,82,504,242" step="2"/><V12/><F131/><W78/><G117/><T132/><D128/><U89/><E89/><V123/><F123/><W56/><G116/><T10/><D120/><U118/><E118/><V25/><F62/><W90/><G90/><T105/><D105/><U38/><E38/><V63/><F63/><W27/><G86/><T59/><REACH who="0" step="1"/><D132/><REACH who="0" ten="152,82,504,242" step="2"/><U22/><E22/><V4/><F35/><W101/><G101/><T130/><D130/><U129/><E129/><V82/><F102/><W34/><G103/><T32/><D32/><U134/><E134/><V100/><F100/><W0/><G34/><T133/><D133/><U8/><E8/><V87/><F11/><W77/><G99/><T43/><D43/><AGARI ba="0,2" hai="13,16,21,24,26,43,44,47,50,51,55,113,114,115" machi="43" ten="40,8000,1" yaku="1,1,15,1,11,1,54,1,53,1" doraHai="74" doraHaiUra="37" who="1" fromWho="0" sc="152,-80,82,100,504,0,242,0" /><INIT seed="5,0,0,3,0,7" ten="72,182,504,242" oya="1" hai0="40,35,134,38,132,87,75,55,28,12,59,6,122" hai1="107,33,45,86,114,101,118,26,91,126,62,44,36" hai2="112,84,3,23,106,67,117,39,130,89,77,72,2" hai3="17,82,120,15,21,16,63,5,80,49,73,129,57"/><U22/><E118/><V88/><F117/><W58/><G120/><T29/><D122/><U97/><E33/><V121/><F39/><W66/><G5/><T99/><D75/><U81/><E126/><V95/><F106/><W4/><G4/><T115/><D35/><U19/><E114/><V32/><F32/><W96/><G129/><T10/><D115/><U52/><REACH who="1" step="1"/><E36/><REACH who="1" ten="72,172,504,242" step="2"/><V69/><F112/><W8/><G73/><T105/><D38/><U48/><E48/><V116/><F121/><W24/><G96/><T98/><D105/><U60/><E60/><V85/><F130/><W65/><G49/><T123/><D123/><U56/><AGARI ba="0,1" hai="19,22,26,44,45,52,56,62,81,86,91,97,101,107" machi="56" ten="30,12000,1" yaku="1,1,0,1,54,1,53,2" doraHai="7" doraHaiUra="41" who="1" fromWho="1" sc="72,-40,172,130,504,-40,242,-40" /><INIT seed="5,1,0,1,2,48" ten="32,302,464,202" oya="1" hai0="70,57,126,56,91,93,18,79,62,101,128,8,51" hai1="45,112,107,46,59,39,25,111,44,40,66,110,90" hai2="11,16,47,122,82,98,58,4,1,2,17,127,30" hai3="103,36,9,29,77,61,52,94,28,99,69,87,89"/><U95/><E107/><V78/><F122/><W130/><G36/><T75/><D126/><U50/><E25/><V106/><F127/><W86/><G130/><T37/><D128/><U119/><E90/><V102/><F1/><W60/><G69/><T7/><D37/><U97/><E97/><V54/><F47/><N who="1" m="17929" /><E95/><V71/><F30/><N who="3" m="11883" /><G77/><T24/><D101/><U63/><E119/><V13/><F2/><W35/><G35/><T74/><D79/><U76/><E76/><V53/><F71/><W55/><G9/><T88/><D70/><N who="1" m="42335" /><E112/><V20/><F17/><W21/><G21/><T113/><D113/><U129/><E129/><V15/><REACH who="2" step="1"/><F58/><REACH who="2" ten="32,302,454,202" step="2"/><N who="3" m="34887" /><G103/><T41/><D56/><AGARI ba="1,1" hai="55,56,61,86,87,89,94,99" m="34887,11883" machi="56" ten="30,7700,0" yaku="8,1,52,2,54,1" doraHai="48" who="3" fromWho="0" sc="32,-80,302,0,454,0,202,90" owari="-48,-54.8,302,10.2,454,55.4,292,-10.8" /></mjloggm>