<mjloggm ver="2.3"><GO type="41" lobby="0"/><UN n0="%E7%B7%B4" n1="%58%E7%8C%AB" n2="%E2%93%9D%4C%75%63%6B%79%4A" n3="%E6%B5%B7%E8%B3%8A%E3%83%91%E3%83%83%E3%83%81%E3%83%BC%E3%82%BA" dan="15,15,16,13" rate="2025.23,1907.60,2157.33,1917.37" sx="M,M,M,F"/><TAIKYOKU oya="0"/><INIT seed="0,0,0,0,3,72" ten="250,250,250,250" oya="0" hai0="13,50,58,112,109,33,2,49,117,78,6,7,89" hai1="21,73,46,132,16,23,131,51,125,118,11,126,74" hai2="106,135,60,104,19,71,45,53,22,93,103,94,10" hai3="116,90,28,37,20,92,27,69,34,115,47,55,97"/><T42/><D33/><U36/><E36/><V121/><F121/><W52/><G115/><T62/><D2/><U120/><E120/><V99/><F135/><W54/><G116/><T56/><D112/><U81/><E118/><V105/><F10/><W85/><G69/><T8/><D117/><U65/><E65/><V5/><F5/><W57/><G34/><T84/><D109/><U18/><E132/><V111/><F94/><W100/><G37/><T3/><D3/><U91/><E131/><V14/><F111/><W12/><G12/><T79/><D6/><U26/><E11/><V107/><N who="2" m="26624" /><DORA hai="83" /><V96/><F99/><W0/><G0/><T110/><D58/><U77/><E91/><V76/><F76/><N who="0" m="29226" /><D42/><U82/><E82/><V24/><F71/><W128/><G128/><T68/><D68/><U127/><E74/><V119/><F119/><W88/><G47/><T44/><D44/><U32/><E32/><V31/><F45/><W38/><G38/><T48/><D110/><U61/><E61/><V15/><REACH who="2" step="1"/><F31/><REACH who="2" ten="250,250,240,250" step="2"/><W70/><G70/><T43/><D43/><U129/><E129/><V35/><F35/><W25/><G25/><T130/><D130/><U87/><E73/><V113/><F113/><W122/><G122/><T64/><D7/><U4/><E4/><V114/><F114/><W40/><G40/><T30/><D8/><U86/><E86/><V123/><F123/><W134/><G134/><T1/><D1/><U102/><E26/><V75/><F75/><W17/><G85/><T63/><D84/><U133/><E87/><V59/><AGARI ba="0,1" hai="14,15,19,22,24,53,59,60,93,96,103" m="26624" machi="59" ten="60,8000,1" yaku="1,1,5,1,0,1,53,1" doraHai="72,83" doraHaiUra="95,124" who="2" fromWho="2" sc="250,-40,250,-20,240,90,250,-20" /><INIT seed="1,0,0,2,4,104" ten="210,230,330,230" oya="1" hai0="12,41,23,121,114,105,35,40,127,89,17,61,101" hai1="50,67,32,100,31,53,74,90,72,52,126,65,14" hai2="0,93,29,60,133,77,15,80,5,9,88,122,107" hai3="118,34,25,26,81,119,20,108,24,73,11,6,97"/><U68/><E126/><V2/><F122/><W13/><G97/><T30/><D127/><U63/><E67/><V69/><F107/><W94/><G94/><T56/><D114/><U85/><E100/><V129/><F129/><W27/><G81/><T110/><D121/><U116/><E116/><N who="3" m="44586" /><G73/><T102/><D110/><U112/><E112/><V99/><F133/><W84/><G84/><T66/><D89/><U51/><E14/><V87/><REACH who="2" step="1"/><F29/><REACH who="2" ten="210,230,320,230" step="2"/><N who="3" m="19775" /><G108/><T48/><D105/><U130/><E31/><AGARI ba="0,1" hai="6,11,13,20,24,25,26,31" m="19775,44586" machi="31" ten="30,3900,0" yaku="12,1,34,2" doraHai="104" who="3" fromWho="1" sc="210,0,230,-39,320,0,230,49" /><INIT seed="2,0,0,3,4,128" ten="210,191,320,279" oya="2" hai0="18,126,37,26,82,86,1,105,60,7,87,111,121" hai1="99,119,58,22,77,33,118,106,48,61,108,55,36" hai2="134,85,120,52,76,59,38,123,116,13,125,127,80" hai3="28,63,64,132,30,10,96,131,39,5,115,72,20"/><V101/><F38/><W66/><G131/><T21/><D121/><N who="2" m="46666" /><F13/><W75/><G39/><T23/><D37/><U54/><E36/><V43/><F43/><W25/><G115/><T110/><D105/><U113/><E113/><V100/><F116/><W109/><G109/><T65/><D87/><U69/><E33/><V4/><F4/><W130/><G130/><T122/><D122/><U24/><E108/><V11/><F11/><W90/><G66/><T78/><D7/><U103/><E77/><V35/><F35/><W19/><G75/><T8/><D8/><U95/><E106/><V56/><F59/><W34/><G72/><T51/><D1/><U104/><E104/><V124/><F134/><W133/><G90/><T27/><D51/><AGARI ba="0,0" hai="51,52,56,76,80,85,100,101,124,125,127" m="46666" machi="51" ten="40,3900,0" yaku="18,1,54,1" doraHai="128" who="2" fromWho="0" sc="210,-39,191,0,320,39,279,0" /><INIT seed="2,1,0,2,1,117" ten="171,191,359,279" oya="2" hai0="81,70,9,30,49,59,69,71,35,25,73,84,63" hai1="10,72,95,21,3,66,20,77,101,104,51,106,55" hai2="98,14,53,27,68,64,83,97,11,15,28,93,5" hai3="102,87,24,99,4,34,56,90,133,40,128,8,120"/><V31/><F68/><W123/><G128/><T119/><D73/><U127/><E127/><V105/><F64/><W23/><G133/><T121/><D119/><U85/><E66/><V112/><F112/><W131/><G131/><T39/><D39/><U61/><E61/><V38/><F38/><W50/><G34/><T108/><D9/><U118/><E118/><V122/><F105/><W48/><G48/><T16/><D49/><U54/><E54/><V89/><F122/><W110/><G110/><T130/><D108/><U60/><E60/><V129/><F129/><W135/><G135/><T42/><D42/><U100/><E72/><V82/><F98/><W65/><G65/><T36/><D36/><U45/><E106/><V88/><F15/><W57/><G57/><T29/><D130/><U116/><E116/><V114/><F114/><W103/><G103/><T26/><D59/><U17/><E104/><V58/><F89/><W46/><G56/><T75/><D75/><U22/><E3/><V92/><F93/><W74/><G74/><T86/><D63/><U1/><E1/><V125/><F125/><W79/><G79/><T41/><D41/><U126/><E126/><V124/><F124/><W44/><G40/><T91/><D84/><U67/><E67/><V109/><F109/><W32/><G87/><T76/><D76/><U96/><E101/><V115/><F115/><W47/><G102/><T107/><D107/><U80/><REACH who="1" step="1"/><E10/><REACH who="1" ten="171,181,359,279" step="2"/><V7/><F11/><W94/><G8/><T2/><D2/><U132/><E132/><V78/><F78/><W37/><G32/><RYUUKYOKU ba="1,1" sc="171,-10,181,30,359,-10,279,-10" hai1="17,20,21,22,45,51,55,77,80,85,95,96,100" /><INIT seed="3,2,1,4,2,26" ten="161,211,349,269" oya="3" hai0="94,66,39,52,115,99,122,79,81,109,72,14,78" hai1="53,98,50,104,84,41,110,90,113,76,108,7,12" hai2="28,77,88,15,89,63,42,58,85,111,69,120,43" hai3="102,118,103,80,22,107,23,21,1,24,132,73,17"/><W86/><G118/><T117/><D117/><U45/><E113/><V16/><F69/><W13/><G132/><T135/><D115/><U75/><E75/><V61/><F120/><W57/><G1/><T116/><D135/><U126/><E126/><V33/><F33/><W97/><G73/><T51/><D79/><U114/><E114/><V96/><F28/><W49/><G103/><T29/><D39/><U5/><E53/><N who="2" m="34255" /><F61/><W106/><G106/><T130/><D122/><U4/><E76/><V100/><F111/><N who="1" m="42537" /><E98/><V55/><F55/><W34/><G34/><T19/><D66/><U101/><E101/><V10/><F100/><W127/><G127/><T31/><D116/><U62/><E62/><V47/><F47/><W20/><G57/><T134/><D134/><U87/><E104/><V46/><F46/><W36/><G36/><T124/><D124/><U64/><E64/><V8/><F10/><W38/><G38/><T30/><D130/><U3/><E3/><V74/><F74/><W112/><G112/><T129/><D129/><U133/><E133/><V92/><F77/><W37/><G37/><T71/><D71/><U48/><E48/><V82/><AGARI ba="2,1" hai="8,15,16,42,43,82,85,88,89,92,96" m="34255" machi="82" ten="30,4000,0" yaku="8,1,54,2" doraHai="26" who="2" fromWho="2" sc="161,-12,211,-12,349,56,269,-22" /><INIT seed="4,0,0,1,2,32" ten="149,199,405,247" oya="0" hai0="83,86,115,44,129,59,56,96,63,78,122,117,39" hai1="107,108,17,133,23,37,65,87,30,42,41,38,121" hai2="111,31,27,7,58,109,2,69,19,71,126,33,53" hai3="8,101,49,60,6,40,85,15,22,98,10,24,50"/><T55/><D117/><U131/><E121/><V123/><F123/><W130/><G130/><T26/><D129/><U52/><E108/><V35/><F58/><W76/><G60/><T0/><D115/><U110/><E110/><N who="2" m="41995" /><F53/><W91/><G76/><T70/><D122/><U68/><E131/><V45/><F45/><W12/><G40/><T66/><D26/><U128/><E128/><V28/><F19/><W74/><G74/><T18/><D18/><U80/><E107/><V79/><F79/><W114/><G114/><T29/><D29/><U94/><E30/><V57/><F57/><W127/><G127/><T84/><D96/><U25/><E133/><V93/><F93/><N who="3" m="58575" /><G91/><T103/><D103/><U36/><E94/><V113/><F113/><W20/><G85/><T73/><D59/><U102/><E102/><V81/><F81/><W11/><G11/><T72/><D72/><U62/><REACH who="1" step="1"/><E52/><REACH who="1" ten="149,189,405,247" step="2"/><V97/><F31/><N who="3" m="17799" /><G22/><T120/><D120/><U77/><AGARI ba="0,1" hai="17,23,25,36,37,38,41,42,62,65,68,77,80,87" machi="77" ten="30,2000,0" yaku="1,1,0,1,53,0" doraHai="32" doraHaiUra="118" who="1" fromWho="1" sc="149,-10,189,30,405,-5,247,-5" /><INIT seed="5,0,0,3,2,23" ten="139,219,400,242" oya="1" hai0="132,59,22,55,5,27,131,7,95,120,2,14,96" hai1="102,9,26,33,32,78,70,129,29,93,127,97,17" hai2="13,69,19,116,88,126,67,47,48,28,41,135,61" hai3="81,34,46,43,42,1,125,133,92,40,44,56,51"/><U111/><E129/><V54/><F116/><W66/><G125/><T24/><D2/><U64/><E127/><V36/><F126/><W124/><G124/><T8/><D131/><U57/><E111/><V72/><F72/><W86/><G133/><T79/><D132/><U75/><E70/><V20/><F135/><W31/><G1/><T117/><D117/><U30/><E75/><V74/><F74/><W100/><G31/><T4/><D79/><U12/><E78/><V99/><F28/><W119/><G34/><T106/><D106/><U16/><E17/><V60/><F61/><N who="3" m="38183" /><G119/><T73/><D120/><U11/><E11/><V91/><REACH who="2" step="1"/><F99/><REACH who="2" ten="139,219,390,242" step="2"/><N who="3" m="59495" /><G46/><AGARI ba="0,1" hai="13,19,20,36,41,46,47,48,54,60,67,69,88,91" machi="46" ten="30,3900,0" yaku="1,1,7,1,54,1,53,0" doraHai="23" doraHaiUra="53" who="2" fromWho="3" sc="139,0,219,0,390,49,242,-39" /><INIT seed="6,0,0,4,0,58" ten="139,219,439,203" oya="2" hai0="36,121,43,127,7,133,129,82,83,68,15,90,31" hai1="117,66,126,32,62,131,14,61,8,112,29,107,115" hai2="60,108,23,123,76,74,70,124,12,4,69,0,93" hai3="71,81,42,134,80,19,78,64,103,113,109,125,110"/><V26/><F123/><W46/><G125/><T118/><D31/><U2/><E117/><V56/><F0/><W67/><G134/><T114/><D15/><U11/><E107/><V119/><F119/><W6/><G81/><T37/><D7/><N who="1" m="1143" /><E66/><V9/><F108/><W55/><G55/><T51/><D118/><U53/><E53/><V1/><F124/><W10/><G19/><T106/><D106/><U102/><E102/><V20/><F74/><W85/><G103/><T65/><D121/><U52/><E126/><V44/><F76/><W30/><G30/><T57/><D90/><U18/><E131/><V45/><F70/><W130/><G130/><T49/><D129/><U98/><E98/><V132/><F69/><W88/><G78/><T50/><D127/><U21/><E11/><V54/><F132/><W59/><G71/><T105/><D105/><U128/><E128/><V104/><F104/><W5/><G5/><T22/><D68/><U27/><E52/><V3/><F3/><W86/><G110/><T95/><D95/><U94/><E94/><V28/><F1/><W100/><G80/><T48/><D133/><U79/><E79/><V16/><REACH who="2" step="1"/><F93/><REACH who="2" ten="139,219,429,203" step="2"/><W73/><G73/><T25/><D82/><U99/><E99/><V96/><F96/><W91/><G109/><T41/><D83/><U17/><E17/><V63/><F63/><AGARI ba="0,1" hai="14,18,21,27,29,32,61,62,63,112,115" m="1143" machi="63" ten="30,7700,0" yaku="24,1,52,3" doraHai="58" who="1" fromWho="2" sc="139,0,219,87,429,-77,203,0" /><INIT seed="7,0,0,1,1,78" ten="139,306,352,203" oya="3" hai0="57,32,130,90,99,91,100,10,131,45,18,51,70" hai1="117,56,113,66,127,94,39,46,129,6,36,125,104" hai2="123,62,48,61,25,109,47,15,115,97,9,124,116" hai3="96,11,30,16,0,59,37,49,1,54,77,58,134"/><W17/><G37/><T89/><D70/><U122/><E104/><V105/><F116/><W98/><G77/><T118/><D32/><U64/><E6/><V69/><F109/><W22/><G30/><T63/><D118/><U43/><E94/><V38/><F115/><W14/><G134/><T50/><D50/><N who="1" m="26975" /><E117/><V44/><F124/><N who="1" m="47689" /><E122/><V53/><F25/><W7/><G0/><T128/><D10/><U27/><E27/><V126/><F69/><W114/><G114/><T8/><D8/><U19/><E19/><V40/><F123/><W52/><REACH who="3" step="1"/><G17/><REACH who="3" ten="139,306,352,193" step="2"/><T67/><D18/><U119/><E113/><V68/><F126/><W79/><G79/><T24/><D24/><U107/><E119/><V75/><F38/><W2/><G2/><T42/><D91/><U93/><E36/><V74/><F15/><W4/><G4/><T101/><REACH who="0" step="1"/><D100/><REACH who="0" ten="129,306,352,193" step="2"/><U87/><E39/><V33/><F33/><W21/><G21/><T95/><AGARI ba="0,2" hai="42,45,51,57,63,67,89,90,95,99,101,128,130,131" machi="95" ten="30,7900,0" yaku="1,1,2,1,0,1,19,1,53,0" doraHai="78" doraHaiUra="132" who="0" fromWho="0" sc="129,99,306,-20,352,-20,193,-39" owari="228,-17.2,286,8.6,332,43.2,154,-34.6" /></mjloggm>