<mjloggm ver="2.3"><GO type="41" lobby="0"/><UN n0="%66%69%67%68%74%65%72%73" n1="%E2%93%9D%4C%75%63%6B%79%4A" n2="%50%6F%72%74%65%72" n3="%73%36%75" dan="14,13,15,15" rate="1883.87,1999.01,2017.06,1955.14" sx="M,M,M,M"/><TAIKYOKU oya="0"/><INIT seed="0,0,0,4,4,127" ten="250,250,250,250" oya="0" hai0="73,59,53,45,5,116,56,17,92,18,117,34,48" hai1="68,133,134,135,102,69,126,12,123,23,39,3,129" hai2="89,31,52,108,38,82,107,8,80,95,36,14,115" hai3="106,120,54,131,11,15,41,100,78,110,0,35,32"/><T132/><D34/><N who="3" m="12841" /><G78/><T67/><D73/><U87/><E3/><V19/><F107/><W71/><G54/><T63/><D5/><U118/><E123/><V77/><F115/><W10/><G41/><T13/><D18/><U98/><E118/><V83/><F77/><W58/><G58/><T44/><D92/><U29/><E126/><V130/><F36/><W6/><G100/><T65/><D17/><N who="1" m="10663" /><E29/><V99/><F38/><W4/><G71/><N who="1" m="27210" /><E87/><V33/><F52/><W66/><G66/><N who="0" m="39271" /><D13/><U55/><E55/><V1/><F89/><W119/><G106/><T76/><D76/><U43/><E43/><V60/><F60/><W112/><G112/><T46/><D132/><U84/><E84/><V28/><F99/><W72/><G72/><T93/><D93/><N who="1" m="58703" /><E39/><V90/><F95/><W79/><G79/><T51/><D51/><U114/><E114/><V9/><F90/><W20/><G119/><AGARI ba="0,0" hai="44,45,46,48,53,59,65,67,116,117,119" m="39271" machi="119" ten="30,2900,0" yaku="34,2" doraHai="127" who="0" fromWho="3" sc="250,29,250,0,250,0,250,-29" /><INIT seed="0,1,0,1,4,117" ten="279,250,250,221" oya="0" hai0="121,28,4,30,25,31,11,60,131,8,50,103,10" hai1="97,91,111,29,71,3,13,87,57,77,40,59,93" hai2="24,7,132,56,69,49,133,107,21,89,100,55,129" hai3="75,78,88,126,62,118,104,98,61,102,14,81,119"/><T34/><D60/><U112/><E3/><V36/><F69/><W23/><G126/><T63/><D63/><U101/><E111/><V124/><F36/><W113/><G113/><T15/><D50/><U85/><E29/><N who="0" m="11369" /><D103/><U54/><E112/><V41/><F100/><W22/><G118/><T67/><D67/><U110/><E110/><V79/><F107/><W26/><G119/><T115/><D131/><U43/><E71/><V42/><F79/><W114/><G114/><T83/><D83/><N who="1" m="47599" /><E13/><V95/><F129/><W96/><G14/><N who="0" m="5383" /><D121/><U47/><E47/><V5/><F42/><N who="1" m="15913" /><E54/><V84/><F41/><W76/><G76/><T99/><D99/><U72/><E72/><V19/><F124/><W17/><REACH who="3" step="1"/><G23/><REACH who="3" ten="279,250,250,211" step="2"/><N who="0" m="15807" /><D115/><U16/><E101/><V51/><F132/><W122/><G122/><T9/><D34/><U86/><E86/><V123/><F123/><W68/><G68/><T20/><D20/><U46/><E85/><V27/><F133/><W18/><G18/><AGARI ba="1,1" hai="9,10,11,15,18" m="15807,5383,11369" machi="18" ten="30,18000,2" yaku="8,1,35,5" doraHai="117" who="0" fromWho="3" sc="279,193,250,0,250,0,211,-183" /><INIT seed="0,2,0,2,2,106" ten="472,250,250,28" oya="0" hai0="61,62,92,120,128,94,105,74,37,33,4,129,68" hai1="85,83,64,46,97,77,31,28,130,125,45,112,93" hai2="16,12,122,102,86,54,72,98,134,91,15,73,121" hai3="115,66,99,14,111,132,50,131,32,110,67,47,3"/><T22/><D105/><U48/><E112/><V119/><F12/><W7/><G32/><T26/><D33/><U133/><E125/><V59/><F119/><W100/><G3/><T113/><D37/><U65/><E130/><N who="0" m="50281" /><D120/><U84/><E133/><V40/><F40/><W56/><G115/><T39/><D39/><U41/><E85/><V8/><F134/><W88/><G132/><T23/><D4/><U126/><E46/><V101/><F102/><W10/><G131/><T75/><D22/><U76/><E77/><V81/><F122/><W96/><G96/><T103/><D103/><U35/><E126/><V1/><F1/><W36/><G36/><T24/><D24/><U87/><E87/><V124/><F124/><W5/><G5/><T30/><D62/><U18/><E18/><V70/><F70/><W20/><G20/><T114/><D94/><U108/><E108/><N who="3" m="41514" /><G56/><T27/><D92/><U42/><E35/><V80/><F121/><W9/><G9/><T90/><D26/><U104/><E104/><V60/><F81/><W71/><G71/><T17/><D30/><U107/><E31/><V21/><F21/><W49/><G100/><T57/><D90/><N who="1" m="55479" /><E28/><V79/><F91/><W13/><G13/><T2/><D2/><U123/><E123/><V44/><F44/><W63/><G63/><T52/><D68/><U58/><E107/><AGARI ba="2,0" hai="8,15,16,54,59,60,72,73,79,80,86,98,101,107" machi="107" ten="30,7700,0" yaku="7,1,52,2,54,1" doraHai="106" who="2" fromWho="1" sc="472,0,250,-83,250,83,28,0" /><INIT seed="1,0,0,4,4,87" ten="472,167,333,28" oya="1" hai0="1,120,67,51,10,117,45,5,128,80,34,111,124" hai1="20,6,46,73,94,95,37,121,133,77,19,8,3" hai2="105,64,114,101,4,30,22,79,0,130,68,12,13" hai3="86,16,97,99,71,118,31,59,88,78,49,55,103"/><U60/><E121/><V50/><F50/><W28/><G71/><T74/><D67/><U65/><E133/><V106/><F13/><W39/><G39/><T85/><D74/><U62/><E62/><V83/><F12/><W23/><G118/><T98/><D34/><U75/><E75/><V52/><F22/><W21/><G78/><N who="0" m="46231" /><D124/><U112/><E112/><V113/><F30/><N who="3" m="11307" /><G21/><T81/><D81/><U57/><E77/><V35/><F35/><W93/><G103/><T2/><D1/><U127/><E127/><V76/><F101/><W116/><G116/><T91/><D120/><U107/><E107/><V82/><F68/><W134/><G134/><T56/><D56/><U14/><REACH who="1" step="1"/><E73/><REACH who="1" ten="472,157,333,28" step="2"/><V27/><F105/><W18/><G18/><T125/><D125/><U89/><E89/><V115/><F106/><W54/><G54/><N who="0" m="30063" /><D91/><U29/><E29/><V15/><F52/><W122/><G122/><T61/><D61/><U135/><E135/><V47/><F76/><W126/><G126/><T48/><D117/><U53/><E53/><V96/><F79/><W41/><G41/><AGARI ba="0,1" hai="3,6,8,14,19,20,37,41,46,57,60,65,94,95" machi="41" ten="40,2000,0" yaku="1,1,53,0" doraHai="87" doraHaiUra="109" who="1" fromWho="3" sc="472,0,157,30,333,0,28,-20" /><INIT seed="1,1,0,5,3,1" ten="472,187,333,8" oya="1" hai0="25,14,126,85,69,124,80,46,74,118,107,71,93" hai1="66,10,97,106,24,68,77,27,105,26,44,120,123" hai2="132,57,72,23,55,48,7,82,60,128,130,41,12" hai3="91,99,9,78,90,67,59,104,89,5,54,95,64"/><U134/><E77/><N who="2" m="44327" /><F23/><W101/><G78/><N who="0" m="44119" /><D25/><U4/><E134/><V38/><F38/><W135/><G104/><T29/><D107/><U73/><E73/><V119/><F119/><W112/><G112/><T84/><D14/><U8/><E44/><V34/><F34/><W21/><G135/><T92/><D46/><U15/><E106/><V30/><F30/><W39/><G39/><T102/><D29/><U58/><E68/><V56/><F132/><W122/><G122/><T108/><D93/><U32/><E32/><V127/><F41/><W76/><G76/><T51/><D92/><U96/><E105/><V63/><F56/><W33/><G33/><T98/><D51/><U86/><E86/><N who="0" m="33385" /><D98/><U52/><E66/><V116/><F116/><W61/><G21/><T109/><D102/><U87/><E87/><V125/><F48/><W43/><G43/><T19/><D19/><U111/><E111/><N who="0" m="42569" /><D118/><U75/><E75/><V88/><F88/><N who="3" m="22531" /><W115/><DORA hai="31" /><G115/><T113/><D113/><U53/><E123/><V94/><F94/><W50/><G50/><T62/><D62/><U49/><E120/><V37/><F63/><W40/><G40/><T117/><D117/><U3/><REACH who="1" step="1"/><E53/><REACH who="1" ten="472,177,333,8" step="2"/><V133/><F133/><W6/><G9/><T70/><AGARI ba="1,1" hai="69,70,71,124,126" m="42569,33385,44119" machi="70" ten="40,1500,0" yaku="14,1" doraHai="1,31" who="0" fromWho="0" sc="472,28,177,-8,333,-5,8,-5" /><INIT seed="2,0,0,0,0,0" ten="500,169,328,3" oya="2" hai0="1,94,85,72,9,28,16,56,13,30,71,130,55" hai1="14,109,132,98,113,33,37,81,69,53,107,68,50" hai2="38,106,27,104,111,116,133,80,118,100,17,112,10" hai3="127,36,131,129,135,26,51,58,99,120,77,25,101"/><V59/><F38/><W65/><G120/><T21/><D71/><U6/><E113/><V117/><F112/><W7/><G36/><T62/><D72/><U124/><E33/><V105/><F133/><W119/><G119/><T134/><D130/><N who="3" m="49673" /><G77/><T40/><D40/><U35/><E35/><V2/><F80/><W60/><G135/><T43/><D43/><U20/><E124/><V19/><F111/><W61/><G51/><T66/><D1/><U22/><E109/><V74/><F74/><W90/><G90/><N who="0" m="53583" /><D134/><U89/><E69/><V52/><F100/><W87/><G87/><T23/><D55/><U47/><E68/><V41/><F41/><W64/><G127/><T114/><D114/><U102/><E37/><V122/><F122/><W29/><G29/><AGARI ba="0,0" hai="9,13,16,21,23,28,29,30,56,62,66" m="53583" machi="29" ten="30,2000,0" yaku="8,1,54,1" doraHai="0" who="0" fromWho="3" sc="500,20,169,0,328,0,3,-20" owari="520,62.0,169,-23.1,328,12.8,-17,-51.7" /></mjloggm>