<mjloggm ver="2.3"><GO type="41" lobby="0"/><UN n0="%74%75%73%63%61%6E" n1="%E4%BA%95%E5%B8%AF" n2="%E2%93%9D%4C%75%63%6B%79%4A" n3="%67%61%72%75%63%69%61" dan="14,15,15,14" rate="1970.86,2033.77,2101.72,1898.99" sx="M,M,M,M"/><TAIKYOKU oya="0"/><INIT seed="0,0,0,2,4,42" ten="250,250,250,250" oya="0" hai0="43,50,17,66,71,13,74,134,45,46,61,27,26" hai1="116,88,132,21,54,75,11,131,72,67,77,118,25" hai2="129,103,81,133,60,111,23,100,32,117,51,127,101" hai3="58,33,82,92,14,85,124,80,69,10,112,90,89"/><T49/><D74/><U113/><E67/><V20/><F32/><W97/><G69/><T108/><D108/><U47/><E77/><V65/><F111/><W84/><G112/><T29/><D29/><U128/><E11/><V107/><F107/><W30/><G124/><T120/><D134/><U76/><E76/><V121/><F121/><W102/><G33/><T59/><D71/><U122/><E122/><V0/><F0/><W110/><G110/><T125/><D125/><U57/><E57/><V104/><F129/><N who="1" m="49737" /><E132/><V8/><F8/><W62/><G30/><T91/><D91/><U83/><E75/><V126/><F104/><W63/><REACH who="3" step="1"/><G58/><REACH who="3" ten="250,250,250,240" step="2"/><T1/><D120/><U24/><E113/><V5/><F127/><W130/><G130/><T73/><D73/><U105/><E72/><V79/><F126/><W119/><G119/><T52/><REACH who="0" step="1"/><D1/><REACH who="0" ten="240,250,250,240" step="2"/><U12/><E118/><V4/><F117/><W78/><G78/><T96/><D96/><U70/><E116/><V55/><F133/><W41/><G41/><T34/><D34/><U36/><E70/><V38/><F79/><W53/><G53/><T98/><D98/><U22/><E54/><V86/><F55/><W18/><AGARI ba="0,2" hai="10,14,18,62,63,80,82,84,85,89,90,92,97,102" machi="18" ten="20,8000,1" yaku="1,1,0,1,7,1,9,1,8,1,53,0" doraHai="42" doraHaiUra="40" who="3" fromWho="3" sc="240,-40,250,-20,250,-20,240,100" /><INIT seed="1,0,0,1,5,56" ten="200,230,230,340" oya="1" hai0="118,49,42,44,62,74,0,105,51,45,33,104,102" hai1="6,78,124,4,97,32,15,91,3,27,13,126,5" hai2="55,71,87,86,30,77,135,81,116,100,121,22,85" hai3="46,20,131,10,66,119,115,38,47,23,133,120,52"/><U39/><E39/><V8/><F121/><W40/><G120/><T109/><D118/><U75/><E78/><V108/><F71/><W21/><G119/><T59/><D74/><U7/><E91/><V132/><F8/><W60/><G115/><T83/><D33/><U127/><E97/><V76/><F30/><W89/><G131/><T65/><D0/><U123/><E75/><V57/><F22/><W88/><G133/><N who="2" m="51273" /><F108/><W82/><G10/><T31/><D109/><U111/><E111/><V96/><F55/><W98/><G98/><T94/><D31/><N who="1" m="19583" /><E123/><V107/><F57/><W16/><G82/><T128/><D128/><U61/><E61/><V35/><F35/><W67/><G16/><T84/><D94/><U26/><E26/><V130/><F130/><W53/><G67/><T28/><D102/><U24/><E24/><V129/><F129/><W122/><G122/><T112/><D112/><U14/><E4/><V11/><F116/><W63/><G63/><T17/><D28/><U37/><E37/><V95/><F77/><W1/><G1/><AGARI ba="0,0" hai="1,3,5,6,7,13,14,15,124,126,127" m="19583" machi="1" ten="40,12000,1" yaku="29,2,18,1,34,2" doraHai="56" who="1" fromWho="3" sc="200,0,230,120,230,0,340,-120" /><INIT seed="1,1,0,1,1,5" ten="200,350,230,220" oya="1" hai0="135,86,122,13,83,132,39,28,36,46,45,99,54" hai1="38,101,76,118,100,87,81,31,92,104,15,74,16" hai2="70,55,10,34,103,43,97,42,111,52,4,6,14" hai3="1,109,80,66,11,79,90,106,73,30,112,29,3"/><U65/><E118/><V19/><F70/><W82/><G112/><T77/><D122/><U26/><E38/><N who="0" m="14377" /><D28/><U0/><E0/><V94/><F111/><W18/><G106/><T40/><D40/><N who="2" m="15402" /><F34/><W96/><G109/><T63/><D99/><U119/><E119/><V8/><F6/><W110/><G110/><T102/><D102/><U20/><E65/><V61/><F61/><W22/><G66/><T72/><D72/><U47/><E47/><V48/><F48/><W84/><G96/><T21/><D63/><U56/><E56/><V129/><F129/><W126/><G126/><T67/><D67/><U53/><E53/><N who="2" m="20555" /><F4/><W116/><G116/><T120/><D120/><U25/><E104/><V117/><F117/><W114/><G114/><T89/><D77/><U88/><REACH who="1" step="1"/><E25/><REACH who="1" ten="200,340,230,220" step="2"/><V68/><F68/><W131/><G131/><T134/><D54/><U123/><E123/><V113/><F113/><W2/><REACH who="3" step="1"/><G11/><AGARI ba="1,1" hai="11,15,16,20,26,31,74,76,81,87,88,92,100,101" machi="11" ten="30,18000,2" yaku="1,1,7,1,52,1,54,2,53,1" doraHai="5" doraHaiUra="7" who="1" fromWho="3" sc="200,0,340,193,230,0,220,-183" /><AGARI ba="1,0" hai="8,10,11,14,19,94,97,103" m="20555,15402" machi="11" ten="30,8000,1" yaku="8,1,52,3,54,1" doraHai="5" who="2" fromWho="3" sc="200,0,533,0,230,80,37,-80" owari="200,-20.0,533,63.3,310,11.0,-43,-54.3" /></mjloggm>