<mjloggm ver="2.3"><GO type="137" lobby="0"/><UN n0="%E2%93%9D%4C%75%63%6B%79%4A" n1="%78%E7%9F%B3%E6%A9%8B%E6%B5%81%E7%89%8C%E6%89%8B" n2="%6D%6F%6A%69%6D%6F%72%69" n3="%7A%78%63%76" dan="10,11,12,11" rate="1796.97,1875.63,1649.96,1771.39" sx="M,M,M,M"/><TAIKYOKU oya="0"/><INIT seed="0,0,0,4,3,22" ten="250,250,250,250" oya="0" hai0="25,100,83,109,60,64,13,96,30,133,47,70,94" hai1="119,86,72,44,54,16,4,79,65,57,66,68,32" hai2="29,92,127,124,6,111,9,129,50,28,39,98,93" hai3="15,88,11,21,130,74,114,56,103,113,17,134,18"/><T104/><D133/><U122/><E119/><V1/><F39/><W110/><G134/><T34/><D109/><U51/><E32/><V80/><F111/><W10/><G103/><T125/><D125/><N who="2" m="48202" /><F129/><W14/><G74/><T126/><D126/><U43/><E72/><V108/><F108/><W105/><G105/><T82/><D94/><U23/><E4/><V89/><F80/><W59/><G110/><T101/><D101/><U19/><E19/><V78/><F78/><W53/><G130/><T112/><D112/><U123/><E79/><V102/><F50/><W85/><G21/><T27/><D27/><U2/><E2/><V71/><F71/><W7/><G7/><T116/><D116/><U38/><E86/><AGARI ba="0,0" hai="1,6,9,28,29,86,89,92,93,98,102" m="48202" machi="86" ten="30,1000,0" yaku="18,1" doraHai="22" who="2" fromWho="1" sc="250,0,250,-10,250,10,250,0" /><INIT seed="1,0,0,0,4,84" ten="250,240,260,250" oya="1" hai0="28,126,100,54,128,79,18,51,58,53,56,97,123" hai1="25,133,59,115,14,29,108,105,50,6,129,124,119" hai2="99,13,82,36,98,38,20,68,19,12,55,66,11" hai3="42,15,34,91,102,75,104,118,95,52,96,74,41"/><U5/><E119/><V70/><F82/><W121/><G121/><T26/><D128/><U4/><E105/><V77/><F77/><W120/><G120/><T46/><D126/><U44/><E115/><V63/><F70/><W87/><G118/><T39/><D123/><U3/><E124/><V30/><F30/><W109/><G109/><T72/><D39/><U0/><E129/><V78/><F78/><W7/><G34/><T85/><D18/><U8/><E108/><V107/><F55/><W17/><G7/><T9/><D9/><U112/><E112/><V60/><F60/><W47/><G74/><T73/><D85/><U130/><E59/><V113/><F113/><W33/><G33/><T40/><D79/><U110/><E110/><V10/><F20/><W23/><REACH who="3" step="1"/><G75/><REACH who="3" ten="250,240,260,240" step="2"/><T111/><D73/><U71/><E130/><V127/><F127/><W134/><G134/><T83/><D72/><U49/><E133/><V37/><REACH who="2" step="1"/><F107/><REACH who="2" ten="250,240,250,240" step="2"/><W21/><G21/><T122/><D122/><U125/><E125/><V32/><F32/><W103/><G103/><T27/><D100/><U22/><E0/><V88/><F88/><W116/><G116/><T62/><D111/><U61/><E3/><V67/><F67/><W81/><G81/><T92/><D83/><U94/><E22/><V24/><F24/><W90/><G90/><N who="0" m="55447" /><D28/><U89/><E29/><V86/><F86/><W76/><G76/><T131/><D131/><U114/><E114/><V48/><F48/><AGARI ba="0,2" hai="15,17,23,41,42,47,48,52,87,91,95,96,102,104" machi="48" ten="40,5200,0" yaku="1,1,52,1,54,1,53,0" doraHai="84" doraHaiUra="35" who="3" fromWho="2" sc="250,0,240,0,250,-52,240,72" /><INIT seed="2,0,0,1,2,115" ten="250,240,198,312" oya="2" hai0="15,66,74,27,53,92,40,4,34,51,5,57,68" hai1="124,23,93,50,105,6,58,13,30,75,44,39,76" hai2="130,70,121,78,0,91,118,87,29,63,36,49,84" hai3="71,61,127,134,111,88,131,54,55,3,98,114,17"/><V135/><F121/><W56/><G127/><T113/><D113/><U19/><E105/><V126/><F126/><W64/><G114/><T95/><D74/><U122/><E39/><V31/><F0/><W82/><G3/><T2/><D2/><U120/><E6/><V90/><F78/><W10/><G131/><T62/><D5/><U32/><E124/><V103/><F103/><W129/><G129/><T110/><D110/><U38/><E38/><V132/><F130/><W52/><G111/><T33/><D40/><U26/><E93/><V99/><F99/><W11/><G134/><T77/><D77/><U128/><E58/><V108/><F36/><W89/><G71/><T12/><D15/><U69/><E69/><V16/><F108/><W79/><G17/><T72/><D72/><U106/><E106/><V117/><F70/><W24/><G24/><T81/><D81/><U28/><E28/><V25/><F25/><W123/><G123/><N who="1" m="47146" /><E128/><V85/><F85/><N who="3" m="50359" /><G79/><T46/><D68/><U59/><E76/><V104/><F104/><W97/><G97/><T112/><D112/><U96/><E96/><V86/><F86/><W116/><G98/><T7/><D7/><U73/><E59/><V21/><F63/><W102/><G102/><T60/><D62/><U48/><E48/><V8/><F8/><W18/><G10/><N who="0" m="4167" /><D27/><U22/><E32/><V37/><F37/><W14/><G88/><T35/><D35/><U42/><AGARI ba="0,0" hai="13,19,22,23,26,30,42,44,50,73,75" m="47146" machi="42" ten="30,1100,0" yaku="13,1" doraHai="115" who="1" fromWho="1" sc="250,-3,240,11,198,-5,312,-3" /><INIT seed="3,0,0,2,2,125" ten="247,251,193,309" oya="3" hai0="24,110,62,48,5,43,33,40,119,50,94,128,7" hai1="0,135,41,57,134,63,37,1,127,91,42,72,64" hai2="49,111,29,47,112,21,122,60,108,2,105,30,31" hai3="93,121,19,22,44,46,87,69,26,13,53,99,32"/><W68/><G121/><T14/><D119/><U118/><E72/><V131/><F105/><W52/><G87/><T74/><D33/><U103/><E118/><V129/><F112/><W58/><G68/><T114/><D24/><U100/><E91/><V3/><F60/><W61/><G69/><T104/><D104/><U73/><E73/><V113/><F113/><W84/><G84/><T59/><D110/><N who="2" m="42026" /><F49/><W82/><G82/><T96/><D74/><U28/><E28/><V107/><F47/><N who="3" m="17963" /><G32/><T130/><D114/><U132/><E127/><V109/><N who="2" m="42034" /><V77/><DORA hai="9" /><F77/><W35/><G35/><T85/><D85/><U45/><REACH who="1" step="1"/><E41/><REACH who="1" ten="247,241,193,309" step="2"/><V115/><F115/><W89/><G53/><T133/><D43/><U4/><E4/><V116/><F116/><W95/><G95/><T120/><D94/><U70/><E70/><V66/><F107/><W98/><G98/><T39/><D96/><U88/><E88/><V6/><F6/><W38/><G38/><T10/><D39/><U123/><E123/><V15/><F122/><W56/><G56/><T23/><D59/><U25/><E25/><AGARI ba="0,1" hai="13,19,22,25,26,52,58,61,89,93,99" m="17963" machi="25" ten="30,5800,0" yaku="8,1,52,1,54,1" doraHai="125,9" who="3" fromWho="1" sc="247,0,241,-58,193,0,309,68" /><INIT seed="3,1,0,5,5,97" ten="247,183,193,377" oya="3" hai0="132,67,83,120,99,113,16,38,56,74,128,100,119" hai1="4,133,122,110,24,18,129,89,23,54,123,78,46" hai2="36,61,0,57,95,28,3,1,91,69,115,135,6" hai3="114,9,126,101,64,51,29,81,77,49,35,104,32"/><W48/><G114/><T105/><D120/><U103/><E110/><V60/><F115/><W30/><G126/><T87/><D113/><U7/><E133/><V118/><F118/><W21/><G64/><T59/><D119/><U121/><E78/><V125/><F125/><W10/><G104/><T37/><D74/><U65/><E65/><V25/><F36/><W13/><G101/><T62/><D128/><U27/><E129/><V55/><F135/><W109/><G109/><T84/><D87/><U108/><E108/><V66/><F6/><W92/><G92/><T73/><D73/><U127/><E127/><V106/><F106/><W42/><G42/><T20/><D59/><U94/><E24/><V79/><F79/><W19/><G32/><T96/><D99/><U82/><E82/><V124/><F124/><W72/><G35/><T63/><D63/><U41/><E54/><V5/><F5/><W39/><G72/><T33/><D33/><U8/><E8/><V47/><F47/><W130/><G39/><T11/><D11/><U70/><E70/><V40/><F40/><W88/><G77/><T45/><D45/><U53/><E53/><V134/><F134/><W26/><G130/><T71/><D71/><U14/><E27/><V31/><REACH who="2" step="1"/><F25/><REACH who="2" ten="247,183,183,377" step="2"/><W2/><G26/><N who="0" m="14599" /><D132/><U50/><E4/><V75/><F75/><W117/><G117/><T15/><D15/><U112/><E7/><V93/><F93/><W17/><G13/><T90/><D38/><U68/><E112/><V80/><F80/><W98/><G81/><T58/><D37/><N who="1" m="21807" /><E122/><V85/><AGARI ba="1,1" hai="0,1,3,28,31,55,57,60,61,66,69,85,91,95" machi="85" ten="30,4000,0" yaku="1,1,5,1,0,1,53,0" doraHai="97" doraHaiUra="107" who="2" fromWho="2" sc="247,-11,183,-11,183,53,377,-21" /><INIT seed="4,0,0,3,2,71" ten="236,172,236,356" oya="0" hai0="91,134,2,33,106,11,15,65,95,13,62,56,80" hai1="39,32,36,99,102,113,86,76,101,104,73,63,47" hai2="79,105,124,5,26,93,35,81,38,25,22,67,68" hai3="34,111,70,129,46,133,52,88,58,4,74,100,103"/><T118/><D118/><U42/><E32/><V98/><F124/><W108/><G70/><T8/><D106/><U125/><E125/><V89/><F5/><W120/><G120/><T126/><D126/><U27/><E102/><V119/><F119/><W48/><G129/><T117/><D33/><U82/><E63/><V92/><F105/><W29/><G133/><T72/><D2/><U128/><E128/><V31/><F93/><W61/><G4/><T9/><D134/><U45/><E27/><V69/><F67/><W94/><G74/><T28/><D28/><U116/><E116/><V96/><F96/><W55/><G29/><T0/><D0/><U14/><E14/><V57/><F57/><W40/><G34/><T114/><D114/><U127/><E127/><V110/><F110/><W87/><G108/><T112/><D112/><U18/><E18/><V16/><F38/><W30/><G30/><T132/><D132/><U97/><E97/><V21/><REACH who="2" step="1"/><F35/><REACH who="2" ten="236,172,226,356" step="2"/><W84/><G111/><T64/><D65/><U44/><E113/><V23/><F23/><W43/><G84/><AGARI ba="0,1" hai="16,21,22,25,26,31,68,69,79,81,84,89,92,98" machi="84" ten="30,3900,0" yaku="1,1,7,1,54,1,53,0" doraHai="71" doraHaiUra="51" who="2" fromWho="3" sc="236,0,172,0,226,49,356,-39" /><INIT seed="5,0,0,1,2,96" ten="236,172,275,317" oya="1" hai0="72,66,114,105,17,11,35,76,14,4,32,24,87" hai1="7,26,13,48,86,34,121,55,98,90,58,62,45" hai2="110,93,0,73,68,89,8,18,70,39,49,101,59" hai3="122,112,85,104,21,71,135,33,61,37,12,41,5"/><U16/><E121/><V28/><F110/><W130/><G122/><T128/><D72/><U77/><E77/><V57/><F73/><W100/><G33/><T23/><D105/><U102/><E7/><V109/><F109/><W50/><G130/><T25/><D66/><U107/><E34/><N who="0" m="12841" /><D87/><U119/><E26/><N who="0" m="10345" /><D76/><U120/><E120/><V126/><F28/><W124/><G37/><T10/><D114/><U116/><E86/><V125/><F39/><W52/><G124/><N who="2" m="47721" /><F70/><W46/><G135/><T22/><D128/><U84/><E84/><V79/><F79/><W97/><G112/><T40/><D40/><U83/><E83/><V38/><F38/><W29/><G85/><T129/><D129/><U95/><E107/><V64/><F68/><W88/><G29/><T1/><AGARI ba="0,0" hai="1,4,10,11,14,17,22,23" m="10345,12841" machi="1" ten="30,8000,1" yaku="35,5" doraHai="96" who="0" fromWho="0" sc="236,80,172,-40,275,-20,317,-20" /><INIT seed="6,0,0,0,2,18" ten="316,132,255,297" oya="2" hai0="126,65,51,92,31,73,86,39,123,24,133,56,33" hai1="5,0,87,46,9,68,91,127,76,82,26,13,12" hai2="77,117,96,16,88,3,120,14,102,131,110,4,20" hai3="134,38,35,36,100,1,111,53,58,107,90,81,99"/><V67/><F117/><W132/><G111/><T27/><D73/><U34/><E68/><V113/><F120/><W44/><G1/><T98/><D123/><U54/><E127/><V41/><F131/><W115/><G115/><T62/><D39/><U114/><E114/><V60/><F113/><W28/><G44/><T30/><D126/><U78/><E34/><V135/><F77/><W129/><G129/><T52/><D133/><N who="3" m="51305" /><G28/><T101/><D86/><U19/><E0/><V122/><F122/><W112/><G35/><T42/><D42/><U23/><E12/><V84/><F135/><W116/><G116/><T108/><D108/><U105/><E105/><V45/><F110/><W10/><G10/><T43/><D43/><U29/><REACH who="1" step="1"/><E5/><REACH who="1" ten="316,122,255,297" step="2"/><V79/><F4/><W72/><G112/><T93/><D27/><U48/><AGARI ba="0,1" hai="9,13,19,23,26,29,46,48,54,76,78,82,87,91" machi="48" ten="30,12000,2" yaku="1,1,2,1,0,1,25,2,8,1,52,1,53,0" doraHai="18" doraHaiUra="103" who="1" fromWho="1" sc="316,-30,122,130,255,-60,297,-30" /><INIT seed="7,0,0,1,3,81" ten="286,252,195,267" oya="3" hai0="118,14,16,128,41,73,38,59,117,10,86,40,93" hai1="96,82,135,95,109,63,52,55,127,31,27,13,97" hai2="66,116,12,26,88,87,101,75,129,34,74,91,102" hai3="57,54,110,29,28,107,42,8,2,25,61,35,125"/><W108/><G125/><T103/><D73/><U113/><E109/><N who="3" m="42090" /><G107/><T126/><D38/><U45/><E113/><V1/><F1/><W77/><G42/><T79/><D128/><U9/><E127/><V30/><F116/><W121/><G121/><T67/><D118/><U134/><E82/><V80/><F129/><W0/><G29/><T72/><D72/><U33/><E55/><V114/><F114/><W131/><G131/><T15/><D15/><U20/><E33/><V17/><F66/><W123/><G123/><T112/><D112/><U24/><E24/><V60/><F60/><W68/><G68/><T48/><D126/><U43/><E43/><V69/><F69/><W6/><G77/><T65/><D41/><U11/><E11/><V21/><F75/><W39/><G39/><T53/><D40/><U90/><E97/><V49/><F74/><W124/><G124/><T4/><D117/><U76/><E76/><V36/><F36/><W71/><G71/><T98/><D4/><U84/><E134/><V133/><F133/><W51/><G61/><T64/><D79/><U23/><E63/><V46/><F91/><W92/><G92/><T106/><D106/><U100/><E135/><V105/><F105/><W122/><G122/><T78/><D78/><U120/><E120/><V104/><F104/><W3/><AGARI ba="0,0" hai="0,2,3,6,8,25,28,35,51,54,57" m="42090" machi="3" ten="30,1500,0" yaku="10,1" doraHai="81" who="3" fromWho="3" sc="286,-5,252,-5,195,-5,267,15" /><INIT seed="7,1,0,3,5,109" ten="281,247,190,282" oya="3" hai0="83,23,40,35,16,121,14,118,91,71,73,90,53" hai1="95,106,67,132,22,79,45,74,119,24,108,0,134" hai2="126,127,129,48,2,31,57,55,122,54,49,13,47" hai3="85,39,80,9,100,103,21,116,110,19,27,84,1"/><W130/><G116/><T52/><D35/><U65/><E108/><V123/><F31/><W98/><G39/><T81/><D71/><U43/><E0/><V76/><F76/><W44/><G110/><T28/><D121/><N who="2" m="46090" /><F13/><W29/><G130/><T75/><D40/><U133/><E106/><V33/><F33/><W107/><G100/><T93/><D118/><U102/><E119/><V104/><F104/><W82/><G44/><T26/><D75/><U38/><E79/><V63/><F2/><W70/><G70/><T50/><D73/><U8/><E8/><V111/><F111/><W66/><G66/><T11/><D91/><U36/><E74/><V7/><F7/><W37/><G37/><T3/><D3/><U6/><E6/><V18/><F18/><W77/><G1/><T92/><D53/><U25/><E38/><V68/><F68/><W113/><G9/><T114/><D114/><U51/><E36/><V62/><F129/><W60/><G29/><T120/><D120/><U125/><E125/><AGARI ba="1,0" hai="47,48,49,54,55,57,62,63,125,126,127" m="46090" machi="125" ten="30,7700,0" yaku="18,1,13,1,34,2" doraHai="109" who="2" fromWho="1" sc="281,0,247,-80,190,80,282,0" /><INIT seed="8,0,0,4,4,25" ten="281,167,270,282" oya="0" hai0="31,12,63,48,14,23,73,1,36,51,134,90,49" hai1="97,128,66,83,22,55,65,122,80,96,77,59,62" hai2="135,50,60,114,29,37,19,120,47,61,127,121,85" hai3="46,38,45,4,79,108,18,118,13,116,107,94,11"/><T105/><D36/><U99/><E122/><V129/><F135/><W126/><G107/><T3/><D73/><U40/><E128/><V54/><F114/><W24/><G108/><T78/><D105/><U88/><E40/><V133/><F129/><W131/><G131/><T8/><D78/><U91/><E22/><V70/><F133/><W74/><G126/><T7/><D134/><U42/><E42/><V35/><F127/><W100/><G79/><T58/><D90/><N who="1" m="34347" /><E77/><V67/><F85/><W30/><G74/><T39/><D39/><U2/><E2/><V132/><F132/><W57/><G57/><T84/><D84/><U68/><E68/><V10/><F10/><W101/><G4/><T27/><REACH who="0" step="1"/><D3/><REACH who="0" ten="271,167,270,282" step="2"/><U32/><E32/><V17/><F121/><W111/><G38/><T82/><D82/><AGARI ba="0,1" hai="55,59,62,65,66,80,82,83,96,97,99" m="34347" machi="82" ten="30,2000,0" yaku="8,1,54,1" doraHai="25" who="1" fromWho="0" sc="271,-20,167,30,270,0,282,0" /><INIT seed="9,0,0,1,4,56" ten="251,197,270,282" oya="1" hai0="103,89,33,116,14,12,125,15,34,107,60,71,119" hai1="122,25,88,10,16,91,13,97,46,68,57,66,17" hai2="120,76,23,19,94,111,82,9,83,69,31,42,65" hai3="118,48,127,47,50,21,104,117,132,74,61,26,7"/><U29/><E122/><V43/><F111/><W0/><G127/><T4/><D89/><N who="1" m="34379" /><E97/><V134/><F120/><W93/><G132/><T72/><D72/><U49/><E68/><V133/><F94/><W121/><G121/><T86/><D86/><U37/><E37/><V124/><F31/><N who="3" m="17871" /><G104/><T41/><D41/><N who="1" m="24783" /><E29/><V30/><F30/><W36/><G74/><T112/><D112/><U99/><E99/><V80/><F9/><W3/><G93/><T95/><D95/><U22/><E57/><V52/><F76/><W108/><G108/><T58/><D71/><U54/><E54/><V45/><F124/><W81/><G81/><T24/><D125/><U62/><E66/><V64/><F69/><W44/><G36/><T5/><D107/><U70/><E70/><V55/><F45/><W129/><G0/><T11/><D34/><U78/><E78/><V128/><F128/><W130/><G129/><T59/><D33/><U18/><E18/><V87/><F87/><W92/><G130/><T101/><D59/><U6/><E17/><V2/><F2/><W79/><G79/><T96/><D96/><U39/><E39/><V105/><F105/><W20/><G3/><T98/><D98/><U126/><E126/><V135/><F23/><W102/><G20/><T63/><D58/><U113/><E113/><V35/><F19/><W8/><G92/><T100/><D103/><U84/><E84/><V51/><F35/><W27/><G102/><T32/><D32/><U77/><E77/><V106/><F106/><W40/><G47/><T28/><D28/><U114/><E114/><RYUUKYOKU ba="0,0" sc="251,-10,197,30,270,-10,282,-10" hai1="6,10,13,16,22,25,62" /><INIT seed="9,1,0,5,1,13" ten="241,227,260,272" oya="1" hai0="132,46,28,126,112,116,98,12,87,68,54,45,129" hai1="42,107,26,80,114,75,66,32,24,124,99,130,41" hai2="82,30,110,78,60,52,8,17,133,29,135,106,109" hai3="5,31,92,97,128,38,131,84,79,67,134,89,59"/><U86/><E75/><V71/><F106/><W73/><G38/><T39/><D28/><U22/><E114/><V23/><F8/><W96/><G134/><N who="2" m="51209" /><F71/><W115/><G115/><T20/><D68/><U57/><E32/><V74/><F110/><W65/><G5/><T14/><D98/><U61/><E124/><V16/><F109/><W94/><G31/><N who="2" m="11785" /><F23/><W118/><G118/><T95/><D20/><U48/><E107/><V6/><F6/><W91/><G73/><T90/><D112/><U102/><E24/><V58/><AGARI ba="1,0" hai="16,17,52,58,60,74,78,82" m="11785,51209" machi="58" ten="30,8000,1" yaku="20,1,52,2,54,2" doraHai="13" who="2" fromWho="2" sc="241,-21,227,-41,260,83,272,-21" owari="220,-18.0,186,-31.4,343,44.3,251,5.1" /></mjloggm>