<mjloggm ver="2.3"><GO type="41" lobby="0"/><UN n0="%E9%98%BF%E4%BF%AE%E7%BE%85%E3%83%99%E3%83%B3%E3%83%80%E3%83%BC" n1="%4B%79%72%6F%6E%31" n2="%E3%81%A1%E3%82%83%E3%82%93%E3%81%8B%E3%82%93%E3%81%A1%E3%82%83%E3%82%93" n3="%E2%93%9D%4C%75%63%6B%79%4A" dan="13,15,14,17" rate="1854.85,1973.66,1942.68,2154.18" sx="M,M,M,M"/><TAIKYOKU oya="0"/><INIT seed="0,0,0,1,2,134" ten="250,250,250,250" oya="0" hai0="31,26,94,64,39,72,21,95,88,22,75,48,84" hai1="3,128,97,132,92,130,46,69,30,0,23,125,5" hai2="135,29,115,127,63,118,20,78,73,37,90,53,11" hai3="109,16,57,133,99,2,105,24,85,110,54,9,101"/><T98/><D39/><U47/><E69/><V117/><F115/><W81/><G133/><T45/><D21/><U123/><E123/><V4/><F37/><W43/><G43/><T51/><D64/><U27/><E132/><V87/><F135/><W62/><G2/><T13/><D13/><U114/><E114/><V96/><F96/><W32/><G32/><T33/><D33/><U12/><E12/><V82/><F127/><W93/><G105/><T6/><D6/><U40/><E47/><V122/><F122/><W52/><G54/><T71/><D71/><U55/><E55/><V77/><F63/><W56/><G57/><T80/><D95/><U116/><E116/><N who="2" m="44651" /><F73/><W112/><G112/><T102/><REACH who="0" step="1"/><D51/><REACH who="0" ten="240,250,250,250" step="2"/><U91/><E5/><V124/><F4/><W59/><G59/><T25/><D25/><U8/><E27/><V28/><F20/><W107/><G93/><T42/><AGARI ba="0,1" hai="22,26,31,42,45,48,72,75,80,84,88,94,98,102" machi="42" ten="20,7800,0" yaku="1,1,0,1,7,1,54,1,53,0" doraHai="134" doraHaiUra="67" who="0" fromWho="0" sc="240,88,250,-26,250,-26,250,-26" /><INIT seed="0,1,0,0,4,93" ten="328,224,224,224" oya="0" hai0="77,99,49,44,4,130,51,39,104,43,83,23,72" hai1="10,16,132,133,35,131,108,32,73,119,100,114,31" hai2="56,118,122,29,12,0,135,54,1,80,3,102,25" hai3="92,120,96,9,21,13,57,76,38,124,126,61,8"/><T37/><D130/><U69/><E119/><V107/><F122/><W90/><G38/><T48/><D37/><U98/><E108/><V101/><F118/><W70/><G70/><T5/><REACH who="0" step="1"/><D23/><REACH who="0" ten="318,224,224,224" step="2"/><U87/><E131/><V64/><F135/><W128/><G128/><T47/><D47/><U52/><E133/><V27/><F0/><W117/><G117/><T134/><D134/><U121/><E132/><V26/><F1/><W58/><G21/><T115/><D115/><U123/><E114/><V7/><F3/><W53/><G120/><T94/><D94/><U15/><E123/><V46/><F46/><W11/><G76/><T42/><D42/><U60/><E121/><V24/><F29/><W6/><G126/><T34/><D34/><U105/><E31/><V30/><F30/><W103/><G124/><T110/><D110/><U85/><E35/><V84/><F107/><W88/><G58/><T74/><D74/><U33/><E32/><V82/><F56/><W71/><G71/><T68/><D68/><U86/><E73/><V89/><F82/><W41/><G41/><T45/><D45/><U66/><REACH who="1" step="1"/><E33/><REACH who="1" ten="318,214,224,224" step="2"/><V95/><F80/><W116/><G116/><T65/><D65/><U19/><E19/><V22/><F64/><W113/><G113/><T112/><D112/><U127/><E127/><V75/><F75/><W17/><G17/><T97/><D97/><U20/><E20/><V79/><F22/><W55/><G55/><AGARI ba="1,2" hai="10,15,16,52,55,60,66,69,85,86,87,98,100,105" machi="55" ten="40,8000,1" yaku="1,1,52,1,54,2,53,0" doraHai="93" doraHaiUra="106" who="1" fromWho="3" sc="318,0,214,103,224,0,224,-83" /><INIT seed="1,0,0,5,5,98" ten="318,317,224,141" oya="1" hai0="68,19,40,36,76,15,83,81,117,75,8,1,104" hai1="71,78,103,102,113,108,27,69,56,34,85,46,110" hai2="127,74,67,91,109,60,52,41,21,135,29,134,43" hai3="114,124,35,125,9,100,90,11,111,80,119,70,107"/><U33/><E113/><V66/><F74/><W94/><G35/><T82/><D117/><U65/><E46/><V39/><F109/><N who="1" m="42089" /><E56/><N who="2" m="34823" /><F127/><W96/><G70/><N who="1" m="26634" /><E65/><N who="2" m="24587" /><F91/><W63/><G114/><T22/><D68/><U59/><E59/><V16/><F29/><W101/><G111/><T61/><D61/><U14/><E14/><N who="2" m="9367" /><F39/><W4/><G63/><T28/><D104/><U129/><E129/><V55/><F55/><W31/><G119/><T0/><D28/><N who="1" m="19615" /><E34/><V48/><F48/><W10/><G31/><T105/><D105/><U37/><E37/><V50/><F50/><W121/><G107/><T23/><D0/><U92/><E92/><V116/><F116/><W87/><G121/><T133/><D36/><U130/><E130/><V32/><F32/><W64/><G64/><T2/><D2/><U3/><E3/><V126/><F126/><N who="3" m="48747" /><G4/><T95/><D1/><U5/><E5/><V88/><F88/><AGARI ba="0,0" hai="9,10,11,80,87,88,90,94,96,100,101" m="48747" machi="88" ten="30,7700,0" yaku="18,1,52,2,54,1" doraHai="98" who="3" fromWho="2" sc="318,0,317,0,224,-77,141,77" /><INIT seed="2,0,0,1,5,96" ten="318,317,147,218" oya="2" hai0="3,131,126,110,79,58,74,100,62,29,109,34,39" hai1="91,36,94,111,61,21,90,8,114,23,12,49,68" hai2="18,57,31,7,92,121,116,101,16,28,40,43,93" hai3="65,99,104,53,102,70,46,55,71,78,130,66,20"/><V117/><F121/><W32/><G32/><T64/><D3/><U56/><E36/><V106/><F106/><W119/><G119/><T135/><D39/><U4/><E111/><V9/><F57/><W38/><G78/><T73/><D79/><U97/><E114/><V13/><F7/><W105/><G20/><T75/><D131/><U10/><E68/><V81/><F81/><W132/><G132/><T124/><D135/><U47/><E10/><V123/><F123/><W85/><G85/><T44/><D44/><U113/><E91/><V118/><F18/><W14/><G14/><T17/><D17/><U67/><REACH who="1" step="1"/><E113/><REACH who="1" ten="318,307,147,218" step="2"/><V95/><REACH who="2" step="1"/><F101/><REACH who="2" ten="318,307,137,218" step="2"/><W0/><G102/><T83/><D83/><U54/><AGARI ba="0,2" hai="4,8,12,21,23,47,49,54,56,61,67,90,94,97" machi="54" ten="20,8000,1" yaku="1,1,2,1,0,1,7,1,8,1,53,0" doraHai="96" doraHaiUra="22" who="1" fromWho="1" sc="318,-20,307,100,137,-40,218,-20" /><INIT seed="3,0,0,3,1,32" ten="298,407,97,198" oya="3" hai0="18,90,0,129,133,95,73,51,62,58,25,71,78" hai1="120,135,31,109,24,12,6,86,10,108,89,41,55" hai2="80,38,48,19,131,104,39,13,21,93,49,82,15" hai3="34,119,130,121,11,128,91,96,5,83,107,84,47"/><W64/><G34/><T126/><D129/><N who="3" m="49769" /><G64/><T92/><D126/><U69/><E120/><V98/><F131/><W101/><G47/><T99/><D133/><U117/><E135/><V127/><F104/><W118/><G11/><T94/><D71/><U52/><E69/><V46/><F127/><W36/><G5/><T22/><D51/><U3/><E41/><V67/><F67/><W72/><G36/><T114/><D114/><U74/><E74/><V20/><F39/><W65/><G65/><T35/><D35/><U75/><E75/><V105/><F105/><W28/><G28/><T110/><D110/><N who="1" m="42603" /><E117/><N who="3" m="44554" /><G72/><T23/><D23/><N who="1" m="15775" /><E12/><V1/><F1/><W2/><G2/><T76/><D0/><U43/><E43/><V132/><F132/><W112/><G112/><T61/><D61/><U14/><E14/><V111/><F38/><W100/><G101/><T8/><D8/><U63/><E63/><V54/><F49/><W44/><G44/><T27/><D27/><U40/><E40/><V9/><F21/><W29/><G29/><T122/><D122/><AGARI ba="0,0" hai="83,84,91,96,100,107,121,122" m="44554,49769" machi="122" ten="30,5800,0" yaku="19,1,34,2" doraHai="32" who="3" fromWho="0" sc="298,-58,407,0,97,0,198,58" /><INIT seed="3,1,0,3,0,31" ten="240,407,97,256" oya="3" hai0="39,125,41,72,7,58,76,131,37,44,56,47,98" hai1="122,42,23,110,11,124,10,104,52,100,111,64,135" hai2="77,61,86,79,13,73,0,22,121,57,4,8,85" hai3="81,3,116,103,14,97,18,106,9,127,43,83,53"/><W48/><G116/><T51/><D125/><U88/><E122/><V132/><F121/><W46/><G127/><T60/><D131/><U24/><E124/><V96/><F132/><W82/><G3/><T35/><D7/><U91/><E135/><V128/><F128/><W27/><G27/><T117/><D117/><U63/><E42/><V80/><F96/><W69/><G69/><T112/><D112/><U99/><E11/><V25/><F79/><W123/><G123/><T67/><D72/><U40/><E40/><V5/><F5/><W28/><G28/><T16/><D76/><U1/><E10/><V21/><F0/><W95/><G106/><T34/><D58/><N who="1" m="35271" /><E64/><V118/><F118/><W75/><G75/><T94/><D16/><N who="1" m="12391" /><E1/><V109/><F109/><AGARI ba="1,0" hai="88,91,99,100,104,109,110,111" m="12391,35271" machi="109" ten="30,7700,0" yaku="14,1,54,3" doraHai="31" who="1" fromWho="2" sc="240,0,407,80,97,-80,256,0" /><INIT seed="4,0,0,4,1,106" ten="240,487,17,256" oya="0" hai0="103,29,56,62,113,49,24,115,81,92,38,67,126" hai1="108,63,116,9,125,59,21,36,11,16,120,107,33" hai2="123,129,95,6,111,57,32,83,97,112,79,133,64" hai3="23,43,78,27,84,71,135,55,20,110,119,132,99"/><T91/><D126/><U76/><E116/><V28/><F111/><W118/><G43/><T124/><D124/><U82/><E125/><V39/><F123/><W12/><G99/><T80/><D38/><U75/><E120/><V94/><F112/><N who="0" m="43082" /><D103/><U41/><E108/><V128/><F39/><W48/><G71/><T127/><D49/><U109/><E33/><V73/><F133/><W86/><G110/><T46/><D46/><U10/><E107/><V40/><F40/><W93/><G48/><T58/><D58/><U34/><E34/><V90/><F6/><W51/><G51/><T96/><D127/><U66/><E109/><V0/><F0/><W50/><G50/><T68/><D68/><U35/><E35/><AGARI ba="0,0" hai="24,29,35,56,62,67,80,81,91,92,96" m="43082" machi="35" ten="30,1500,0" yaku="15,1" doraHai="106" who="0" fromWho="1" sc="240,15,487,-15,17,0,256,0" /><INIT seed="4,1,0,3,4,103" ten="255,472,17,256" oya="0" hai0="74,1,101,31,107,77,7,17,63,40,102,114,112" hai1="22,125,124,122,51,58,66,61,81,99,30,78,129" hai2="8,12,133,20,35,38,121,130,91,28,53,13,64" hai3="11,32,68,34,50,16,93,65,76,45,87,131,115"/><T94/><D107/><U46/><E122/><V47/><F121/><W49/><G50/><T117/><D117/><U89/><E129/><V80/><F64/><W23/><G11/><T27/><D40/><U88/><E30/><V128/><F35/><W95/><G115/><T44/><D44/><U6/><E6/><V41/><F133/><W14/><G131/><N who="2" m="50217" /><F53/><W108/><G108/><T36/><D36/><U5/><E5/><V113/><F113/><W42/><G68/><T79/><D94/><U84/><E22/><V19/><F28/><W29/><G65/><T71/><D17/><U109/><E109/><V118/><F118/><W26/><REACH who="3" step="1"/><G34/><REACH who="3" ten="255,472,17,246" step="2"/><T96/><D71/><U59/><E51/><V82/><F91/><W69/><G69/><T97/><D114/><U105/><E89/><V67/><F67/><W127/><G127/><T55/><D112/><U52/><E124/><V123/><F123/><W116/><G116/><T75/><D79/><U85/><E125/><V83/><F8/><W132/><G132/><T33/><D77/><U21/><E78/><V111/><F111/><W100/><G100/><T60/><D101/><U10/><E10/><V0/><F0/><W3/><G3/><T62/><D102/><U56/><E88/><V98/><F98/><N who="0" m="37994" /><D55/><U134/><E52/><V135/><F135/><W106/><G106/><T119/><D119/><U37/><E134/><V24/><AGARI ba="1,1" hai="12,13,19,20,24,38,41,47,80,82,83" m="50217" machi="24" ten="30,1100,0" yaku="19,1" doraHai="103" who="2" fromWho="2" sc="255,-6,472,-4,17,24,246,-4" /><INIT seed="5,0,0,4,4,88" ten="249,468,41,242" oya="1" hai0="62,127,15,95,104,70,45,54,38,124,51,20,4" hai1="80,122,100,22,16,119,79,126,29,17,35,84,43" hai2="63,134,128,109,117,112,18,94,0,133,77,6,74" hai3="37,87,26,105,92,19,75,69,11,33,14,125,102"/><U50/><E119/><V36/><F117/><W49/><G37/><T111/><D104/><U116/><E116/><V2/><F109/><W90/><G69/><T132/><D111/><U78/><E122/><V52/><F36/><W129/><G75/><T24/><D132/><N who="2" m="50794" /><F128/><W101/><G105/><T73/><D73/><U103/><E35/><V32/><F32/><W71/><G71/><T113/><D113/><U46/><E126/><V86/><F6/><W1/><G1/><N who="2" m="617" /><F112/><W99/><G125/><T5/><D38/><U89/><E29/><V10/><F10/><W3/><G3/><T130/><D15/><N who="1" m="9503" /><E17/><V82/><F18/><W28/><G129/><T106/><D106/><U97/><E103/><V9/><F9/><W47/><REACH who="3" step="1"/><G99/><REACH who="3" ten="249,468,41,232" step="2"/><T57/><D70/><U110/><E110/><V83/><F94/><AGARI ba="0,1" hai="43,46,50,78,79,80,84,89,94,97,100" m="9503" machi="94" ten="30,5800,0" yaku="8,1,52,1,54,1" doraHai="88" who="1" fromWho="2" sc="249,0,468,68,41,-58,232,0" owari="249,4.9,536,63.6,-17,-51.7,232,-16.8" /></mjloggm>