<mjloggm ver="2.3"><GO type="41" lobby="0"/><UN n0="%68%69%73%61%74%6F%E6%A3%92" n1="%E2%93%9D%4C%75%63%6B%79%4A" n2="%E6%96%99%E6%98%AF%E5%A6%82%E6%AD%A4" n3="%E5%9F%8E%E5%8F%A3" dan="15,17,13,14" rate="2005.96,2164.99,1879.28,1906.87" sx="M,M,M,M"/><TAIKYOKU oya="0"/><INIT seed="0,0,0,3,4,23" ten="250,250,250,250" oya="0" hai0="109,99,134,3,110,9,41,20,4,80,83,19,75" hai1="82,13,46,35,91,55,51,77,1,105,94,72,16" hai2="50,43,21,47,7,22,74,63,15,56,67,96,81" hai3="33,10,76,107,2,57,120,6,119,39,34,89,123"/><T124/><D41/><U130/><E130/><V48/><F74/><W65/><G119/><T133/><D99/><U131/><E131/><V8/><F81/><W66/><G39/><T92/><D92/><U18/><E1/><V53/><REACH who="2" step="1"/><F96/><REACH who="2" ten="250,250,240,250" step="2"/><W68/><G120/><T30/><D83/><U64/><E82/><V111/><F111/><N who="0" m="42506" /><D80/><U135/><E72/><V58/><AGARI ba="0,1" hai="7,8,15,21,22,43,47,48,50,53,56,58,63,67" machi="58" ten="20,5200,0" yaku="1,1,0,1,7,1,8,1,53,0" doraHai="23" doraHaiUra="126" who="2" fromWho="2" sc="250,-26,250,-13,240,62,250,-13" /><INIT seed="1,0,0,2,2,95" ten="224,237,302,237" oya="1" hai0="131,33,124,103,97,1,23,74,44,70,104,6,4" hai1="43,28,85,132,94,114,15,88,14,42,84,135,129" hai2="82,61,0,38,30,12,98,9,87,39,32,67,126" hai3="64,118,116,22,77,41,47,72,117,52,90,13,92"/><U37/><E114/><V60/><F0/><W25/><G64/><T34/><D23/><U119/><E119/><V46/><F126/><W71/><G71/><T76/><D6/><U79/><E129/><V86/><F46/><W17/><G52/><T127/><D44/><U89/><E79/><V105/><F61/><W83/><G25/><T102/><D102/><U110/><E110/><V123/><F123/><W29/><G29/><T27/><D70/><U128/><E128/><V62/><F60/><W78/><G78/><T133/><D133/><N who="1" m="51275" /><E28/><V99/><F87/><N who="1" m="33353" /><E37/><V73/><F73/><W66/><G66/><T122/><D27/><U35/><E35/><V3/><F3/><W100/><G100/><T18/><D18/><U112/><E112/><V16/><F30/><W63/><G63/><T20/><D20/><U107/><E107/><V81/><F32/><N who="0" m="12394" /><D122/><U40/><E94/><V109/><F109/><W134/><G134/><T49/><D49/><U50/><E50/><V53/><F39/><W8/><G22/><T51/><D51/><U65/><E65/><V125/><F38/><W115/><G115/><T130/><D131/><U31/><E31/><V91/><F105/><W106/><G106/><T68/><D68/><U56/><E56/><N who="2" m="35087" /><F67/><W48/><G92/><T101/><D130/><U24/><E24/><V59/><F59/><W120/><G120/><T19/><D124/><U26/><E26/><V121/><F125/><W58/><G58/><T10/><D127/><U111/><E111/><V7/><F121/><W5/><G5/><T108/><D108/><U75/><E75/><RYUUKYOKU ba="0,0" sc="224,-15,237,15,302,-15,237,15" hai1="14,15,40,42,43,88,89" hai3="8,13,17,41,47,48,72,77,83,90,116,117,118" /><INIT seed="1,1,0,3,4,108" ten="209,252,287,252" oya="1" hai0="2,50,81,82,71,91,21,106,123,105,80,120,85" hai1="77,44,3,40,52,121,35,32,118,9,93,41,12" hai2="115,127,20,69,73,131,37,68,84,67,83,76,8" hai3="23,14,87,31,104,27,110,45,111,126,95,125,28"/><U62/><E121/><N who="0" m="46665" /><D71/><U4/><E118/><V61/><F37/><W102/><G104/><N who="0" m="40043" /><D2/><U86/><E3/><V74/><F131/><W78/><G45/><T29/><D50/><U124/><E124/><N who="3" m="47722" /><G31/><T79/><D21/><U17/><E35/><V59/><F127/><W117/><G117/><T51/><D51/><N who="1" m="28775" /><E32/><V30/><F68/><W116/><G116/><T119/><D29/><U38/><E38/><V94/><F69/><W122/><G122/><T114/><D119/><U0/><E0/><V33/><F33/><W63/><G63/><T22/><D22/><U11/><E62/><V25/><F8/><W97/><G14/><T15/><D15/><N who="1" m="5607" /><E77/><V36/><F36/><W64/><G64/><T39/><D114/><U134/><E134/><V109/><F115/><W90/><G78/><T54/><D39/><U103/><E103/><V132/><F109/><N who="3" m="41483" /><G102/><T19/><D54/><U107/><E107/><V101/><F132/><W133/><G133/><T72/><D19/><U70/><E70/><V24/><F24/><W16/><G28/><T34/><D34/><U6/><E17/><V13/><F13/><W10/><G10/><T98/><D72/><U130/><E41/><V60/><F60/><W48/><G48/><T99/><D79/><U113/><E40/><V26/><F25/><W46/><G46/><T49/><D49/><U92/><E12/><V112/><F112/><W128/><G16/><T65/><D65/><U56/><E113/><V89/><F101/><N who="3" m="60607" /><G23/><T88/><D91/><U135/><E135/><V5/><F5/><W55/><G90/><T129/><D129/><RYUUKYOKU ba="1,0" sc="209,15,252,-15,287,15,252,-15" hai0="80,81,82,85,88,98,99" hai2="20,26,30,59,61,67,73,74,76,83,84,89,94" /><INIT seed="2,2,0,0,4,90" ten="224,237,302,237" oya="2" hai0="92,120,49,123,24,14,66,60,107,85,114,59,119" hai1="23,89,17,88,72,54,44,10,26,47,130,9,19" hai2="128,1,111,134,37,4,102,122,22,28,64,80,118" hai3="67,29,46,110,93,30,127,129,76,105,57,113,2"/><V53/><F118/><W125/><G105/><T39/><D107/><U20/><E72/><V68/><F122/><W121/><G121/><T58/><D39/><U135/><E135/><V6/><F37/><W81/><G113/><T104/><D104/><U8/><E130/><V79/><F128/><W52/><G129/><T7/><D24/><U124/><E124/><N who="3" m="47690" /><G110/><T108/><D108/><U11/><N who="1" m="2048" /><DORA hai="41" /><U126/><E126/><V132/><F111/><W36/><G2/><T74/><D7/><U50/><REACH who="1" step="1"/><E47/><REACH who="1" ten="224,227,302,237" step="2"/><V131/><F131/><W21/><G46/><T71/><D74/><U91/><E91/><V31/><F132/><W15/><G36/><T51/><D120/><U16/><E16/><V112/><F134/><W70/><G76/><T87/><D123/><U61/><E61/><V78/><F4/><W63/><G63/><T42/><D60/><U94/><E94/><V48/><F6/><W117/><G93/><T97/><D92/><U103/><E103/><V83/><F112/><W55/><G117/><T62/><D62/><U82/><E82/><V86/><F102/><W75/><G81/><T40/><D114/><U13/><AGARI ba="2,1" hai="13,17,19,20,23,26,44,50,54,88,89" m="2048" machi="13" ten="40,8000,1" yaku="1,1,0,1,8,1,52,1,54,1,53,0" doraHai="90,41" doraHaiUra="3,0" who="1" fromWho="1" sc="224,-22,227,96,302,-42,237,-22" /><INIT seed="3,0,0,5,4,91" ten="202,323,260,215" oya="3" hai0="108,70,96,56,115,32,49,54,124,38,16,27,52" hai1="99,104,135,31,67,127,59,118,51,1,79,123,101" hai2="17,80,58,106,2,109,76,121,5,57,62,103,23" hai3="73,7,102,126,26,9,3,46,114,10,61,119,112"/><W15/><G119/><T85/><D70/><U74/><E1/><V105/><F109/><W30/><G73/><T44/><D38/><U131/><E31/><V116/><F116/><W63/><G126/><T84/><D124/><U92/><E127/><V122/><F103/><W130/><G130/><T43/><D43/><U81/><E118/><V22/><F5/><W28/><G102/><T25/><D25/><U60/><E123/><N who="2" m="47115" /><F2/><W69/><G28/><T19/><D32/><U6/><E6/><V20/><F17/><N who="0" m="6730" /><D27/><U88/><E135/><V33/><F33/><W82/><G9/><T77/><D77/><U98/><REACH who="1" step="1"/><E51/><REACH who="1" ten="202,313,260,215" step="2"/><V93/><F62/><W97/><G3/><T18/><D108/><U68/><E68/><V4/><F4/><W65/><G61/><N who="0" m="35975" /><D18/><U64/><E64/><V55/><F20/><W24/><G65/><T132/><D132/><U11/><E11/><V48/><F22/><W45/><G10/><T95/><D115/><U110/><E110/><V21/><F23/><W37/><G69/><T111/><D111/><U71/><E71/><V89/><F21/><W66/><G66/><T75/><D75/><U90/><E90/><AGARI ba="0,1" hai="44,49,54,84,85,90,95,96" m="35975,6730" machi="90" ten="30,7700,0" yaku="8,1,52,1,54,2" doraHai="91" who="0" fromWho="1" sc="202,87,313,-77,260,0,215,0" /><INIT seed="4,0,0,0,5,110" ten="289,236,260,215" oya="0" hai0="71,92,43,59,105,112,70,90,123,111,76,104,45" hai1="62,42,106,128,53,47,55,51,78,84,118,44,122" hai2="30,88,129,125,134,98,107,49,67,29,27,135,77" hai3="87,100,23,131,101,18,130,26,5,11,31,14,20"/><T4/><D123/><U124/><E106/><V114/><F114/><W94/><G87/><T38/><D112/><U93/><E122/><V25/><F125/><W72/><G72/><T91/><D76/><U79/><E128/><N who="3" m="49194" /><G94/><T97/><D91/><U0/><E0/><AGARI ba="0,0" hai="0,5,11,14,18,20,23,26,31,100,101" m="49194" machi="0" ten="30,1000,0" yaku="19,1" doraHai="110" who="3" fromWho="1" sc="289,0,236,-10,260,0,215,10" /><INIT seed="5,0,0,0,1,78" ten="289,226,260,225" oya="1" hai0="88,108,84,106,36,11,1,73,113,41,68,25,49" hai1="46,59,94,90,100,101,5,72,14,92,26,9,95" hai2="116,62,105,75,44,83,131,10,82,55,93,22,37" hai3="13,15,6,2,70,110,103,60,64,27,12,57,23"/><U47/><E72/><V29/><F105/><W34/><G110/><T38/><D68/><U127/><E127/><V45/><F116/><W71/><G34/><T58/><D106/><U122/><E122/><V118/><F118/><W66/><G103/><T39/><D113/><U42/><E47/><N who="2" m="17995" /><F75/><W77/><G77/><T30/><D73/><U128/><E128/><V114/><F114/><W28/><G2/><T43/><D58/><U65/><E26/><N who="2" m="16599" /><F37/><W74/><G74/><T54/><D54/><U91/><E101/><V126/><F126/><W48/><G6/><T98/><D49/><U117/><E100/><V31/><F31/><W123/><G123/><T24/><D98/><U124/><E124/><V16/><F93/><W69/><REACH who="3" step="1"/><G48/><REACH who="3" ten="289,226,260,215" step="2"/><T107/><D108/><U81/><E117/><V129/><F129/><W51/><G51/><T87/><D38/><U19/><E5/><V40/><F131/><W109/><G109/><T80/><D39/><U79/><E46/><V132/><F132/><W3/><G3/><T0/><D0/><U104/><E104/><V67/><F67/><AGARI ba="0,1" hai="12,13,15,23,27,28,57,60,64,66,67,69,70,71" machi="67" ten="50,1600,0" yaku="1,1,53,0" doraHai="78" doraHaiUra="111" who="3" fromWho="2" sc="289,0,226,0,260,-16,215,26" /><INIT seed="6,0,0,0,5,49" ten="289,226,244,241" oya="2" hai0="81,110,14,44,106,102,32,101,135,15,125,91,120" hai1="36,115,48,131,16,17,37,82,35,98,51,128,103" hai2="89,71,83,104,116,127,61,2,26,62,84,124,33" hai3="45,85,72,132,29,77,76,66,94,59,21,133,88"/><V23/><F33/><W12/><G45/><T27/><D110/><U69/><E69/><V0/><F116/><W50/><G72/><T80/><D135/><N who="3" m="51785" /><G66/><T119/><D125/><N who="2" m="48202" /><F104/><W34/><G34/><T121/><D32/><U20/><E82/><V38/><F38/><N who="1" m="14953" /><E115/><V86/><F71/><W95/><G95/><T129/><D106/><U108/><E35/><V18/><F86/><W57/><G57/><T39/><D44/><U100/><E98/><V87/><F84/><W9/><G21/><T118/><D39/><U52/><E108/><V5/><F5/><N who="3" m="3119" /><G29/><T56/><D56/><N who="1" m="32799" /><E48/><V46/><F46/><W67/><G67/><T10/><D10/><U43/><E43/><V109/><F109/><W79/><G79/><T53/><D91/><U19/><E20/><V42/><F42/><W25/><G25/><T97/><D27/><U13/><E13/><V65/><F65/><W7/><G7/><T28/><D28/><U68/><E68/><V41/><F41/><W75/><G75/><T55/><D97/><U73/><E73/><V64/><F64/><W74/><G74/><T58/><REACH who="0" step="1"/><D58/><REACH who="0" ten="279,226,244,241" step="2"/><U78/><E78/><V22/><F23/><W31/><G31/><T107/><D107/><U1/><E103/><V60/><AGARI ba="0,1" hai="0,2,18,22,26,60,61,62,83,87,89" m="48202" machi="60" ten="30,1500,0" yaku="18,1" doraHai="49" who="2" fromWho="2" sc="279,-5,226,-5,244,25,241,-5" /><INIT seed="6,1,0,1,3,125" ten="274,221,269,236" oya="2" hai0="33,18,60,74,73,90,67,36,41,134,70,29,98" hai1="44,127,94,19,133,48,84,15,28,88,5,55,12" hai2="57,42,31,21,95,85,118,46,121,86,109,11,2" hai3="4,76,91,101,107,81,72,100,59,106,130,50,51"/><V35/><F118/><W110/><G110/><T49/><D18/><U105/><E105/><V39/><F109/><W3/><G91/><T96/><D90/><U131/><E127/><V132/><F121/><W135/><G135/><T61/><D61/><U56/><E133/><V53/><F132/><W71/><G71/><T26/><D49/><U63/><E131/><V40/><F40/><W75/><G130/><T24/><D24/><U8/><E28/><V80/><F35/><W129/><G129/><T108/><D108/><U64/><REACH who="1" step="1"/><E19/><REACH who="1" ten="274,211,269,236" step="2"/><V77/><F31/><W37/><G106/><T119/><D134/><U13/><AGARI ba="1,1" hai="5,8,12,13,15,44,48,55,56,63,64,84,88,94" machi="13" ten="20,12000,2" yaku="1,1,2,1,0,1,7,1,8,1,54,1,53,1" doraHai="125" doraHaiUra="45" who="1" fromWho="1" sc="274,-31,211,133,269,-61,236,-31" /><INIT seed="7,0,0,0,0,63" ten="243,344,208,205" oya="3" hai0="85,123,37,115,84,64,121,39,35,120,47,94,111" hai1="46,23,99,3,112,33,19,135,48,88,49,1,52" hai2="114,53,14,15,106,132,104,25,113,55,74,24,66" hai3="92,62,86,45,5,118,34,22,8,108,56,21,96"/><W31/><G118/><T65/><D35/><U16/><E33/><V4/><F4/><W77/><G108/><T91/><D111/><U122/><E122/><V69/><F69/><W83/><G45/><T57/><D57/><U90/><E112/><V54/><F74/><W68/><G68/><T38/><D115/><U128/><E128/><V82/><F82/><W87/><G87/><T109/><D109/><U129/><E135/><V70/><F70/><W131/><G131/><T107/><D107/><U130/><E99/><V133/><F54/><W72/><G72/><T89/><REACH who="0" step="1"/><D47/><REACH who="0" ten="233,344,208,205" step="2"/><U103/><E46/><V43/><REACH who="2" step="1"/><F43/><REACH who="2" ten="233,344,198,205" step="2"/><W119/><G119/><T10/><D10/><U13/><E130/><V30/><F30/><W9/><G9/><T41/><D41/><U20/><E129/><V32/><F32/><W27/><G8/><T36/><N who="0" m="9216" /><DORA hai="59" /><T50/><D50/><U95/><E49/><V98/><F98/><W117/><G117/><T60/><D60/><U79/><E48/><V80/><F80/><AGARI ba="0,2" hai="64,65,80,84,85,89,91,94,120,121,123" m="9216" machi="80" ten="70,8000,1" yaku="1,1,52,2,53,1" doraHai="63,59" doraHaiUra="76,6" who="0" fromWho="2" sc="233,100,344,0,198,-80,205,0" owari="333,13.3,344,44.4,118,-38.2,205,-19.5" /></mjloggm>