<mjloggm ver="2.3"><GO type="41" lobby="0"/><UN n0="%E3%82%8A%E3%81%9F%E3%81%A8%E3%82%93%32" n1="%E2%93%9D%4C%75%63%6B%79%4A" n2="%E7%B7%91%E8%99%8E" n3="%E4%BB%A3%E6%89%93%E3%82%BB%E3%82%B5%E3%83%AB" dan="14,18,15,14" rate="2041.09,2227.09,1969.45,1901.88" sx="M,M,M,M"/><TAIKYOKU oya="0"/><INIT seed="0,0,0,1,3,96" ten="250,250,250,250" oya="0" hai0="107,21,10,8,112,91,35,49,86,34,55,87,39" hai1="13,129,19,62,3,102,120,66,83,110,108,109,76" hai2="106,37,99,0,117,46,125,131,103,40,132,64,95" hai3="114,54,61,105,89,71,52,6,84,51,118,4,45"/><T78/><D39/><U67/><E120/><V97/><F125/><W31/><G114/><T93/><D107/><U33/><E3/><V75/><F131/><W72/><G72/><T101/><D112/><U9/><E33/><V29/><F132/><W41/><G118/><T65/><D65/><U77/><E129/><V128/><F128/><W56/><G31/><T124/><D124/><U88/><E67/><V11/><F117/><W98/><G71/><T43/><D43/><U5/><E5/><V63/><F75/><W92/><G105/><T94/><D21/><U113/><E102/><V26/><F11/><W24/><G24/><T17/><D17/><U48/><E48/><V22/><F0/><W38/><REACH who="3" step="1"/><G98/><REACH who="3" ten="250,250,250,240" step="2"/><N who="0" m="59599" /><D34/><U14/><E113/><V70/><F99/><W32/><G32/><T68/><D68/><N who="1" m="42071" /><E14/><V111/><REACH who="2" step="1"/><F106/><REACH who="2" ten="250,250,240,240" step="2"/><W115/><G115/><T15/><D35/><U7/><E110/><AGARI ba="0,2" hai="22,26,29,37,40,46,63,64,70,95,97,103,110,111" machi="110" ten="40,8000,1" yaku="1,1,2,1,52,1,53,2" doraHai="96" doraHaiUra="121" who="2" fromWho="1" sc="250,0,250,-80,240,100,240,0" /><INIT seed="1,0,0,0,2,80" ten="250,170,340,240" oya="1" hai0="107,62,106,24,22,30,55,49,8,126,65,50,76" hai1="117,40,10,61,64,6,4,32,109,90,101,113,11" hai2="114,97,132,28,111,57,72,53,81,78,123,38,27" hai3="44,105,59,128,119,130,118,58,15,95,70,77,133"/><U20/><E113/><V33/><F123/><W124/><G105/><T12/><D126/><U83/><E117/><N who="3" m="44554" /><G77/><T0/><D0/><U79/><E32/><V1/><F114/><W36/><G95/><T21/><D76/><U66/><E109/><V108/><F132/><W31/><G31/><T29/><D50/><U37/><E101/><V96/><F1/><W131/><G15/><T135/><D135/><U86/><E37/><V87/><F38/><W69/><G133/><T18/><D29/><U84/><E40/><V91/><F108/><W25/><G25/><T110/><D110/><U26/><E11/><V19/><F19/><W115/><G115/><T73/><D73/><U103/><E103/><V3/><F3/><W17/><G17/><T102/><D21/><U122/><E122/><V85/><F72/><W75/><G75/><T92/><D49/><U23/><E61/><V82/><F111/><W14/><G14/><T63/><D55/><U134/><E134/><V125/><F125/><W54/><G124/><T99/><REACH who="0" step="1"/><D63/><AGARI ba="0,0" hai="27,28,33,53,57,63,78,81,82,85,87,91,96,97" machi="63" ten="30,3900,0" yaku="7,1,52,2" doraHai="80" who="2" fromWho="0" sc="250,-39,170,0,340,39,240,0" /><INIT seed="2,0,0,4,5,72" ten="211,170,379,240" oya="2" hai0="52,112,68,77,29,36,102,114,43,78,45,99,92" hai1="54,26,2,6,65,63,4,119,105,35,18,85,109" hai2="13,3,34,51,111,89,103,98,0,48,94,57,55" hai3="25,74,24,37,46,5,75,47,59,107,123,11,42"/><V9/><F34/><W73/><G123/><T131/><D68/><U66/><E105/><V17/><F111/><W16/><G107/><T134/><D131/><U14/><E109/><V97/><REACH who="2" step="1"/><F51/><REACH who="2" ten="211,170,369,240" step="2"/><W118/><G118/><T95/><D112/><U71/><E35/><V27/><F27/><W31/><G25/><T96/><D114/><U20/><E26/><V91/><F91/><W76/><G47/><T83/><D29/><U129/><E119/><V41/><F41/><W100/><G100/><T1/><D36/><U93/><E129/><V106/><AGARI ba="0,1" hai="0,3,9,13,17,48,55,57,89,94,97,98,103,106" machi="106" ten="20,3900,0" yaku="1,1,0,1,7,1,53,0" doraHai="72" doraHaiUra="104" who="2" fromWho="2" sc="211,-13,170,-13,369,49,240,-13" /><INIT seed="2,1,0,5,4,129" ten="198,157,418,227" oya="2" hai0="127,86,125,17,33,31,98,97,39,42,83,64,22" hai1="40,73,99,3,128,79,49,122,19,51,124,20,27" hai2="47,62,28,90,114,82,48,77,23,1,121,85,35" hai3="58,95,93,26,87,135,29,63,55,72,92,14,76"/><V118/><F118/><W130/><G130/><T132/><D64/><U112/><E112/><V89/><F114/><W94/><G72/><T32/><D39/><U7/><E128/><V2/><F121/><W57/><G135/><T91/><D42/><U54/><E124/><V18/><F35/><W13/><G58/><T16/><D31/><U46/><E122/><V5/><F28/><W45/><G45/><T88/><D22/><U84/><E73/><V68/><F5/><W75/><G75/><T81/><D86/><U120/><E3/><V10/><F10/><W106/><G106/><T65/><D65/><U38/><E7/><V96/><F68/><W70/><G70/><T50/><D50/><U74/><E74/><V67/><F1/><W71/><G71/><T104/><D104/><U60/><E99/><V25/><F2/><W109/><G109/><T80/><D80/><N who="1" m="47135" /><E38/><V21/><F21/><W61/><G61/><T43/><D43/><U24/><E60/><V123/><F123/><W66/><G66/><T119/><D119/><U126/><E126/><V134/><F134/><AGARI ba="1,0" hai="16,17,32,33,81,83,88,91,97,98,125,127,132,134" machi="134" ten="25,12000,2" yaku="22,2,52,2,54,2" doraHai="129" who="0" fromWho="2" sc="198,123,157,0,418,-123,227,0" /><INIT seed="3,0,0,2,2,44" ten="321,157,295,227" oya="3" hai0="79,84,127,48,11,115,106,109,46,52,26,70,50" hai1="3,58,43,100,51,94,78,112,47,120,57,118,22" hai2="135,82,37,110,107,9,91,86,49,35,7,34,129" hai3="17,12,69,10,42,39,38,132,65,28,6,130,15"/><W4/><G130/><T111/><D106/><U33/><E33/><V53/><F37/><W83/><G132/><T62/><D127/><U19/><E3/><V96/><F135/><W60/><G42/><T23/><D11/><U92/><E112/><V87/><F129/><W59/><G28/><T61/><D115/><U36/><E120/><V104/><F110/><N who="0" m="41994" /><D70/><U64/><E78/><V21/><F21/><W101/><G101/><T134/><D134/><U85/><E118/><V123/><F123/><W98/><G98/><T105/><D105/><U14/><E36/><V74/><F74/><W116/><G116/><T93/><D93/><U41/><E43/><V27/><F27/><W45/><G45/><N who="0" m="27663" /><D84/><U16/><E64/><V1/><F104/><W103/><G103/><T67/><D79/><U108/><E108/><V72/><F72/><W75/><G69/><T122/><D67/><U121/><E121/><V54/><F87/><W13/><G4/><T89/><D89/><N who="1" m="53551" /><E19/><V24/><F107/><W88/><G6/><T97/><D97/><AGARI ba="0,0" hai="14,16,22,41,47,51,57,58,92,97,100" m="53551" machi="97" ten="30,3900,0" yaku="8,1,52,1,54,1" doraHai="44" who="1" fromWho="0" sc="321,-39,157,39,295,0,227,0" /><INIT seed="4,0,0,4,5,78" ten="282,196,295,227" oya="0" hai0="1,121,21,86,65,5,120,62,133,123,8,33,14" hai1="76,104,4,26,109,127,7,35,42,57,31,47,80" hai2="129,24,101,41,10,107,108,56,70,3,71,134,13" hai3="55,39,48,100,6,135,18,125,115,50,94,37,79"/><T25/><D133/><U19/><E109/><V36/><F108/><W102/><G135/><T114/><D114/><U20/><E104/><V11/><F134/><W116/><G115/><T75/><D75/><U103/><E103/><V93/><F107/><W81/><G116/><T130/><D130/><U97/><E97/><V68/><F129/><W27/><G125/><T122/><N who="0" m="30720" /><DORA hai="16" /><T73/><D73/><U29/><E57/><V15/><F3/><W74/><G6/><T87/><D33/><U0/><E127/><V64/><F36/><W83/><G48/><T88/><D1/><U61/><E61/><V90/><F41/><W30/><G18/><T54/><D54/><U12/><E31/><V128/><F128/><W105/><G94/><T112/><D88/><U89/><E89/><V63/><F101/><W60/><G60/><T110/><D112/><U72/><REACH who="1" step="1"/><E0/><REACH who="1" ten="282,186,295,227" step="2"/><V113/><F113/><W111/><G111/><T98/><D98/><U96/><E96/><V51/><F71/><W95/><G105/><T117/><D110/><U43/><E43/><V82/><F68/><W77/><G102/><T38/><D117/><U32/><E32/><V84/><F70/><W126/><G126/><T58/><REACH who="0" step="1"/><D38/><AGARI ba="0,1" hai="4,7,12,19,20,26,29,35,38,42,47,72,76,80" machi="38" ten="30,7700,0" yaku="1,1,7,1,52,2,53,0" doraHai="78,16" doraHaiUra="45,66" who="1" fromWho="0" sc="282,-77,186,87,295,0,227,0" /><INIT seed="5,0,0,0,0,37" ten="205,273,295,227" oya="1" hai0="62,34,128,77,56,43,40,63,57,16,50,120,69" hai1="86,49,2,18,76,32,22,131,97,135,39,81,6" hai2="28,115,106,31,116,17,13,132,68,91,80,51,52" hai3="59,1,60,67,107,79,75,66,121,73,125,88,95"/><U5/><E39/><V72/><F116/><W36/><G121/><T3/><D34/><U84/><E32/><V29/><F132/><W7/><G107/><T74/><D3/><U113/><E135/><V12/><F68/><W0/><G125/><T64/><D120/><U90/><E131/><V129/><F129/><W44/><G67/><T83/><D128/><U82/><E113/><V23/><F106/><W101/><G101/><T110/><D110/><U4/><E2/><V38/><F38/><W58/><G58/><T112/><D112/><U117/><E117/><V92/><F115/><W42/><G79/><T119/><D119/><U100/><E49/><V85/><F72/><W98/><REACH who="3" step="1"/><G0/><REACH who="3" ten="205,273,295,217" step="2"/><T102/><D102/><U89/><E76/><V99/><F13/><W103/><G103/><T26/><D69/><U133/><E133/><V111/><F111/><W114/><G114/><T27/><D64/><U54/><E54/><V70/><F70/><W11/><AGARI ba="0,1" hai="1,7,11,36,42,44,59,60,66,73,75,88,95,98" machi="11" ten="30,8000,1" yaku="1,1,0,1,52,1,54,1,53,1" doraHai="37" doraHaiUra="55" who="3" fromWho="3" sc="205,-20,273,-40,295,-20,217,90" /><INIT seed="6,0,0,1,5,89" ten="185,233,275,307" oya="2" hai0="110,69,112,26,108,105,17,96,22,129,120,10,9" hai1="123,38,128,66,73,31,18,113,130,19,98,60,32" hai2="107,72,92,68,28,86,4,103,35,80,115,93,88" hai3="20,50,126,116,114,111,75,61,109,83,2,124,76"/><V117/><F68/><W37/><G2/><T24/><D69/><U87/><E73/><V65/><F65/><W125/><G37/><T41/><D120/><U119/><E119/><V95/><F4/><W45/><G116/><T94/><D112/><U62/><E38/><V78/><F35/><W70/><G114/><T1/><D41/><U133/><E87/><V121/><F117/><W0/><G0/><T13/><D105/><U106/><E62/><V34/><F121/><W135/><G135/><T127/><D129/><N who="1" m="49771" /><E133/><V79/><F115/><W30/><G30/><T36/><D36/><U90/><E90/><V100/><F28/><W27/><G61/><T44/><D44/><U8/><E8/><V48/><F48/><W47/><G47/><T40/><D40/><U131/><N who="1" m="49779" /><U7/><DORA hai="39" /><E7/><V58/><F58/><W122/><G70/><T42/><D42/><U56/><E123/><V52/><F52/><N who="3" m="29775" /><G122/><T5/><D127/><U91/><E113/><V12/><F34/><W81/><G81/><T53/><D53/><U132/><E132/><V25/><F25/><W99/><G99/><T29/><REACH who="0" step="1"/><D26/><REACH who="0" ten="175,233,275,307" step="2"/><N who="1" m="18551" /><E106/><V49/><F107/><W43/><G43/><T55/><D55/><U11/><E66/><V46/><F46/><W21/><G27/><T6/><D6/><U14/><E56/><V16/><F49/><W118/><G118/><T104/><D104/><U64/><E64/><V67/><F67/><W15/><G126/><T54/><D54/><U77/><E60/><V33/><F33/><W59/><G59/><T82/><D82/><U97/><E98/><RYUUKYOKU ba="0,1" sc="175,30,233,-10,275,-10,307,-10" hai0="1,5,9,10,13,17,22,24,29,94,96,108,110" /><INIT seed="7,1,1,0,5,51" ten="205,223,265,297" oya="3" hai0="101,47,63,24,124,99,131,85,11,34,42,65,30" hai1="19,17,7,93,128,44,107,112,81,133,45,32,80" hai2="129,96,83,8,48,73,109,98,52,108,121,132,68" hai3="103,120,35,26,20,5,104,53,100,74,15,43,55"/><W67/><G120/><T3/><D124/><U106/><E7/><V46/><F121/><W119/><G119/><T28/><D28/><U14/><E93/><V49/><F68/><W89/><G74/><T116/><D116/><U37/><E37/><V0/><F129/><W125/><G125/><T33/><D85/><U122/><E32/><V39/><F132/><W94/><G35/><T70/><D131/><U50/><E128/><V102/><F98/><N who="3" m="57679" /><G67/><T127/><D127/><U118/><E112/><V41/><F49/><W88/><G43/><T78/><D78/><U66/><E66/><V31/><F31/><N who="3" m="17863" /><G88/><T13/><D33/><U79/><E79/><V59/><F83/><W134/><G104/><N who="0" m="63551" /><D13/><U69/><E14/><V110/><F73/><W40/><G40/><T114/><D11/><U90/><E122/><V27/><F27/><W91/><G91/><T57/><D114/><U84/><E90/><V23/><F23/><W16/><G5/><T6/><D6/><U77/><E118/><V111/><F111/><W56/><G53/><T87/><D87/><U60/><E84/><V72/><F72/><W92/><G92/><T75/><D75/><U36/><E77/><V97/><REACH who="2" step="1"/><F102/><REACH who="2" ten="205,223,255,297" step="2"/><W38/><G38/><N who="0" m="21975" /><D3/><U64/><E36/><V82/><F82/><W4/><G134/><T115/><D115/><U54/><E133/><V22/><F22/><N who="3" m="11551" /><G4/><AGARI ba="1,2" hai="0,4,8,39,41,46,48,52,59,96,97,108,109,110" machi="4" ten="40,8000,1" yaku="1,1,52,1,54,1,53,1" doraHai="51" doraHaiUra="71" who="2" fromWho="3" sc="205,0,223,0,255,103,297,-83" owari="205,-29.5,223,2.3,358,45.8,214,-18.6" /></mjloggm>