<mjloggm ver="2.3"><GO type="137" lobby="0"/><UN n0="%E6%96%B0%E5%87%A1%E4%BA%BA" n1="%E2%93%9D%4C%75%63%6B%79%4A" n2="%41%6B%61" n3="%E5%8B%98%E5%BC%81%E3%81%97%E3%81%A6%E3%82%88" dan="14,12,13,12" rate="1766.06,1815.54,1800.72,1819.30" sx="M,M,M,M"/><TAIKYOKU oya="0"/><INIT seed="0,0,0,1,4,53" ten="250,250,250,250" oya="0" hai0="111,30,100,87,65,58,119,33,22,18,123,106,135" hai1="72,42,95,47,55,67,37,8,50,70,103,16,130" hai2="88,86,76,28,97,116,82,5,66,56,43,24,13" hai3="44,49,124,73,39,91,59,125,102,84,26,31,98"/><T10/><D119/><U110/><E72/><V64/><F116/><W89/><G39/><T45/><D123/><U52/><E110/><V101/><F43/><W113/><G73/><T120/><D120/><U1/><E130/><V60/><F76/><W21/><G113/><T41/><D135/><U71/><E1/><V2/><F2/><W35/><G35/><T132/><D132/><U94/><E55/><V126/><F126/><W63/><G49/><T80/><D30/><U15/><E103/><V32/><F5/><W129/><G129/><T78/><D33/><U131/><E131/><V74/><F13/><W3/><G44/><T36/><D10/><U11/><E11/><V54/><REACH who="2" step="1"/><F74/><REACH who="2" ten="250,250,240,250" step="2"/><W127/><G3/><T12/><D111/><U117/><E117/><V27/><F27/><W83/><G89/><T77/><D77/><U133/><E133/><V104/><AGARI ba="0,1" hai="24,28,32,54,56,60,64,66,82,86,88,97,101,104" machi="104" ten="20,8000,1" yaku="1,1,0,1,7,1,52,1,54,1,53,0" doraHai="53" doraHaiUra="118" who="2" fromWho="2" sc="250,-40,250,-20,240,90,250,-20" /><INIT seed="1,0,0,2,1,88" ten="210,230,330,230" oya="1" hai0="41,123,49,85,23,35,70,94,132,4,74,69,17" hai1="9,87,126,39,91,81,129,124,47,110,62,22,75" hai2="98,121,115,48,112,40,128,19,106,12,3,18,107" hai3="90,42,119,32,78,67,100,21,120,26,134,117,54"/><U89/><E22/><V82/><F3/><W34/><G120/><T102/><D74/><U1/><E62/><V59/><F121/><W15/><G78/><T10/><D35/><U45/><E129/><V127/><F128/><W65/><G134/><T55/><D41/><U63/><E63/><V53/><F40/><W33/><G15/><T36/><D36/><U44/><E75/><V104/><F127/><N who="1" m="48681" /><E110/><V95/><F82/><W13/><G13/><T113/><D113/><N who="2" m="43594" /><F12/><W58/><G42/><T80/><D10/><U29/><E29/><V109/><F109/><W103/><G90/><AGARI ba="0,0" hai="18,19,48,53,59,90,95,98,104,106,107" m="43594" machi="90" ten="40,2600,0" yaku="11,1,52,1" doraHai="88" who="2" fromWho="3" sc="210,0,230,0,330,26,230,-26" /><INIT seed="2,0,0,1,2,131" ten="210,230,356,204" oya="2" hai0="5,57,124,86,45,71,80,83,29,84,74,52,88" hai1="73,101,127,59,15,108,19,7,114,96,115,97,66" hai2="135,68,133,13,87,43,99,64,20,30,72,76,44" hai3="11,81,117,35,122,85,1,132,93,116,22,95,54"/><V67/><F72/><W25/><G122/><T24/><D124/><U37/><E37/><V128/><F128/><W14/><G35/><T126/><D126/><U2/><E127/><V112/><F112/><W123/><G1/><T91/><D71/><U94/><E73/><V34/><F34/><W38/><G38/><T82/><D74/><U10/><E108/><V21/><F99/><W98/><G123/><T49/><D5/><U18/><E19/><V63/><F64/><W125/><G125/><T53/><D53/><U51/><E97/><V79/><F21/><W3/><G3/><T55/><D55/><U90/><E101/><V77/><F87/><W107/><G107/><T32/><REACH who="0" step="1"/><D82/><REACH who="0" ten="200,230,356,204" step="2"/><U92/><E7/><V118/><F118/><W61/><G54/><T36/><D36/><U60/><E2/><V28/><F28/><W40/><G117/><T56/><AGARI ba="0,1" hai="24,29,32,45,49,52,56,57,80,83,84,86,88,91" machi="56" ten="30,12000,2" yaku="1,1,0,1,9,1,54,2,53,1" doraHai="131" doraHaiUra="47" who="0" fromWho="0" sc="200,130,230,-30,356,-60,204,-30" /><INIT seed="3,0,0,1,4,124" ten="330,200,296,174" oya="3" hai0="134,115,9,4,35,25,94,103,126,8,16,47,117" hai1="98,14,44,109,128,96,41,129,27,20,28,6,133" hai2="108,10,55,76,1,71,46,99,49,100,101,70,53" hai3="83,29,56,79,51,59,12,0,106,118,74,120,67"/><W104/><G118/><T64/><D117/><U17/><E6/><V36/><F36/><W81/><G120/><T24/><D64/><U88/><E133/><V30/><F108/><W122/><G0/><T95/><D126/><U105/><E109/><V80/><F30/><W15/><G122/><T89/><D47/><U130/><E105/><V87/><F55/><W116/><G116/><T92/><D134/><U125/><E125/><V19/><F101/><W37/><G37/><T84/><D35/><N who="1" m="20895" /><E88/><V66/><F66/><W91/><G29/><T2/><D115/><U123/><E123/><V26/><F1/><W131/><G91/><T5/><D103/><U48/><AGARI ba="0,0" hai="14,17,20,41,44,48,96,98,128,129,130" m="20895" machi="48" ten="30,7900,0" yaku="19,1,52,3" doraHai="124" who="1" fromWho="1" sc="330,-20,200,79,296,-20,174,-39" /><INIT seed="4,0,0,4,3,110" ten="310,279,276,135" oya="0" hai0="18,38,25,77,96,22,107,89,63,49,28,55,53" hai1="114,128,82,58,94,2,13,21,100,86,106,6,79" hai2="125,59,123,32,111,40,4,98,12,116,135,23,34" hai3="131,109,66,121,73,3,15,46,37,11,35,43,52"/><T45/><D38/><U93/><E2/><V67/><F116/><W5/><G109/><T84/><D77/><U48/><E128/><V75/><F111/><W9/><G131/><T56/><D107/><U65/><E106/><V50/><F75/><W118/><G121/><T90/><D96/><U103/><E65/><V14/><F123/><W91/><G73/><T44/><D44/><U81/><E6/><V20/><F40/><W76/><G76/><T72/><D72/><U127/><E127/><V36/><F36/><W57/><G66/><T80/><REACH who="0" step="1"/><D90/><REACH who="0" ten="300,279,276,135" step="2"/><U112/><E79/><V87/><F87/><W16/><G91/><T115/><D115/><N who="1" m="44075" /><E86/><V117/><F98/><W119/><REACH who="3" step="1"/><G35/><REACH who="3" ten="300,279,276,125" step="2"/><T78/><D78/><U97/><E97/><V88/><F34/><W70/><G70/><T39/><D39/><U124/><E103/><V102/><F102/><W42/><G42/><T7/><D7/><U33/><E100/><V10/><F32/><W31/><G31/><AGARI ba="0,2" hai="18,22,25,28,31,45,49,53,55,56,63,80,84,89" machi="31" ten="40,12000,1" yaku="1,1,8,1,53,2" doraHai="110" doraHaiUra="26" who="0" fromWho="3" sc="300,140,279,0,276,0,125,-120" /><INIT seed="4,1,0,3,0,110" ten="440,279,276,5" oya="0" hai0="89,62,84,24,121,73,75,53,56,19,9,130,108" hai1="71,94,135,112,100,33,8,41,38,66,91,31,22" hai2="125,39,126,134,3,102,6,119,82,115,50,17,51" hai3="14,57,32,90,49,96,60,107,103,80,59,69,30"/><T113/><D121/><U97/><E33/><V70/><F39/><W13/><G49/><T81/><D113/><U44/><E135/><V40/><F115/><W26/><G80/><T20/><D130/><U79/><E79/><V74/><F70/><W133/><G133/><T21/><D108/><U0/><E31/><V78/><F119/><W122/><G122/><T29/><D9/><U120/><E22/><V12/><F134/><W92/><G59/><T15/><AGARI ba="1,0" hai="15,19,20,21,24,29,53,56,62,73,75,81,84,89" machi="15" ten="20,2100,0" yaku="0,1,7,1" doraHai="110" who="0" fromWho="0" sc="440,24,279,-8,276,-8,5,-8" owari="464,56.4,271,7.1,268,-13.2,-3,-50.3" /></mjloggm>