<mjloggm ver="2.3"><GO type="41" lobby="0"/><UN n0="%57%69%6C%64%4A%61%63%6B" n1="%6B%65%79%33%5F%44" n2="%E2%93%9D%4C%75%63%6B%79%4A" n3="%36%31%36%34" dan="15,15,17,15" rate="2112.12,2022.47,2134.60,1987.00" sx="M,M,M,M"/><TAIKYOKU oya="0"/><INIT seed="0,0,0,5,2,91" ten="250,250,250,250" oya="0" hai0="113,15,27,49,52,108,79,34,50,132,24,65,44" hai1="66,45,83,20,81,59,55,85,116,64,96,99,6" hai2="124,3,127,129,21,67,100,22,40,84,89,56,123" hai3="9,70,63,19,103,4,88,39,14,80,135,35,48"/><T26/><D113/><U131/><E116/><V109/><F123/><W61/><G39/><T58/><D132/><U104/><E131/><V46/><F100/><W23/><G35/><T10/><D34/><U101/><E6/><V54/><F67/><W68/><G135/><T12/><D108/><U114/><E114/><V105/><F105/><W57/><G103/><T134/><D134/><U74/><E96/><V112/><F3/><W125/><G125/><N who="2" m="48201" /><F109/><W110/><G110/><T121/><D121/><U43/><E74/><V97/><F97/><W32/><G32/><T111/><D111/><U16/><E81/><N who="2" m="49295" /><F129/><W29/><G29/><T73/><D10/><U33/><E33/><V31/><F31/><W76/><G70/><T98/><D73/><U94/><E104/><V47/><F47/><W11/><G68/><T86/><D98/><U120/><E120/><V119/><F119/><W69/><G69/><T37/><D37/><U87/><E87/><V90/><F90/><W128/><G128/><T106/><D106/><U28/><E28/><V18/><F18/><W1/><G11/><T71/><D71/><U77/><E45/><V92/><F92/><W5/><G5/><T78/><D65/><U51/><REACH who="1" step="1"/><E43/><REACH who="1" ten="250,240,250,250" step="2"/><V38/><F112/><W30/><G30/><T122/><D122/><U95/><E95/><V53/><F54/><W8/><G4/><T42/><REACH who="0" step="1"/><D86/><REACH who="0" ten="240,240,250,250" step="2"/><U36/><E36/><V0/><F38/><W107/><G107/><T115/><D115/><U126/><E126/><V118/><F118/><W13/><G1/><T72/><D72/><U17/><E17/><RYUUKYOKU ba="0,2" sc="240,15,240,15,250,-15,250,-15" hai0="12,15,24,26,27,42,44,49,50,52,58,78,79" hai1="16,20,51,55,59,64,66,77,83,85,94,99,101" /><INIT seed="0,1,2,5,2,126" ten="255,255,235,235" oya="0" hai0="4,107,62,64,19,113,67,77,119,103,24,18,131" hai1="120,86,127,50,92,55,44,37,58,87,35,123,90" hai2="31,25,122,63,6,99,13,60,57,42,27,66,108" hai3="133,102,45,9,5,130,82,8,109,114,116,105,1"/><T48/><D113/><U54/><E127/><V51/><F122/><W39/><G114/><T41/><D119/><U101/><E35/><V69/><F108/><W104/><G116/><T22/><D4/><U132/><E132/><V89/><F42/><W88/><G109/><T76/><D131/><U49/><E37/><V83/><F51/><W118/><G118/><T80/><D64/><U98/><REACH who="1" step="1"/><E86/><REACH who="1" ten="255,245,235,235" step="2"/><V23/><F31/><W34/><G133/><T71/><D77/><U10/><E10/><V33/><F33/><W93/><G9/><T134/><D134/><U36/><E36/><V21/><F23/><W95/><G34/><T15/><D107/><AGARI ba="1,3" hai="44,49,50,54,55,58,87,90,92,98,101,107,120,123" machi="107" ten="30,2000,0" yaku="1,1,7,1,53,0" doraHai="126" doraHaiUra="29" who="1" fromWho="0" sc="255,-23,245,53,235,0,235,0" /><INIT seed="1,0,0,3,3,29" ten="232,298,235,235" oya="1" hai0="52,39,135,81,69,38,5,94,28,85,50,19,124" hai1="130,114,67,123,16,127,115,44,36,0,41,43,93" hai2="96,53,7,3,116,6,4,88,97,128,90,86,12" hai3="112,109,66,27,110,32,134,120,1,48,20,9,75"/><U71/><E0/><V73/><F3/><W18/><G75/><T23/><D69/><U129/><E93/><V74/><F116/><W46/><G112/><N who="1" m="43050" /><E16/><V68/><F68/><W60/><G120/><T15/><D135/><U35/><E43/><V102/><F128/><N who="1" m="49257" /><E35/><V47/><F12/><W14/><G134/><T98/><D124/><U63/><E127/><V108/><F102/><W119/><G119/><T62/><D5/><U89/><E89/><V65/><F7/><W118/><G118/><T34/><D62/><U125/><E125/><V78/><F6/><W54/><G1/><T121/><D121/><AGARI ba="0,0" hai="36,41,44,63,67,71,121,123" m="49257,43050" machi="121" ten="30,11600,0" yaku="19,1,23,1,34,2" doraHai="29" who="1" fromWho="0" sc="232,-116,298,116,235,0,235,0" /><INIT seed="1,1,0,1,4,33" ten="116,414,235,235" oya="1" hai0="129,64,80,31,86,100,38,30,95,88,71,12,11" hai1="29,57,55,26,15,90,76,60,45,4,48,50,118" hai2="28,132,83,47,73,72,133,104,78,37,123,10,89" hai3="62,27,52,79,35,41,9,66,34,122,121,2,111"/><U131/><E131/><V87/><F28/><W16/><G111/><T17/><D38/><U19/><E118/><V77/><F10/><W63/><G79/><N who="2" m="30217" /><F47/><W127/><G41/><T113/><D113/><U107/><E107/><V1/><F37/><W61/><G127/><T74/><D129/><U14/><E76/><V3/><F104/><W96/><G66/><T116/><D116/><U25/><E90/><V98/><F98/><W112/><G112/><T53/><D74/><N who="2" m="28778" /><F123/><W8/><G96/><N who="0" m="59423" /><D71/><U99/><E99/><V97/><F97/><W24/><G52/><T59/><D64/><U128/><E128/><V7/><F7/><W5/><G122/><T44/><D59/><U65/><E50/><AGARI ba="1,0" hai="11,12,17,30,31,44,50,53,80,86,88" m="59423" machi="50" ten="30,3900,0" yaku="25,1,8,1,54,1" doraHai="33" who="0" fromWho="1" sc="116,42,414,-42,235,0,235,0" /><INIT seed="2,0,0,4,3,13" ten="158,372,235,235" oya="2" hai0="31,56,22,77,132,95,42,84,57,65,34,131,86" hai1="80,9,96,17,47,40,5,82,81,118,114,64,50" hai2="37,111,32,24,14,73,92,108,11,124,63,59,134" hai3="102,49,120,29,122,72,93,88,0,83,58,6,23"/><V18/><F73/><W26/><G0/><T128/><D34/><U90/><E114/><V66/><F37/><W121/><G6/><T71/><D71/><U15/><E118/><V99/><F124/><W127/><G127/><T135/><D42/><U60/><E96/><V10/><F134/><N who="0" m="51242" /><D95/><U97/><E97/><V53/><F11/><W78/><G102/><T3/><D3/><U41/><E41/><V123/><F123/><W61/><G49/><T119/><D77/><U125/><E125/><V89/><F32/><W46/><G46/><T21/><D31/><U91/><REACH who="1" step="1"/><E5/><REACH who="1" ten="158,362,235,235" step="2"/><V87/><F24/><W100/><G100/><T54/><D119/><U12/><E12/><V105/><F105/><W103/><G103/><T98/><D98/><U8/><E8/><V85/><REACH who="2" step="1"/><F66/><REACH who="2" ten="158,362,225,235" step="2"/><W4/><G4/><T19/><D65/><U74/><E74/><V109/><AGARI ba="0,2" hai="10,14,18,53,59,63,85,87,89,92,99,108,109,111" machi="109" ten="30,18000,2" yaku="1,1,2,1,0,1,14,1,10,1,52,1,53,1" doraHai="13" doraHaiUra="7" who="2" fromWho="2" sc="158,-60,362,-60,225,200,235,-60" /><INIT seed="2,1,0,3,2,9" ten="98,302,425,175" oya="2" hai0="53,63,78,14,133,62,54,37,85,132,98,5,81" hai1="6,66,0,121,7,50,25,38,57,77,48,91,56" hai2="119,4,104,42,58,12,23,82,109,36,130,27,74" hai3="100,107,11,49,64,65,60,20,67,75,101,120,17"/><V79/><F119/><W105/><G120/><T52/><D37/><U3/><E38/><V122/><F122/><W87/><G75/><T131/><D98/><U108/><E77/><V33/><F130/><W83/><G11/><N who="0" m="4463" /><D131/><U95/><E108/><V114/><F114/><W93/><G60/><T110/><D110/><U106/><E106/><V69/><F69/><W118/><G118/><T94/><D94/><U45/><E0/><V47/><F109/><W90/><G49/><T127/><D127/><U116/><E3/><V123/><F123/><W61/><G107/><T68/><D68/><U19/><E50/><V70/><F70/><W96/><G61/><T71/><D71/><U112/><E112/><V10/><F104/><W40/><G40/><T24/><D24/><U76/><E66/><V113/><F113/><W55/><G55/><N who="0" m="14083" /><T103/><DORA hai="84" /><D103/><U46/><E25/><V129/><F129/><W16/><G17/><T22/><D22/><U73/><E19/><V86/><F23/><W8/><G105/><T135/><AGARI ba="1,0" hai="62,63,78,81,85,132,133,135" m="14083,4463" machi="135" ten="40,5200,0" yaku="20,1,52,1,54,1" doraHai="9,84" who="0" fromWho="0" sc="98,55,302,-14,425,-27,175,-14" /><INIT seed="3,0,0,5,4,96" ten="153,288,398,161" oya="3" hai0="42,36,49,63,60,79,66,83,100,29,111,105,78" hai1="41,125,9,124,43,2,110,71,108,61,10,33,90" hai2="57,70,15,134,0,103,92,129,101,89,118,69,37" hai3="98,24,11,62,81,85,5,127,26,17,115,6,56"/><W133/><G115/><T97/><D111/><N who="1" m="42539" /><E90/><V80/><F0/><W99/><G127/><N who="1" m="48714" /><E33/><V12/><F37/><W117/><G117/><T95/><D36/><U52/><E2/><V119/><F57/><W46/><G133/><T102/><D29/><U73/><E73/><V13/><F134/><W82/><G46/><N who="0" m="25815" /><D105/><U106/><E106/><V88/><F80/><W40/><G40/><N who="1" m="15434" /><E71/><N who="2" m="27147" /><F92/><W34/><G34/><T19/><D83/><U114/><E114/><V51/><F51/><W120/><G120/><T54/><D19/><U84/><E84/><V39/><F39/><W126/><G126/><T58/><D79/><U31/><E31/><V8/><F8/><W4/><G11/><T72/><D78/><U22/><E22/><V68/><F68/><W1/><G1/><T14/><D14/><U23/><E23/><V77/><F77/><N who="3" m="46255" /><G82/><T50/><D72/><U30/><E30/><V67/><F119/><W28/><G28/><T59/><D63/><U64/><E64/><V104/><F67/><N who="3" m="39367" /><G17/><T87/><D87/><U45/><E61/><V7/><F118/><W116/><G116/><T44/><D44/><U65/><E65/><V131/><F104/><W21/><G21/><T130/><D100/><N who="2" m="38474" /><F7/><W122/><G122/><T128/><D66/><U48/><AGARI ba="0,0" hai="9,10,45,48,52" m="15434,48714,42539" machi="48" ten="40,5200,0" yaku="14,1,18,1,54,1" doraHai="96" who="1" fromWho="1" sc="153,-13,288,52,398,-13,161,-26" /><INIT seed="4,0,0,4,1,100" ten="140,340,385,135" oya="0" hai0="47,65,62,39,72,20,11,16,37,121,30,96,113" hai1="102,98,85,51,21,53,42,75,15,114,27,25,107" hai2="24,9,130,58,1,131,84,34,54,71,3,103,99" hai3="108,5,82,117,49,14,122,90,10,13,89,23,50"/><T63/><D72/><U129/><E75/><V33/><F84/><W110/><G122/><T111/><D121/><U77/><E129/><N who="2" m="49163" /><F71/><W55/><G117/><T116/><D116/><U40/><E114/><V79/><F79/><W35/><G35/><N who="2" m="13321" /><F9/><W124/><G124/><T97/><D113/><U61/><E61/><N who="2" m="36055" /><F24/><W38/><G38/><T8/><D111/><U93/><E15/><V67/><F67/><W135/><G135/><T86/><D30/><U125/><E125/><V78/><F78/><W48/><G110/><T126/><D126/><U87/><E27/><V76/><F76/><W80/><G108/><T123/><D123/><U7/><E7/><V4/><F4/><W32/><G32/><T29/><D29/><U19/><E85/><V0/><F3/><W120/><G120/><T46/><D86/><U92/><E93/><AGARI ba="0,0" hai="0,1,93,99,103" m="36055,13321,49163" machi="93" ten="30,1000,0" yaku="19,1" doraHai="100" who="2" fromWho="1" sc="140,0,340,-10,385,10,135,0" /><INIT seed="5,0,0,0,0,43" ten="140,330,395,135" oya="1" hai0="101,6,73,10,80,123,54,45,38,56,52,22,105" hai1="124,53,89,61,37,65,78,104,21,29,18,72,86" hai2="60,130,48,19,27,135,117,55,58,121,13,68,132" hai3="47,107,85,112,0,9,110,134,33,88,1,122,51"/><U102/><E37/><V69/><F27/><W62/><G110/><T129/><D129/><U35/><E53/><V11/><F121/><W23/><G122/><T76/><D123/><U116/><E116/><V14/><F117/><W108/><G108/><T75/><D75/><U84/><E84/><V42/><F14/><W32/><G107/><T70/><D70/><U16/><E124/><V34/><F34/><W120/><G120/><T36/><D36/><U96/><E78/><V95/><F95/><W71/><G112/><T103/><D22/><U90/><E72/><V39/><F130/><W64/><G134/><N who="2" m="51241" /><F39/><W131/><G131/><T49/><D105/><U92/><E89/><V106/><F106/><W5/><G0/><T115/><D115/><U67/><E67/><V74/><F74/><W118/><G23/><T17/><D17/><U133/><E21/><V125/><F125/><W31/><G31/><T12/><REACH who="0" step="1"/><D38/><REACH who="0" ten="130,330,395,135" step="2"/><U46/><E133/><V83/><F83/><W94/><REACH who="3" step="1"/><G118/><REACH who="3" ten="130,330,395,125" step="2"/><T57/><D57/><U25/><E104/><V126/><F126/><W66/><G66/><T7/><D7/><U109/><E65/><V24/><F69/><W99/><G99/><T28/><D28/><U59/><E109/><V97/><F68/><W113/><G113/><T20/><D20/><U100/><E96/><V93/><F97/><W4/><G4/><T2/><D2/><U8/><E59/><V82/><F58/><W63/><G63/><AGARI ba="0,2" hai="6,10,12,45,49,52,54,56,63,73,76,80,101,103" machi="63" ten="30,8000,1" yaku="1,1,7,1,52,1,54,1,53,1" doraHai="43" doraHaiUra="44" who="0" fromWho="3" sc="130,100,330,0,395,0,125,-80" /><INIT seed="6,0,0,4,3,99" ten="230,330,395,45" oya="2" hai0="13,135,55,123,80,130,49,0,105,98,46,29,106" hai1="126,24,122,44,8,6,77,120,66,74,15,28,94" hai2="89,117,68,56,114,131,10,116,51,119,62,7,65" hai3="5,18,73,97,111,112,124,34,125,38,36,100,30"/><V134/><F131/><W64/><G111/><T90/><D123/><U96/><E126/><N who="3" m="48746" /><G73/><T47/><D130/><U129/><E129/><V42/><F89/><W115/><G5/><T95/><D135/><U63/><E44/><V108/><F10/><W32/><G64/><T75/><D0/><U103/><E77/><V25/><F25/><N who="3" m="18511" /><G18/><T52/><D29/><U78/><E78/><V19/><F19/><W113/><G34/><T101/><D13/><U110/><E74/><V59/><F7/><W39/><G39/><T1/><D1/><U57/><REACH who="1" step="1"/><E110/><REACH who="1" ten="230,320,395,45" step="2"/><V109/><F109/><W93/><AGARI ba="0,1" hai="36,38,93,97,100,112,113,115" m="18511,48746" machi="93" ten="40,8000,1" yaku="15,1,11,1,18,1,52,1" doraHai="99" who="3" fromWho="3" sc="230,-20,320,-20,395,-40,45,90" /><INIT seed="7,0,0,1,0,62" ten="210,300,355,135" oya="3" hai0="105,44,9,111,51,18,16,133,25,119,0,80,97" hai1="65,132,47,63,32,78,52,69,37,108,113,93,41" hai2="82,83,116,106,122,10,114,17,77,29,26,118,96" hai3="46,73,40,84,104,100,86,71,8,42,131,48,75"/><W130/><G71/><T27/><D119/><U120/><E108/><V94/><F83/><W87/><G8/><T20/><D111/><U5/><E120/><V81/><F82/><W35/><G35/><T67/><D133/><U72/><E113/><V70/><F106/><W14/><G14/><T134/><D134/><U11/><E32/><V66/><F114/><W135/><G135/><T68/><D0/><U107/><E107/><V58/><F17/><W109/><G109/><T124/><D124/><U60/><E78/><V88/><F70/><W76/><G40/><T13/><D80/><U121/><E72/><V15/><F122/><W39/><G76/><T36/><D36/><U38/><E38/><V23/><F66/><W103/><G39/><T99/><D105/><U61/><E121/><V31/><F31/><W90/><G90/><T19/><D68/><U98/><E52/><V33/><F58/><W101/><REACH who="3" step="1"/><G104/><REACH who="3" ten="210,300,355,125" step="2"/><T115/><D115/><U22/><E132/><V89/><F89/><W129/><AGARI ba="0,1" hai="42,46,48,73,75,84,86,87,100,101,103,129,130,131" machi="129" ten="40,18000,2" yaku="1,1,2,1,0,1,29,2,19,1,53,0" doraHai="62" doraHaiUra="128" who="3" fromWho="3" sc="210,-60,300,-60,355,-60,125,190" owari="150,-35.0,240,-16.0,295,9.5,315,41.5" /></mjloggm>