<mjloggm ver="2.3"><GO type="41" lobby="0"/><UN n0="%E7%9F%9B%E4%B8%AD" n1="%E3%81%99%E3%81%AD%E3%81%8A" n2="%E2%93%9D%4C%75%63%6B%79%4A" n3="%73%65%69%69%63%68%69" dan="13,14,18,13" rate="1812.23,1999.67,2219.64,1857.50" sx="M,M,M,M"/><TAIKYOKU oya="0"/><INIT seed="0,0,0,4,3,7" ten="250,250,250,250" oya="0" hai0="63,30,68,53,84,43,52,100,33,125,126,128,111" hai1="26,76,39,65,88,22,90,92,24,60,59,11,104" hai2="132,19,1,87,95,77,34,42,110,54,45,51,23" hai3="75,121,13,70,120,123,130,69,71,32,31,10,116"/><T44/><D33/><U91/><E39/><V124/><F110/><W114/><G75/><T58/><D30/><U102/><E104/><V83/><F132/><W40/><G116/><T41/><D100/><U89/><E76/><V12/><F124/><N who="0" m="47722" /><D84/><U79/><E79/><V80/><F1/><W20/><G114/><T0/><D0/><U16/><E26/><V82/><F34/><W94/><G130/><T72/><D72/><U108/><E108/><V9/><F54/><N who="0" m="21098" /><D111/><U133/><E133/><V107/><F107/><W135/><G135/><T15/><D15/><U113/><E113/><V105/><F105/><W50/><G32/><T36/><D128/><U93/><E102/><V98/><REACH who="2" step="1"/><F23/><REACH who="2" ten="250,250,240,250" step="2"/><W78/><G121/><T109/><D109/><U8/><N who="1" m="22528" /><DORA hai="17" /><U101/><REACH who="1" step="1"/><E92/><REACH who="1" ten="250,240,240,250" step="2"/><V81/><F81/><W106/><G106/><T97/><D43/><U66/><E66/><V18/><F18/><W134/><G123/><T29/><D41/><U73/><E73/><V28/><F28/><W35/><G134/><T37/><D29/><U74/><E74/><V49/><F49/><W3/><G31/><T99/><D37/><U115/><E115/><V96/><F96/><AGARI ba="0,2" hai="8,11,16,22,24,59,60,65,93,96,101" m="22528" machi="96" ten="50,16000,3" yaku="1,1,8,1,52,3,54,2,53,1" doraHai="7,17" doraHaiUra="57,25" who="1" fromWho="2" sc="250,0,240,180,240,-160,250,0" /><INIT seed="1,0,0,1,4,9" ten="250,420,80,250" oya="1" hai0="41,127,58,120,128,69,96,132,70,4,93,116,60" hai1="46,2,53,54,32,109,64,84,107,19,24,129,27" hai2="23,47,34,31,125,130,29,106,91,35,48,123,57" hai3="33,61,39,43,28,66,86,82,12,62,98,133,0"/><U21/><E107/><V50/><F106/><W78/><G133/><T68/><D116/><U112/><E2/><V101/><F101/><W56/><G0/><T118/><D118/><U121/><E112/><V103/><F103/><W15/><G39/><T92/><D132/><U95/><E121/><V135/><F135/><W65/><G43/><T40/><D127/><U36/><E129/><V76/><F76/><W55/><G98/><T87/><D128/><U115/><E64/><V79/><F79/><W126/><G126/><T38/><D38/><U26/><E115/><V20/><F125/><W131/><G131/><T5/><D120/><U1/><E1/><V97/><F57/><W105/><G105/><T49/><D87/><U59/><E32/><V104/><F104/><W18/><G18/><T108/><D92/><U81/><E95/><V45/><F130/><W94/><G94/><T102/><D108/><U14/><E109/><V117/><F117/><W119/><G119/><T42/><REACH who="0" step="1"/><D49/><REACH who="0" ten="240,420,80,250" step="2"/><U83/><E36/><V10/><F123/><W73/><G86/><T124/><D124/><U99/><E84/><V113/><F113/><W8/><G73/><T7/><D7/><U52/><E99/><V80/><F97/><W74/><G74/><T72/><D72/><U114/><E114/><V122/><F122/><W44/><G82/><N who="1" m="31242" /><E46/><V77/><F80/><W17/><G78/><T51/><D51/><AGARI ba="0,1" hai="14,19,21,24,26,27,51,52,53,54,59" m="31242" machi="51" ten="30,5800,0" yaku="8,1,52,1,54,1" doraHai="9" who="1" fromWho="0" sc="240,-58,420,68,80,0,250,0" /><INIT seed="1,1,0,0,4,106" ten="182,488,80,250" oya="1" hai0="103,44,82,56,115,93,11,26,48,9,101,77,102" hai1="78,5,79,135,95,72,6,37,62,35,121,113,40" hai2="14,66,8,39,43,24,31,58,28,88,90,83,57" hai3="94,68,42,0,107,105,70,87,27,120,92,16,23"/><U134/><E121/><V124/><F124/><W18/><G0/><T118/><D115/><U74/><E35/><V63/><F39/><W25/><G42/><T15/><D118/><U112/><E62/><V69/><F43/><W32/><G32/><T122/><D122/><U73/><E95/><V133/><F133/><N who="1" m="50697" /><E40/><V76/><F58/><W61/><G61/><T12/><D93/><U96/><E96/><V100/><F100/><W75/><G87/><T97/><D97/><U49/><E49/><V85/><F69/><W126/><G23/><T128/><D56/><U17/><E17/><V81/><F24/><W127/><REACH who="3" step="1"/><G120/><REACH who="3" ten="182,488,80,240" step="2"/><T65/><D128/><U86/><E86/><N who="2" m="50527" /><F76/><N who="1" m="29225" /><E37/><V132/><F132/><W36/><G36/><T53/><D77/><U30/><E30/><V21/><F21/><W22/><G22/><T111/><D11/><U123/><E123/><V99/><F99/><W29/><G29/><T64/><D9/><U98/><E98/><V34/><F34/><W110/><G110/><T50/><D111/><U51/><E51/><V60/><F63/><W13/><G13/><T7/><D50/><U130/><E130/><V71/><F71/><W91/><G91/><T55/><D48/><U109/><E109/><V80/><F81/><W1/><G1/><T46/><D82/><U89/><E89/><V19/><AGARI ba="1,1" hai="8,14,19,28,31,57,60,66,80,85,88" m="50527" machi="19" ten="30,2000,0" yaku="8,1,54,1" doraHai="106" who="2" fromWho="2" sc="182,-6,488,-11,80,33,240,-6" /><INIT seed="2,0,0,3,0,79" ten="176,477,113,234" oya="2" hai0="49,82,85,12,0,6,15,74,1,75,102,101,94" hai1="26,118,86,131,63,18,65,51,19,40,92,25,113" hai2="66,57,69,2,21,35,133,10,36,73,67,5,87" hai3="108,7,17,50,41,109,99,56,91,127,125,13,31"/><V14/><F73/><W38/><G38/><T93/><D85/><U34/><E131/><V33/><F36/><W106/><G31/><T58/><D49/><U124/><E124/><N who="3" m="47690" /><G7/><T59/><REACH who="0" step="1"/><D6/><REACH who="0" ten="166,477,113,234" step="2"/><U97/><E113/><V95/><F87/><W24/><G50/><T110/><D110/><U129/><E86/><V39/><F39/><W104/><G108/><T122/><D122/><U54/><E129/><V60/><F133/><W115/><G109/><T45/><D45/><U11/><E118/><V112/><F112/><W83/><G115/><T47/><D47/><U42/><E34/><V71/><F35/><W84/><G41/><T61/><D61/><U4/><E42/><V128/><F33/><W44/><G44/><T81/><AGARI ba="0,1" hai="0,1,12,15,58,59,74,75,81,82,93,94,101,102" machi="81" ten="25,12000,2" yaku="1,1,0,1,22,2,52,2,53,0" doraHai="79" doraHaiUra="119" who="0" fromWho="0" sc="166,130,477,-30,113,-60,234,-30" /><INIT seed="3,0,0,4,3,84" ten="296,447,53,204" oya="3" hai0="100,23,117,22,104,27,9,13,98,36,45,29,33" hai1="21,58,8,106,135,53,79,70,116,32,48,88,12" hai2="107,92,52,17,20,89,105,90,109,124,111,69,113" hai3="25,81,14,85,86,5,55,42,18,77,110,35,16"/><W119/><G119/><T19/><D117/><U93/><E32/><V128/><F69/><W30/><G110/><N who="2" m="41993" /><F113/><W54/><G18/><T95/><D36/><U73/><E106/><N who="2" m="40459" /><F124/><W66/><G66/><T130/><D130/><U83/><E135/><V10/><F92/><W37/><G5/><T115/><D115/><U121/><E116/><V126/><F126/><W64/><G64/><T47/><D47/><U125/><E125/><V127/><F127/><W91/><G42/><T65/><D45/><U133/><E133/><V120/><F120/><W134/><G37/><T59/><D59/><U129/><E129/><V123/><F123/><W63/><G63/><T6/><D65/><U0/><E121/><V87/><F87/><W62/><G62/><T15/><REACH who="0" step="1"/><D104/><REACH who="0" ten="286,447,53,204" step="2"/><U11/><E70/><V34/><F128/><W49/><G134/><T71/><D71/><U4/><E58/><V94/><F94/><W60/><G60/><T102/><D102/><U68/><E68/><V39/><F39/><W97/><G49/><T101/><D101/><U132/><E48/><V41/><F41/><W57/><G57/><T75/><D75/><U108/><E108/><V74/><F74/><W67/><G67/><T38/><D38/><U80/><E53/><V118/><F52/><W72/><G72/><T7/><D7/><U103/><E103/><V43/><F43/><W28/><G55/><T44/><D44/><U96/><E132/><V3/><F118/><W82/><G54/><T46/><D46/><U56/><E56/><V51/><F51/><W61/><G61/><T114/><D114/><RYUUKYOKU ba="0,1" sc="286,30,447,-10,53,-10,204,-10" hai0="6,9,13,15,19,22,23,27,29,33,95,98,100" /><INIT seed="4,1,1,2,2,112" ten="316,437,43,194" oya="0" hai0="100,123,92,60,23,124,40,120,75,67,68,95,70" hai1="119,55,13,32,69,34,46,109,18,104,44,59,74" hai2="126,77,4,54,11,88,79,127,61,72,66,91,8" hai3="82,85,122,99,96,43,36,125,39,113,94,47,26"/><T133/><D75/><U45/><E69/><V12/><F54/><W97/><G113/><T5/><D124/><N who="2" m="47658" /><F11/><W7/><G125/><T110/><D133/><U57/><E104/><V80/><F79/><W1/><G122/><T83/><D70/><AGARI ba="1,1" hai="4,8,12,61,66,70,72,77,80,88,91" m="47658" machi="70" ten="30,2000,0" yaku="18,1,54,1" doraHai="112" who="2" fromWho="0" sc="316,-23,437,0,43,33,194,0" /><INIT seed="5,0,0,1,1,30" ten="293,437,76,194" oya="1" hai0="37,25,28,129,134,70,61,33,111,96,97,121,5" hai1="7,83,132,34,110,53,130,48,113,2,54,116,58" hai2="19,99,75,22,122,36,135,90,112,78,85,1,93" hai3="52,20,71,126,76,26,89,64,16,72,56,91,27"/><U49/><E116/><V24/><F122/><W79/><G126/><T82/><D111/><U100/><E110/><V32/><F36/><W102/><G102/><T84/><D129/><U66/><E130/><V59/><F1/><W114/><G114/><T50/><D134/><U77/><E132/><V69/><F69/><W47/><G47/><T6/><D37/><U94/><E66/><V74/><F135/><W17/><G64/><T15/><D121/><U117/><E117/><V40/><F40/><W12/><G71/><T105/><D50/><U29/><E2/><V3/><F3/><W14/><G72/><T123/><D123/><U9/><E113/><V104/><F112/><W63/><G89/><T106/><D106/><U38/><E38/><V39/><F39/><W119/><G91/><T95/><D105/><U107/><E107/><V131/><F131/><W0/><G0/><T45/><D45/><U46/><E9/><V11/><F11/><N who="3" m="6303" /><G119/><T23/><D70/><U98/><E7/><V60/><F32/><W86/><G86/><T127/><D61/><U109/><E109/><V62/><F62/><W108/><G108/><T51/><D51/><U57/><E46/><V115/><F115/><W8/><G27/><T31/><D6/><AGARI ba="0,0" hai="6,8,14,16,20,26,52,56,63,76,79" m="6303" machi="6" ten="30,3900,0" yaku="8,1,54,2" doraHai="30" who="3" fromWho="0" sc="293,-39,437,0,76,0,194,39" /><INIT seed="6,0,0,0,1,123" ten="254,437,76,233" oya="2" hai0="103,5,60,39,35,117,81,127,106,11,51,87,114" hai1="109,124,31,79,113,105,72,108,54,50,116,28,42" hai2="119,18,19,91,98,41,112,85,80,89,131,101,37" hai3="53,26,57,62,67,29,32,69,129,49,93,59,82"/><V48/><F119/><W135/><G135/><T46/><D39/><U78/><E116/><V115/><F37/><W73/><G129/><T102/><D35/><U111/><E42/><V66/><F66/><W95/><REACH who="3" step="1"/><G69/><REACH who="3" ten="254,437,76,223" step="2"/><T45/><D117/><U94/><E124/><V61/><F131/><W132/><G132/><T0/><D127/><U52/><E72/><V21/><F115/><W1/><G1/><T38/><D114/><U77/><E113/><V47/><F112/><W128/><G128/><T30/><D106/><U84/><E105/><V96/><F61/><W126/><G126/><T83/><D60/><U121/><E121/><V36/><F36/><W99/><G99/><T125/><D38/><U8/><E50/><V65/><F65/><W97/><G97/><T40/><D125/><U130/><E130/><V107/><F98/><W6/><G6/><T63/><D87/><U23/><E84/><V75/><F75/><W16/><G16/><T70/><D30/><U58/><E28/><V118/><F118/><W2/><G2/><T134/><D134/><U3/><E3/><V20/><F19/><W17/><G17/><T10/><D63/><U55/><E31/><V43/><F43/><W56/><G56/><T13/><D70/><U9/><E58/><V15/><REACH who="2" step="1"/><F91/><REACH who="2" ten="254,437,66,223" step="2"/><W14/><G14/><T71/><D13/><U133/><E133/><V68/><F68/><W76/><AGARI ba="0,2" hai="26,29,32,49,53,57,59,62,67,73,76,82,93,95" machi="76" ten="30,2000,0" yaku="1,1,0,1,53,0" doraHai="123" doraHaiUra="86" who="3" fromWho="3" sc="254,-5,437,-5,66,-10,223,40" /><INIT seed="7,0,0,1,2,98" ten="249,432,56,263" oya="3" hai0="100,114,124,126,48,103,9,47,30,49,51,117,107" hai1="113,102,91,32,133,39,6,33,8,23,83,65,77" hai2="4,17,95,18,14,54,129,34,24,123,42,70,11" hai3="26,128,87,76,111,104,127,88,116,84,27,69,50"/><W58/><G116/><T63/><D117/><U25/><E39/><V55/><F70/><W85/><G127/><N who="0" m="48683" /><D107/><U35/><E65/><V71/><F71/><W79/><G69/><T135/><D63/><U68/><E68/><V28/><F42/><W72/><G128/><T78/><D135/><U1/><E113/><V121/><F55/><N who="3" m="32119" /><G104/><T22/><D114/><U101/><E91/><V80/><F80/><W119/><G72/><T29/><D78/><N who="3" m="29737" /><G119/><T130/><D130/><U74/><REACH who="1" step="1"/><E133/><REACH who="1" ten="249,422,56,263" step="2"/><V60/><F129/><W62/><G111/><T134/><D134/><U75/><E75/><V40/><F123/><W90/><G62/><T38/><D9/><U21/><E21/><V115/><F115/><W120/><G120/><T89/><D22/><U52/><E52/><V57/><F121/><W92/><G90/><T112/><D89/><U36/><E36/><V96/><REACH who="2" step="1"/><F40/><REACH who="2" ten="249,422,46,263" step="2"/><W131/><G131/><T2/><D112/><U12/><E12/><V41/><F41/><W132/><G132/><T15/><D15/><U66/><E66/><V86/><F86/><AGARI ba="0,2" hai="26,27,84,85,86,87,88,92" m="29737,32119" machi="86" ten="30,2900,0" yaku="8,1,54,1" doraHai="98" who="3" fromWho="2" sc="249,0,422,0,46,-29,263,49" /><INIT seed="7,1,0,0,1,3" ten="249,422,17,312" oya="3" hai0="39,113,45,131,20,126,42,74,0,90,117,122,2" hai1="53,55,27,14,28,129,82,68,84,88,22,25,109" hai2="67,41,60,111,40,11,8,124,63,128,97,115,9" hai3="127,19,31,57,17,52,96,75,102,32,73,47,99"/><W5/><G127/><T15/><D90/><U133/><E129/><V18/><F124/><W118/><G118/><T62/><D15/><U93/><E133/><V116/><F115/><W130/><G130/><T29/><D20/><U107/><E107/><V71/><F128/><W94/><G47/><T58/><D29/><U87/><E68/><V86/><F71/><W64/><G64/><T103/><D103/><U49/><E109/><V98/><F67/><W80/><G5/><T16/><D16/><U89/><E55/><V135/><F135/><W76/><G75/><T65/><D117/><U10/><E28/><V134/><F134/><W106/><G32/><T7/><D122/><U59/><E22/><V56/><F111/><W6/><G6/><AGARI ba="1,0" hai="6,10,14,25,27,49,53,59,82,84,87,88,89,93" machi="6" ten="30,7700,0" yaku="7,1,8,1,52,1,54,1" doraHai="3" who="1" fromWho="3" sc="249,0,422,80,17,0,312,-80" owari="249,4.9,502,60.2,17,-48.3,232,-16.8" /></mjloggm>