<mjloggm ver="2.3"><GO type="9" lobby="0"/><UN n0="%E3%82%8F%E3%81%B3%E3%82%8F%E3%81%B3" n1="%6A%75%6E%36%36%39%36" n2="%E2%93%9D%4C%75%63%6B%79%4A" n3="%30%36%31%30" dan="10,12,7,11" rate="1583.45,1801.04,1682.68,1733.10" sx="M,M,M,M"/><TAIKYOKU oya="0"/><INIT seed="0,0,0,5,1,43" ten="250,250,250,250" oya="0" hai0="53,90,37,13,128,127,120,86,80,8,96,100,14" hai1="11,39,47,67,134,64,129,66,0,31,19,15,97" hai2="81,101,7,126,1,21,40,88,36,131,62,24,71" hai3="112,114,34,87,32,118,70,92,12,63,29,42,135"/><T4/><D120/><U30/><E134/><V60/><F101/><W27/><G118/><T49/><D37/><U74/><E74/><V45/><F131/><W20/><G135/><T72/><D127/><U10/><E129/><V109/><F126/><W3/><G3/><T123/><D123/><U111/><E111/><V94/><F109/><W59/><G70/><T52/><D128/><U33/><E33/><V75/><F71/><W104/><G104/><T84/><D72/><U41/><E0/><V48/><F36/><W122/><G122/><T9/><D49/><U103/><REACH who="1" step="1"/><E10/><REACH who="1" ten="250,240,250,250" step="2"/><V16/><F1/><W130/><G130/><T61/><D61/><U107/><AGARI ba="0,1" hai="11,15,19,30,31,39,41,47,64,66,67,97,103,107" machi="107" ten="30,7900,0" yaku="1,1,2,1,0,1,52,1,53,0" doraHai="43" doraHaiUra="17" who="1" fromWho="1" sc="250,-39,240,89,250,-20,250,-20" /><INIT seed="1,0,0,5,2,67" ten="211,329,230,230" oya="1" hai0="42,73,15,82,100,41,66,43,109,126,2,113,112" hai1="11,24,129,130,95,121,6,20,49,83,106,125,60" hai2="119,10,107,55,31,92,56,79,74,16,61,65,59" hai3="114,78,48,68,38,98,45,64,35,5,118,40,111"/><U127/><E106/><V29/><F119/><W26/><G114/><T34/><D34/><U39/><E39/><V76/><F107/><W19/><G118/><T13/><D2/><U21/><E121/><V69/><F74/><W52/><G111/><T120/><D120/><U54/><E83/><V22/><F10/><W51/><G78/><N who="2" m="29737" /><F69/><W86/><G86/><T18/><D109/><U36/><E36/><V108/><F92/><W123/><G123/><T128/><D128/><N who="1" m="49259" /><E60/><N who="2" m="38047" /><F108/><W75/><G75/><T115/><D126/><N who="1" m="48139" /><E95/><V80/><F80/><W47/><G35/><T50/><D100/><U110/><E110/><V96/><F96/><W132/><G132/><T101/><D66/><U122/><E122/><V105/><F105/><W70/><G5/><T72/><D101/><U53/><E49/><V4/><F4/><W91/><G45/><T104/><D104/><U103/><E103/><V17/><F17/><W93/><G51/><T88/><D50/><U117/><E117/><V124/><F124/><W116/><G116/><T32/><D32/><U131/><N who="1" m="49267" /><U0/><DORA hai="62" /><E21/><V9/><F22/><W133/><G64/><T3/><D72/><U81/><E81/><V97/><F97/><W1/><G1/><T12/><D3/><U84/><E84/><V8/><F61/><W7/><G98/><T23/><D73/><U134/><E134/><V135/><F135/><W102/><G133/><T71/><D71/><U37/><E37/><V87/><F87/><W85/><G102/><T44/><D44/><U94/><E94/><V14/><F9/><W33/><G93/><RYUUKYOKU ba="0,0" sc="211,10,329,10,230,10,230,-30" hai0="12,13,15,18,23,41,42,43,82,88,112,113,115" hai1="0,6,11,20,24,53,54" hai2="8,14,16,29,31,55,56" /><INIT seed="1,1,0,1,5,75" ten="221,339,240,200" oya="1" hai0="131,83,105,117,55,49,106,100,53,8,6,129,42" hai1="133,91,74,108,59,88,101,115,20,58,127,15,124" hai2="82,26,28,97,2,70,4,68,85,134,123,57,36" hai3="10,31,110,73,50,61,19,90,3,76,0,99,104"/><U116/><E116/><V71/><F123/><W63/><G110/><T21/><D117/><U52/><E115/><V107/><F36/><W94/><G104/><T48/><D42/><U25/><E108/><V1/><F57/><W65/><G31/><T46/><D21/><U130/><E101/><V87/><F87/><W86/><G50/><T34/><D34/><U89/><E59/><V22/><F4/><W40/><G40/><T122/><D83/><U109/><E109/><V11/><F11/><W18/><G18/><T118/><BYE who="3" /><D118/><U12/><E133/><V47/><F47/><W112/><G112/><T84/><D84/><U98/><E98/><V54/><F54/><W120/><G120/><T29/><D29/><U96/><E96/><V102/><REACH who="2" step="1"/><F134/><REACH who="2" ten="221,339,230,200" step="2"/><W33/><G33/><T35/><D35/><U119/><E119/><V37/><F37/><W51/><G51/><T103/><D122/><U24/><E74/><V43/><F43/><W27/><G27/><T62/><D62/><N who="1" m="36167" /><E130/><N who="0" m="49673" /><D8/><UN n3="%30%36%31%30" /><U113/><E113/><V56/><F56/><W111/><G111/><T77/><D6/><U38/><E38/><V80/><F80/><W45/><G73/><T93/><D46/><U30/><E25/><V95/><F95/><W17/><G45/><T32/><D93/><U14/><E127/><V39/><F39/><W23/><G99/><T64/><D32/><U125/><E125/><V78/><AGARI ba="1,1" hai="1,2,22,26,28,68,70,71,78,82,85,97,102,107" machi="78" ten="30,4000,0" yaku="1,1,0,1,52,1,53,0" doraHai="75" doraHaiUra="5" who="2" fromWho="2" sc="221,-11,339,-21,230,53,200,-11" /><INIT seed="2,0,0,1,3,19" ten="210,318,283,189" oya="2" hai0="115,73,104,1,75,5,85,77,45,72,23,63,62" hai1="27,34,67,94,25,112,79,14,11,40,0,114,117" hai2="98,89,64,134,101,116,96,29,41,28,80,21,86" hai3="108,128,82,54,9,135,127,49,84,92,130,16,88"/><V131/><F116/><W31/><G108/><T12/><D104/><U102/><E117/><V78/><F134/><W70/><G70/><T22/><D115/><U38/><E0/><V18/><F131/><N who="3" m="50219" /><G135/><T125/><D125/><U57/><E114/><V46/><F64/><W30/><G127/><T69/><D1/><U97/><E112/><V100/><F98/><W26/><G92/><T113/><D113/><U126/><E126/><V106/><F101/><W35/><G35/><T6/><D45/><U3/><E3/><V60/><F60/><N who="0" m="23082" /><D69/><U4/><E67/><V44/><F46/><N who="3" m="27959" /><G26/><T37/><D85/><U103/><E57/><V109/><F109/><W71/><G71/><T105/><D105/><U120/><E40/><V124/><F124/><W81/><G81/><T7/><D77/><U15/><E38/><V61/><F61/><W51/><G51/><T20/><D12/><AGARI ba="0,0" hai="9,12,16,30,31,82,84,88" m="27959,50219" machi="12" ten="30,7700,0" yaku="25,1,19,1,54,2" doraHai="19" who="3" fromWho="0" sc="210,-77,318,0,283,0,189,77" /><INIT seed="3,0,0,3,2,123" ten="133,318,283,266" oya="3" hai0="104,9,115,16,60,90,14,96,30,113,126,8,116" hai1="110,111,129,80,70,72,112,100,83,6,61,18,10" hai2="118,75,31,87,11,27,67,84,2,97,41,46,114" hai3="3,88,68,1,71,4,78,124,127,103,38,12,58"/><W15/><G38/><T73/><D116/><U93/><E112/><N who="0" m="43081" /><D73/><U85/><E129/><V56/><F118/><W63/><G78/><T39/><D39/><U107/><E107/><V42/><F75/><W109/><G103/><T62/><D104/><U7/><E72/><V40/><F46/><W76/><G76/><T50/><D126/><N who="3" m="48169" /><G4/><T65/><D30/><U95/><E70/><N who="3" m="26666" /><G109/><N who="1" m="41482" /><E61/><N who="0" m="23657" /><D65/><U91/><E7/><V26/><F67/><N who="3" m="39415" /><G88/><T89/><D50/><U94/><E18/><V66/><F114/><W117/><G117/><T74/><D96/><N who="1" m="59407" /><E83/><V57/><F66/><W34/><G34/><T108/><D108/><U79/><E79/><V54/><F97/><W5/><G5/><T64/><D64/><U86/><E86/><V32/><F87/><W132/><G132/><T130/><D74/><U55/><E55/><V99/><F54/><W135/><G135/><T81/><D81/><U22/><E22/><V49/><F32/><W17/><G17/><T52/><D52/><U23/><E23/><V25/><F84/><W45/><G45/><T134/><D134/><U121/><E121/><V0/><F99/><W47/><G47/><T92/><D8/><U53/><E53/><N who="2" m="31919" /><F11/><W24/><G24/><T20/><D9/><U133/><E133/><V35/><F35/><W122/><G122/><T106/><D106/><U19/><E19/><V98/><F98/><W119/><G119/><T82/><D82/><U120/><E120/><V128/><F27/><W101/><G101/><T69/><D69/><U77/><E77/><V44/><F26/><W29/><G29/><T13/><D16/><RYUUKYOKU ba="0,0" sc="133,-15,318,15,283,-15,266,15" hai1="6,10,80,85,91,94,95" hai3="1,3,12,15" /><INIT seed="3,1,0,3,3,93" ten="118,333,268,281" oya="3" hai0="69,83,28,62,63,41,53,87,68,35,82,88,113" hai1="24,72,119,33,39,96,64,77,21,135,0,132,80" hai2="76,61,84,50,73,55,38,58,124,65,104,117,121" hai3="105,110,37,99,107,12,6,60,14,127,118,112,48"/><W70/><G112/><T91/><D113/><U42/><E119/><V126/><F104/><W128/><G118/><T36/><D41/><U1/><E64/><V102/><F73/><W20/><G37/><T46/><D36/><U101/><E21/><V100/><F117/><W114/><G114/><T85/><D68/><U40/><E40/><V74/><F74/><W15/><G127/><N who="2" m="48681" /><F121/><W52/><G128/><T78/><D69/><U122/><E122/><V19/><F19/><W7/><G110/><T3/><D3/><U134/><E24/><V75/><F75/><W16/><G70/><T79/><D28/><U115/><E115/><V29/><F29/><W17/><G60/><T18/><D35/><U71/><E71/><N who="2" m="42415" /><F38/><W92/><G107/><T81/><D18/><N who="3" m="7273" /><G105/><T27/><D82/><AGARI ba="1,0" hai="50,55,58,76,82,84,100,102" m="42415,48681" machi="82" ten="30,1000,0" yaku="18,1" doraHai="93" who="2" fromWho="0" sc="118,-13,333,0,268,13,281,0" /><INIT seed="4,0,0,5,1,41" ten="105,333,281,281" oya="0" hai0="44,85,92,56,96,81,59,102,62,128,21,95,14" hai1="84,99,11,106,67,82,13,131,18,46,115,35,53" hai2="7,27,63,107,51,30,57,4,86,88,90,123,121" hai3="118,114,58,24,97,23,94,32,105,103,127,52,132"/><T66/><D128/><U112/><E35/><V124/><F107/><W64/><G118/><T16/><D95/><U68/><E131/><V0/><F124/><W43/><G114/><T109/><D109/><U122/><E122/><V22/><F0/><W26/><G127/><T83/><D56/><U25/><E25/><N who="3" m="9834" /><G132/><T91/><REACH who="0" step="1"/><D44/><REACH who="0" ten="95,333,281,281" step="2"/><U104/><E68/><V77/><F123/><W70/><G105/><T98/><D98/><U60/><E67/><V33/><F57/><W54/><G70/><T42/><D42/><U111/><E111/><V3/><F121/><W28/><G43/><T110/><D110/><U89/><E60/><V79/><F63/><N who="3" m="38007" /><G32/><T119/><D119/><U80/><E80/><V47/><F33/><W40/><G40/><T126/><D126/><U6/><E115/><V69/><F69/><W87/><G87/><T73/><D73/><U31/><E112/><V116/><F116/><W76/><G28/><T50/><D50/><N who="1" m="28887" /><E31/><V45/><F30/><W78/><G23/><T75/><D75/><U8/><E99/><V130/><F130/><W48/><G48/><T29/><D29/><U9/><E9/><V134/><F51/><W117/><G117/><T12/><D12/><AGARI ba="0,1" hai="6,8,11,12,13,18,82,84,89,104,106" m="28887" machi="12" ten="30,2000,0" yaku="25,1,52,1" doraHai="41" who="1" fromWho="0" sc="95,-20,333,30,281,0,281,0" /><INIT seed="5,0,0,1,2,0" ten="75,363,281,281" oya="1" hai0="114,108,11,131,96,107,109,63,16,97,15,62,111" hai1="50,88,101,20,54,102,42,91,40,31,68,119,2" hai2="28,41,94,39,18,128,47,77,76,44,30,112,83" hai3="93,37,81,8,19,52,14,123,9,103,61,35,64"/><U127/><E119/><V87/><F128/><W59/><G123/><T129/><D114/><U110/><E68/><V118/><F118/><W99/><G37/><T27/><D27/><U133/><E133/><V32/><F32/><W23/><G35/><T124/><D124/><U60/><E127/><V130/><F130/><N who="0" m="49674" /><D107/><U84/><E2/><V95/><F112/><W66/><REACH who="3" step="1"/><G81/><REACH who="3" ten="75,363,281,271" step="2"/><T25/><D25/><N who="1" m="16807" /><E110/><N who="0" m="28161" /><T135/><DORA hai="86" /><D135/><U10/><E10/><AGARI ba="0,1" hai="8,9,10,14,19,23,52,59,61,64,66,93,99,103" machi="10" ten="40,8000,1" yaku="1,1,8,1,54,1,53,1" doraHai="0,86" doraHaiUra="22,98" who="3" fromWho="1" sc="75,0,363,-80,281,0,271,90" /><INIT seed="6,0,0,2,1,27" ten="75,283,281,361" oya="2" hai0="33,80,82,68,122,49,23,66,95,60,127,74,21" hai1="89,100,96,11,6,69,52,126,46,9,77,2,88" hai2="30,4,101,29,107,116,119,58,93,117,17,59,106" hai3="128,115,98,20,63,31,43,57,129,55,109,34,26"/><V54/><F4/><W13/><G109/><T130/><D122/><U131/><E69/><V37/><F37/><W38/><G115/><T36/><D33/><U134/><E134/><V41/><F41/><W61/><G98/><T28/><D130/><N who="3" m="50281" /><G43/><T94/><D127/><U16/><E131/><V87/><F17/><N who="3" m="10287" /><G38/><T97/><D36/><U108/><E108/><V121/><F121/><W71/><G71/><T124/><D124/><U19/><E126/><V135/><F135/><W85/><G85/><T15/><D49/><AGARI ba="0,0" hai="26,31,34,49,55,57,61,63" m="10287,50281" machi="49" ten="30,2000,0" yaku="19,1,52,1" doraHai="27" who="3" fromWho="0" sc="75,-20,283,0,281,0,361,20" /><INIT seed="7,0,0,5,5,34" ten="55,283,281,381" oya="3" hai0="100,6,131,21,106,33,94,25,78,56,112,111,16" hai1="101,129,89,49,58,31,59,96,71,37,35,126,107" hai2="125,40,28,115,42,109,95,93,123,105,77,73,61" hai3="92,3,4,79,52,27,87,32,74,45,110,44,60"/><W1/><G74/><T41/><D111/><U53/><E129/><V91/><F109/><W38/><G110/><T55/><D106/><U130/><E130/><V114/><F28/><W97/><G45/><T120/><D78/><U24/><E126/><V127/><F61/><W118/><G118/><T68/><D131/><U117/><E117/><V80/><F42/><W5/><G38/><T70/><D112/><N who="2" m="43050" /><F40/><W46/><G79/><T69/><D6/><U50/><E37/><V103/><F123/><W47/><G87/><T99/><D120/><U48/><E89/><V14/><F14/><W113/><G27/><T122/><D122/><U135/><E135/><V18/><F18/><W86/><G32/><T7/><D7/><U88/><E88/><V54/><F54/><W22/><G86/><T108/><D33/><U65/><REACH who="1" step="1"/><E59/><REACH who="1" ten="55,273,281,381" step="2"/><V134/><F134/><W10/><G113/><T29/><D108/><U133/><E133/><V63/><F63/><AGARI ba="0,1" hai="24,31,35,48,49,50,53,58,63,65,71,96,101,107" machi="63" ten="40,5200,0" yaku="1,1,25,2,53,0" doraHai="34" doraHaiUra="124" who="1" fromWho="2" sc="55,0,273,62,281,-52,381,0" owari="55,-44.5,335,13.5,229,-17.1,381,48.1" /></mjloggm>