<mjloggm ver="2.3"><GO type="41" lobby="0"/><UN n0="%72%75%30%32%32%34" n1="%E2%93%9D%4C%75%63%6B%79%4A" n2="%E7%96%BE%E9%A2%A8%E8%BF%85%E9%9B%B7%E3%83%9E%E3%83%BC%E3%83%81" n3="%E3%82%B4%E3%83%BC%E3%83%AB%E3%83%89%E3%82%BB%E3%82%A4%E3%83%B3%E3%83%88" dan="13,18,16,14" rate="1876.52,2203.95,2092.85,1907.84" sx="M,M,F,F"/><TAIKYOKU oya="0"/><INIT seed="0,0,0,4,2,103" ten="250,250,250,250" oya="0" hai0="122,67,17,59,88,85,39,104,14,70,95,125,75" hai1="31,40,15,83,50,77,80,106,26,62,120,19,66" hai2="21,8,131,5,74,102,56,108,84,55,18,41,47" hai3="60,61,1,9,29,135,109,107,42,13,4,24,37"/><T117/><D117/><U44/><E120/><V33/><F74/><W27/><G109/><T115/><D39/><U36/><E36/><V82/><F108/><W7/><G135/><T46/><D115/><U22/><E77/><V34/><F131/><W123/><G123/><T12/><D70/><U134/><E134/><V113/><F113/><W0/><G42/><T93/><D75/><U119/><E119/><V20/><F102/><W78/><G78/><T38/><D125/><U114/><E106/><V49/><F20/><W91/><G91/><T105/><D38/><U94/><E94/><V48/><F21/><W6/><G37/><T98/><D46/><U69/><REACH who="1" step="1"/><E114/><REACH who="1" ten="250,240,250,250" step="2"/><V110/><F110/><W129/><G107/><T100/><D122/><U126/><E126/><V11/><F18/><W121/><G121/><T58/><D12/><U132/><E132/><V96/><F96/><W28/><G129/><T57/><REACH who="0" step="1"/><D67/><REACH who="0" ten="240,240,250,250" step="2"/><U118/><E118/><V76/><REACH who="2" step="1"/><F8/><AGARI ba="0,2" hai="8,14,17,57,58,59,85,88,93,95,98,100,104,105" machi="8" ten="40,18000,2" yaku="1,1,2,1,52,2,54,1,53,1" doraHai="103" doraHaiUra="86" who="0" fromWho="2" sc="240,200,240,0,250,-180,250,0" /><AGARI ba="0,0" hai="8,15,19,22,26,31,40,44,50,62,66,69,80,83" machi="8" ten="30,2000,0" yaku="1,1,7,1,53,0" doraHai="103" doraHaiUra="86" who="1" fromWho="2" sc="440,0,240,20,70,-20,250,0" /><INIT seed="0,1,0,0,4,126" ten="440,260,50,250" oya="0" hai0="59,105,68,97,61,0,117,32,12,2,75,52,73" hai1="114,63,130,67,90,15,109,110,8,134,80,23,93" hai2="133,89,6,36,46,111,29,71,101,21,76,1,11" hai3="44,7,65,81,108,119,34,49,13,45,43,112,83"/><T28/><D117/><U57/><E134/><V96/><F71/><W127/><G127/><T38/><D38/><U131/><E80/><V27/><F133/><W14/><G34/><T39/><D39/><U125/><E23/><V54/><F111/><N who="1" m="42505" /><E125/><V20/><F76/><W85/><G108/><T51/><D32/><U106/><E106/><V60/><F89/><W100/><G100/><T84/><D28/><U135/><E135/><V79/><F79/><W24/><G24/><T77/><D75/><U42/><E42/><V82/><F82/><W128/><G65/><T102/><D73/><U62/><E63/><V19/><F60/><W87/><G119/><T3/><D12/><U50/><E50/><V48/><F36/><W113/><G49/><T55/><D68/><U92/><E114/><V58/><F46/><W120/><G43/><T78/><REACH who="0" step="1"/><D84/><REACH who="0" ten="430,260,50,250" step="2"/><N who="1" m="52423" /><E92/><V40/><F29/><W9/><G112/><T35/><D35/><U98/><E98/><V33/><F96/><W22/><G113/><T123/><D123/><U86/><E86/><V88/><F33/><W104/><G87/><T121/><D121/><U18/><AGARI ba="1,1" hai="8,15,18,57,62,67,130,131" m="52423,42505" machi="18" ten="30,4000,0" yaku="14,1,52,2" doraHai="126" who="1" fromWho="1" sc="430,-21,260,53,50,-11,250,-11" /><INIT seed="1,0,0,1,1,128" ten="409,313,39,239" oya="1" hai0="4,66,21,47,59,86,2,84,82,40,107,113,60" hai1="83,104,74,7,102,62,132,99,103,116,33,126,55" hai2="125,34,135,5,111,114,38,68,56,26,121,22,112" hai3="120,133,67,11,127,50,44,0,20,39,95,58,98"/><U63/><E116/><V18/><F68/><W64/><G120/><T3/><D107/><U109/><E33/><V17/><F38/><W16/><G127/><T53/><D4/><U106/><E126/><V32/><F125/><W19/><G39/><T131/><D131/><U130/><E130/><V88/><F121/><W15/><G0/><T77/><D113/><N who="2" m="43626" /><F111/><W28/><G28/><T96/><D96/><U101/><E7/><V72/><F72/><W110/><G58/><T37/><D84/><U94/><E55/><V69/><F69/><W92/><G92/><T54/><D54/><U25/><E25/><V6/><F56/><W51/><G51/><T97/><D97/><U129/><E63/><V65/><F88/><W89/><G110/><T46/><D46/><U31/><E62/><V1/><F65/><W41/><G67/><T118/><D118/><U73/><E129/><V10/><F6/><W45/><G64/><T71/><D21/><U75/><E109/><V122/><F122/><W85/><G45/><T76/><D76/><U93/><E106/><V12/><F135/><W79/><G133/><T81/><REACH who="0" step="1"/><D81/><REACH who="0" ten="399,313,39,239" step="2"/><U48/><E83/><V124/><F124/><W70/><G79/><T43/><D43/><U42/><E42/><V115/><N who="2" m="43634" /><V90/><DORA hai="78" /><F90/><W14/><G98/><T100/><D100/><U134/><E103/><V80/><F80/><W36/><G20/><AGARI ba="0,1" hai="1,5,10,12,17,18,20,22,26,32,34" m="43634" machi="20" ten="40,5200,0" yaku="11,1,34,2" doraHai="128,78" who="2" fromWho="3" sc="399,0,313,0,39,62,239,-52" /><INIT seed="2,0,0,1,2,7" ten="399,313,101,187" oya="2" hai0="38,44,104,97,75,110,126,70,0,124,31,83,81" hai1="112,115,6,28,16,57,48,19,119,67,82,125,77" hai2="9,74,4,121,122,41,11,98,21,10,80,13,88" hai3="8,27,59,61,14,55,47,64,89,96,117,101,134"/><V29/><F41/><W90/><G134/><T30/><D70/><U17/><E119/><V62/><F74/><W116/><G116/><T42/><D83/><U86/><E125/><N who="0" m="48233" /><D31/><U91/><E28/><V23/><F122/><W84/><G117/><T20/><D20/><N who="2" m="7754" /><F121/><W53/><G27/><T106/><D30/><U52/><E6/><V15/><F29/><W24/><G24/><T58/><D58/><U105/><E105/><N who="0" m="40553" /><D97/><U100/><E100/><V102/><F62/><W111/><G47/><T72/><D0/><U45/><REACH who="1" step="1"/><E77/><REACH who="1" ten="399,303,101,187" step="2"/><V35/><F35/><W3/><G101/><T68/><D75/><U135/><E135/><V26/><F26/><W107/><G107/><T120/><D72/><U2/><E2/><V1/><F1/><W56/><G3/><T5/><D120/><U94/><E94/><N who="2" m="58711" /><F4/><W130/><G64/><T118/><D5/><U109/><E109/><V95/><F80/><W50/><G111/><T78/><D110/><U49/><E49/><V76/><F76/><W123/><G123/><T93/><D118/><U73/><E73/><V22/><N who="2" m="7762" /><V132/><DORA hai="99" /><F132/><W43/><G50/><T18/><D81/><U51/><E51/><V25/><F25/><W12/><G61/><AGARI ba="0,1" hai="16,17,19,45,48,52,57,61,67,82,86,91,112,115" machi="61" ten="40,8000,1" yaku="1,1,54,2,53,1" doraHai="7,99" doraHaiUra="128,46" who="1" fromWho="3" sc="399,0,303,90,101,0,187,-80" /><INIT seed="3,0,0,4,5,106" ten="399,393,101,107" oya="3" hai0="18,5,48,26,122,51,63,52,2,125,64,59,73" hai1="3,74,117,24,90,44,86,121,115,32,126,25,72" hai2="67,12,103,1,47,76,111,131,98,11,100,123,127" hai3="79,102,15,54,124,27,75,132,60,36,21,120,13"/><W87/><G120/><T109/><D122/><U23/><E121/><V119/><F123/><RYUUKYOKU type="kaze4" ba="0,0" sc="399,0,393,0,101,0,107,0" /><INIT seed="3,1,0,0,0,30" ten="399,393,101,107" oya="3" hai0="62,58,119,82,0,127,16,46,3,118,80,107,103" hai1="38,31,7,72,60,25,97,87,71,65,83,27,56" hai2="51,124,95,41,125,64,132,129,116,75,112,79,131" hai3="59,67,4,76,20,77,43,81,93,134,1,61,9"/><W120/><G120/><T34/><D107/><U66/><E72/><V122/><F95/><W78/><G134/><T68/><D68/><U19/><E38/><V10/><F79/><W48/><G20/><T54/><D103/><U117/><E7/><V2/><F75/><W110/><G110/><T55/><D127/><N who="2" m="48714" /><F122/><W36/><G93/><T11/><D0/><U39/><E39/><V121/><F121/><W8/><G8/><T109/><D109/><U105/><E117/><V32/><F116/><W126/><G126/><T24/><D3/><U91/><E19/><V92/><F92/><W70/><G48/><T69/><D69/><U114/><E114/><V63/><F112/><W86/><REACH who="3" step="1"/><G59/><REACH who="3" ten="399,393,101,97" step="2"/><N who="0" m="35191" /><D119/><U88/><E71/><N who="2" m="42399" /><F10/><W33/><G33/><T6/><D34/><U99/><E56/><V12/><F132/><W108/><G108/><T5/><D118/><U28/><E105/><V85/><F32/><W44/><AGARI ba="1,1" hai="1,4,9,36,43,44,61,67,70,76,77,78,81,86" machi="44" ten="30,3000,0" yaku="1,1,0,1,53,0" doraHai="30" doraHaiUra="50" who="3" fromWho="3" sc="399,-11,393,-11,101,-11,97,43" /><INIT seed="3,2,0,2,4,31" ten="388,382,90,140" oya="3" hai0="87,58,6,63,96,90,2,28,84,127,109,21,124" hai1="77,32,52,119,48,73,22,98,5,126,70,45,76" hai2="15,91,93,35,83,38,62,46,95,53,105,34,85" hai3="125,133,81,69,30,37,55,78,114,3,42,68,18"/><W10/><G114/><T41/><D2/><U135/><E32/><V12/><F105/><W29/><G125/><N who="0" m="48203" /><D6/><U97/><E70/><V107/><F107/><W40/><G133/><T130/><D41/><U117/><E126/><V129/><F129/><W9/><G55/><N who="0" m="34271" /><D109/><U71/><E71/><V19/><F38/><W8/><G18/><T14/><D130/><U36/><E5/><V103/><F12/><W66/><G3/><T24/><D14/><U74/><E36/><V128/><F128/><W118/><G37/><T25/><D25/><U49/><E135/><V92/><F103/><W11/><G11/><T101/><D90/><U43/><E43/><V7/><F7/><W47/><G10/><T113/><D113/><U121/><E121/><V116/><F116/><W67/><G78/><T39/><D39/><U120/><E120/><V0/><F0/><W51/><G51/><T57/><D57/><U33/><E49/><N who="2" m="28855" /><F62/><W65/><G47/><T80/><D80/><U44/><E48/><V72/><F72/><W23/><G81/><T13/><D13/><U134/><E134/><V106/><F106/><AGARI ba="2,0" hai="21,24,28,84,87,96,101,106" m="34271,48203" machi="106" ten="30,1000,0" yaku="18,1" doraHai="31" who="0" fromWho="2" sc="388,16,382,0,90,-16,140,0" /><INIT seed="4,0,0,3,2,84" ten="404,382,74,140" oya="0" hai0="19,125,38,115,4,120,121,8,7,79,35,58,106" hai1="102,34,37,11,110,134,108,72,45,131,9,52,107" hai2="117,3,100,126,127,43,6,24,64,99,50,14,109" hai3="65,98,54,82,135,62,123,26,71,49,25,46,61"/><T105/><D38/><U51/><E34/><V15/><F109/><W75/><G135/><T104/><D35/><U85/><E72/><V119/><F64/><W111/><G111/><T12/><D125/><N who="2" m="47626" /><F43/><W16/><G123/><T44/><D115/><U41/><E131/><V42/><F42/><W122/><G122/><T86/><D44/><U93/><E134/><V48/><F3/><W67/><G98/><T92/><D58/><U96/><E110/><V36/><F36/><W17/><G75/><T60/><D60/><U80/><E107/><N who="2" m="63903" /><F24/><W57/><REACH who="3" step="1"/><G82/><REACH who="3" ten="404,382,74,130" step="2"/><T66/><D121/><U81/><E81/><V32/><F32/><W1/><G1/><T101/><D120/><U87/><E108/><V73/><F73/><W83/><G83/><T69/><D86/><U77/><E87/><V116/><F14/><W40/><G40/><T113/><D12/><U68/><E68/><V103/><F103/><W70/><G70/><T88/><D69/><U10/><E37/><V112/><F112/><W53/><G53/><AGARI ba="0,1" hai="9,10,11,41,45,51,52,53,77,80,85,93,96,102" machi="53" ten="40,2600,0" yaku="8,1,54,1" doraHai="84" who="1" fromWho="3" sc="404,0,382,36,74,0,130,-26" /><INIT seed="5,0,0,2,4,53" ten="404,418,74,104" oya="1" hai0="116,8,135,92,77,72,118,127,15,81,43,70,51" hai1="134,96,3,80,6,108,103,24,90,110,10,34,23" hai2="79,48,69,28,22,7,49,11,106,112,100,4,58" hai3="9,35,83,126,86,98,59,129,113,25,57,27,39"/><U52/><E34/><V55/><F69/><W30/><G39/><T65/><D135/><U132/><E90/><V0/><F112/><W47/><G113/><T78/><D127/><U50/><E80/><V16/><F79/><W87/><G126/><T44/><D78/><U36/><E36/><V71/><F71/><W73/><G73/><T60/><D92/><U13/><E3/><V89/><F28/><W64/><G64/><T111/><D111/><N who="1" m="42539" /><E96/><V95/><F7/><AGARI ba="0,0" hai="7,8,15,43,44,51,60,65,70,72,77,81,116,118" machi="7" ten="30,1000,0" yaku="7,1" doraHai="53" who="0" fromWho="2" sc="404,10,418,0,74,-10,104,0" /><INIT seed="6,0,0,0,1,135" ten="414,418,64,104" oya="2" hai0="91,40,19,99,39,65,73,68,106,21,2,44,108" hai1="64,51,26,11,6,8,60,123,126,28,107,111,124" hai2="67,36,5,72,120,104,33,102,121,45,70,48,24" hai3="101,113,115,37,82,122,132,31,127,56,38,54,63"/><V116/><F116/><W1/><G1/><T85/><D2/><U88/><E111/><V53/><F72/><W87/><G31/><T96/><D73/><U118/><E107/><V129/><F129/><W52/><G132/><T90/><D106/><U131/><E51/><V29/><F5/><W62/><G101/><T74/><D74/><U32/><E118/><V103/><F36/><N who="3" m="13931" /><G122/><T130/><D130/><U105/><E105/><V42/><F42/><W92/><G92/><T81/><D68/><U23/><E131/><V27/><F27/><W100/><G100/><T17/><D65/><U110/><E110/><V55/><F55/><N who="3" m="21035" /><G87/><T14/><D108/><U20/><E123/><V95/><F95/><W58/><G82/><T57/><D57/><N who="3" m="22121" /><G127/><T78/><D91/><U76/><E88/><V18/><F103/><W22/><G22/><N who="1" m="8234" /><E76/><V0/><F0/><W66/><G66/><T30/><D30/><U46/><E6/><V94/><F94/><W79/><G79/><T47/><D78/><U114/><E11/><V9/><F9/><W112/><AGARI ba="0,0" hai="62,63,112,113,115" m="22121,21035,13931" machi="112" ten="40,12000,2" yaku="28,2,15,1,11,1,34,2,54,1" doraHai="135" who="3" fromWho="3" sc="414,-30,418,-30,64,-60,104,120" /><INIT seed="7,0,0,0,5,100" ten="384,388,4,224" oya="3" hai0="60,30,74,46,99,10,78,75,32,128,79,103,47" hai1="25,34,51,38,6,65,70,85,98,61,19,21,4" hai2="105,41,3,13,59,18,96,15,132,39,71,101,67" hai3="33,23,131,29,91,66,126,64,97,104,133,125,44"/><W122/><G122/><T2/><D32/><U55/><E38/><V120/><F15/><W95/><G33/><T37/><D30/><U89/><E98/><V88/><F13/><W130/><G44/><T56/><D128/><N who="3" m="49193" /><G29/><T54/><D2/><U16/><E19/><V114/><F59/><W8/><G8/><T90/><D10/><U116/><E116/><V119/><F18/><W24/><G24/><T80/><D37/><U121/><E121/><V43/><F120/><W63/><G23/><T68/><D68/><U5/><E34/><V124/><F88/><W93/><G93/><N who="0" m="58863" /><D75/><U35/><E35/><V31/><F43/><W1/><G1/><T102/><D102/><U40/><E40/><V57/><F101/><N who="3" m="62511" /><G63/><T17/><D74/><U52/><REACH who="1" step="1"/><E51/><REACH who="1" ten="384,378,4,224" step="2"/><V77/><F31/><W110/><G110/><T73/><D17/><U42/><E42/><V117/><F119/><W12/><G12/><T129/><D129/><U84/><E84/><V45/><F117/><W134/><G66/><T112/><D73/><U50/><E50/><V72/><F3/><W109/><G64/><T86/><D112/><U113/><E113/><V36/><F114/><W0/><G109/><T11/><D11/><U58/><E58/><V83/><F57/><W49/><G49/><T27/><D27/><U123/><E123/><V107/><F36/><W111/><G111/><T28/><D28/><U20/><E20/><V22/><F22/><W9/><G0/><T82/><D82/><AGARI ba="0,1" hai="4,5,6,16,21,25,52,55,61,65,70,82,85,89" machi="82" ten="40,5200,0" yaku="1,1,54,2,53,0" doraHai="100" doraHaiUra="135" who="1" fromWho="0" sc="384,-52,378,62,4,0,224,0" owari="332,13.2,440,54.0,4,-49.6,224,-17.6" /></mjloggm>