<mjloggm ver="2.3"><GO type="41" lobby="0"/><UN n0="%65%6A%75%6E%70%65%69" n1="%E9%9A%86%E5%A3%AB%E4%B8%B8" n2="%E2%93%9D%4C%75%63%6B%79%4A" n3="%E3%83%97%E3%83%AA%E3%83%B3%E3%83%97%E3%83%AA%E3%83%B3" dan="14,13,18,13" rate="1875.70,1861.66,2165.57,1897.82" sx="M,M,M,M"/><TAIKYOKU oya="0"/><INIT seed="0,0,0,2,2,80" ten="250,250,250,250" oya="0" hai0="56,49,103,117,8,28,118,11,14,29,78,97,17" hai1="51,23,53,99,21,92,1,112,71,20,46,16,47" hai2="2,79,55,85,90,129,59,13,77,43,95,18,39" hai3="120,70,57,128,132,106,135,10,65,0,72,87,130"/><T22/><D78/><U122/><E122/><V73/><F2/><W62/><G72/><T105/><D118/><U31/><E112/><V127/><F127/><W48/><G106/><T113/><D117/><U100/><E1/><V41/><F129/><N who="3" m="49771" /><G120/><T108/><D113/><U58/><E71/><V34/><F34/><W114/><G114/><T124/><D124/><U89/><E31/><V27/><F27/><W102/><G102/><T3/><D108/><U24/><E47/><V74/><F39/><W6/><G87/><T42/><D3/><U26/><E26/><V109/><F109/><W38/><G38/><T82/><D28/><U66/><E66/><V60/><F74/><W5/><G5/><T25/><D82/><U84/><REACH who="1" step="1"/><E46/><REACH who="1" ten="250,240,250,250" step="2"/><V75/><F75/><W116/><G116/><T7/><D7/><U37/><E37/><V52/><F73/><W115/><G115/><T44/><REACH who="0" step="1"/><D56/><REACH who="0" ten="240,240,250,250" step="2"/><U33/><E33/><AGARI ba="0,2" hai="8,11,14,17,22,25,29,33,42,44,49,97,103,105" machi="33" ten="30,11600,0" yaku="1,1,2,1,7,1,53,1" doraHai="80" doraHaiUra="36" who="0" fromWho="1" sc="240,136,240,-116,250,0,250,0" /><INIT seed="0,1,0,0,4,6" ten="376,124,250,250" oya="0" hai0="18,77,95,108,111,91,99,23,22,51,59,79,129" hai1="74,87,93,124,27,104,37,30,20,130,60,2,97" hai2="15,116,62,1,9,47,135,17,3,89,132,43,115" hai3="90,75,57,14,42,58,119,11,85,69,81,55,94"/><T118/><D118/><U72/><E37/><V82/><F115/><W4/><G69/><T101/><D129/><U83/><E2/><V46/><F47/><W44/><G119/><T117/><D117/><U134/><E104/><V31/><F116/><W78/><G55/><T92/><D23/><U71/><E130/><V121/><F121/><W128/><G128/><T29/><D29/><U35/><E124/><V100/><F100/><W113/><G113/><T105/><D105/><U13/><E134/><N who="2" m="51243" /><F62/><W19/><G19/><T10/><D59/><U103/><E71/><V133/><N who="2" m="51251" /><V114/><DORA hai="38" /><F31/><W63/><G63/><T86/><D51/><AGARI ba="1,0" hai="4,11,14,42,44,51,57,58,75,78,81,85,90,94" machi="51" ten="30,3900,0" yaku="7,1,52,2" doraHai="6,38" who="3" fromWho="0" sc="376,-42,124,0,250,0,250,42" /><INIT seed="1,0,0,4,5,97" ten="334,124,250,292" oya="1" hai0="119,100,50,2,29,16,80,89,98,109,69,87,5" hai1="11,122,73,46,71,13,110,68,15,107,37,81,55" hai2="93,70,88,90,115,101,118,132,32,112,75,84,111" hai3="24,79,133,45,52,41,124,35,0,129,91,102,85"/><U66/><E122/><V17/><F32/><W83/><G129/><T105/><D119/><U39/><E15/><V30/><F70/><W108/><G108/><T4/><D109/><U62/><E110/><V104/><F111/><W78/><G124/><T10/><D29/><U49/><E71/><V20/><F30/><W19/><G133/><T99/><D69/><U6/><E107/><V51/><F75/><W127/><G127/><T58/><D99/><U38/><E73/><V8/><F90/><W117/><G117/><T64/><D2/><U22/><E81/><V23/><F51/><W43/><G0/><T28/><D28/><U125/><E125/><V77/><F77/><W96/><G78/><T42/><D64/><U21/><AGARI ba="0,0" hai="6,11,13,21,22,37,38,39,46,49,55,62,66,68" machi="21" ten="40,2100,0" yaku="0,1" doraHai="97" who="1" fromWho="1" sc="334,-7,124,21,250,-7,292,-7" /><INIT seed="1,1,0,2,3,9" ten="327,145,243,285" oya="1" hai0="116,5,133,64,72,74,69,96,101,117,36,61,124" hai1="118,129,21,111,100,125,88,34,68,95,62,84,41" hai2="82,29,67,49,70,78,102,10,108,3,131,85,94" hai3="26,23,112,17,97,132,43,77,98,8,33,48,56"/><U65/><E118/><V104/><F29/><W44/><G132/><T24/><D124/><U76/><E34/><V45/><F108/><W109/><G109/><T103/><D133/><U135/><E111/><V114/><F131/><W46/><G112/><T89/><D89/><U66/><E135/><V83/><F70/><W120/><G120/><T18/><D5/><U122/><E122/><V123/><F67/><W11/><G77/><T58/><D101/><U127/><E129/><V51/><F51/><W35/><G56/><T92/><D36/><U37/><E66/><V2/><F83/><W42/><G33/><T6/><D6/><U47/><E76/><V107/><F114/><W14/><G35/><T50/><D117/><U80/><E100/><V19/><F3/><W134/><G134/><T54/><D116/><U90/><REACH who="1" step="1"/><E21/><REACH who="1" ten="327,135,243,285" step="2"/><V63/><F123/><W39/><REACH who="3" step="1"/><G8/><REACH who="3" ten="327,135,243,275" step="2"/><T121/><D121/><U53/><E53/><V106/><F78/><W126/><G126/><T31/><D74/><U60/><E60/><V52/><F63/><W81/><G81/><T25/><D72/><U99/><AGARI ba="1,2" hai="37,41,47,62,65,68,80,84,88,90,95,99,125,127" machi="99" ten="30,11700,0" yaku="1,1,0,1,54,1,53,1" doraHai="9" doraHaiUra="38" who="1" fromWho="1" sc="327,-40,135,140,243,-40,275,-40" /><INIT seed="1,2,0,3,1,116" ten="287,275,203,235" oya="1" hai0="121,26,130,83,87,75,119,38,6,120,101,134,96" hai1="21,86,99,40,9,62,70,65,85,127,55,31,59" hai2="49,117,126,133,52,46,74,1,113,4,131,51,97" hai3="95,48,135,57,63,60,128,11,123,13,122,33,58"/><U20/><E127/><V32/><F117/><W25/><G135/><T47/><D119/><U10/><E40/><V2/><F32/><W36/><G36/><T53/><D134/><U42/><E42/><V103/><F133/><W29/><G128/><T90/><D38/><U22/><E31/><V15/><F74/><W71/><G71/><T5/><D130/><U61/><E99/><V112/><F131/><W82/><G82/><T124/><D124/><U43/><E43/><V129/><F51/><W111/><G111/><T105/><D26/><U78/><E78/><V93/><F129/><W76/><G76/><N who="0" m="44447" /><D53/><U115/><REACH who="1" step="1"/><E115/><REACH who="1" ten="287,265,203,235" step="2"/><N who="2" m="44107" /><F126/><W77/><G77/><T50/><D50/><U64/><E64/><V68/><F68/><W100/><G123/><N who="0" m="47179" /><D47/><U16/><E16/><V125/><F125/><W35/><G48/><T3/><D3/><U67/><E67/><V109/><F109/><W39/><G122/><T118/><D118/><U108/><E108/><V114/><F114/><W54/><G39/><T89/><D6/><U92/><E92/><V132/><F132/><W110/><G110/><T19/><D5/><U28/><E28/><V45/><F46/><W0/><G95/><T17/><D17/><U98/><E98/><V73/><F73/><W14/><G0/><T72/><D19/><U30/><E30/><V12/><F2/><W81/><G29/><T41/><D41/><U66/><E66/><V106/><F93/><W69/><G69/><T27/><D72/><U84/><AGARI ba="2,1" hai="9,10,20,21,22,55,59,61,62,65,70,84,85,86" machi="84" ten="30,3000,0" yaku="1,1,0,1,53,0" doraHai="116" doraHaiUra="44" who="1" fromWho="1" sc="287,-12,265,46,203,-12,235,-12" /><INIT seed="1,3,0,4,2,72" ten="275,311,191,223" oya="1" hai0="132,135,71,28,77,128,129,95,123,68,45,54,116" hai1="87,23,134,16,121,22,7,74,18,126,26,34,92" hai2="3,41,115,82,105,11,73,133,55,42,53,107,47" hai3="75,76,96,36,49,25,59,4,1,109,101,131,83"/><U14/><E74/><V52/><F42/><W102/><G131/><N who="0" m="50251" /><D28/><N who="1" m="19735" /><E92/><V104/><F133/><N who="0" m="51274" /><D95/><U84/><E87/><V120/><F120/><W13/><G36/><T33/><D33/><U63/><E84/><V39/><F115/><W19/><G109/><T5/><D5/><U122/><E63/><V0/><REACH who="2" step="1"/><F11/><REACH who="2" ten="275,311,181,223" step="2"/><W97/><G102/><T12/><D123/><N who="1" m="47115" /><E134/><V130/><F130/><W118/><G101/><T37/><D116/><U112/><E112/><V60/><F60/><W48/><G118/><T65/><D37/><U64/><E64/><V62/><F62/><W43/><G43/><T94/><D65/><U15/><E7/><V67/><F67/><W20/><G49/><T56/><D71/><U113/><E113/><V44/><F44/><W93/><G48/><T6/><D45/><U69/><E69/><V111/><F111/><W103/><G59/><T91/><D68/><U61/><E61/><V32/><F32/><W46/><G46/><T70/><D70/><U57/><E57/><V125/><F125/><AGARI ba="3,1" hai="14,15,16,18,22,23,125,126" m="47115,19735" machi="125" ten="30,5800,0" yaku="34,2,54,1" doraHai="72" who="1" fromWho="2" sc="275,0,311,77,181,-67,223,0" /><INIT seed="1,4,0,0,1,127" ten="275,388,114,223" oya="1" hai0="94,46,79,31,106,124,45,68,85,132,35,101,48" hai1="96,61,1,98,24,108,107,110,112,29,122,57,11" hai2="25,130,23,27,82,129,17,76,47,120,92,59,2" hai3="41,37,115,105,88,38,55,6,135,91,70,28,52"/><U71/><E122/><V8/><F120/><W58/><G135/><T20/><D124/><U30/><E112/><V97/><F47/><W19/><G105/><T13/><D132/><U18/><E71/><V117/><F117/><W89/><G70/><T104/><D68/><U69/><E69/><V56/><F27/><W15/><G115/><T32/><D32/><U81/><E81/><V78/><F8/><W16/><G28/><T125/><D35/><U123/><E123/><V119/><F2/><W80/><G80/><T21/><D125/><U0/><E30/><V103/><F119/><W64/><G38/><T100/><D79/><U51/><E51/><V66/><F78/><W7/><G37/><T12/><D31/><U39/><E39/><V113/><F113/><W86/><G41/><T111/><D48/><U118/><E118/><V10/><F10/><N who="3" m="4567" /><G86/><T65/><D85/><U9/><E0/><V87/><REACH who="2" step="1"/><F66/><REACH who="2" ten="275,388,104,223" step="2"/><W40/><G7/><T44/><D65/><U77/><E77/><V33/><F33/><W5/><G5/><T84/><D111/><N who="1" m="42539" /><E1/><V126/><F126/><W128/><G128/><AGARI ba="4,1" hai="17,23,25,56,59,76,82,87,92,97,103,128,129,130" machi="128" ten="40,8000,1" yaku="1,1,19,1,52,3,53,0" doraHai="127" doraHaiUra="121" who="2" fromWho="3" sc="275,0,388,0,104,102,223,-92" /><INIT seed="2,0,0,4,0,34" ten="275,388,206,131" oya="2" hai0="128,16,123,40,87,5,116,26,56,58,51,95,104" hai1="27,133,17,83,105,114,66,102,120,4,89,129,7" hai2="24,81,75,29,78,71,80,125,20,124,70,36,94" hai3="65,96,60,15,118,121,47,50,41,63,77,111,59"/><V30/><F36/><W21/><G121/><T90/><D116/><U1/><E114/><V99/><F81/><W9/><G118/><T84/><D123/><U115/><E115/><V88/><REACH who="2" step="1"/><F30/><REACH who="2" ten="275,388,196,131" step="2"/><W91/><G111/><T14/><D128/><U134/><E120/><V44/><F44/><W100/><G77/><T55/><D104/><U82/><E129/><V12/><F12/><W49/><G63/><T130/><D130/><U113/><E113/><V45/><F45/><W10/><G50/><T25/><D40/><U131/><E131/><V57/><F57/><W6/><G91/><T132/><D132/><N who="1" m="50795" /><E83/><V74/><F74/><W62/><G62/><T43/><D58/><U67/><E82/><V126/><AGARI ba="0,1" hai="20,24,29,70,71,75,78,80,88,94,99,124,125,126" machi="126" ten="30,12000,1" yaku="1,1,0,1,18,1,54,1,53,1" doraHai="34" doraHaiUra="73" who="2" fromWho="2" sc="275,-40,388,-40,196,130,131,-40" /><INIT seed="2,1,0,2,5,128" ten="235,348,326,91" oya="2" hai0="121,20,19,16,51,80,24,132,64,86,66,88,111" hai1="2,4,59,61,101,131,92,72,67,79,127,32,134" hai2="95,37,89,78,13,5,53,70,29,75,99,113,38" hai3="48,55,130,15,81,76,94,82,104,87,3,1,62"/><V18/><F113/><W40/><G104/><T63/><D121/><U33/><E131/><V56/><F70/><W52/><G130/><T7/><D111/><U109/><E109/><V57/><F5/><W65/><G94/><T122/><D122/><U17/><E127/><V100/><F29/><W42/><G15/><T43/><D7/><U135/><E72/><V45/><F78/><W93/><G93/><T23/><D132/><N who="1" m="50731" /><E79/><V123/><F75/><W90/><G3/><T10/><D10/><N who="1" m="2327" /><E17/><V28/><F28/><W68/><G1/><T12/><D63/><U27/><E27/><V6/><F6/><W85/><REACH who="3" step="1"/><G55/><REACH who="3" ten="235,348,326,81" step="2"/><T117/><D117/><U120/><E120/><V30/><F123/><W98/><G98/><AGARI ba="1,1" hai="32,33,59,61,67,92,98,101" m="2327,50731" machi="98" ten="30,7700,0" yaku="20,1,52,3" doraHai="128" who="1" fromWho="3" sc="235,0,348,90,326,0,81,-80" /><INIT seed="3,0,0,4,1,60" ten="235,438,326,1" oya="3" hai0="46,91,10,120,89,76,43,33,8,107,105,134,112" hai1="69,96,98,2,52,86,74,94,0,15,23,14,19" hai2="38,25,56,48,122,54,47,92,1,36,67,99,116" hai3="118,66,37,85,110,78,93,6,21,3,18,13,70"/><W61/><G118/><T64/><D33/><U31/><E74/><V55/><F1/><W117/><G117/><T127/><D120/><U72/><E72/><V103/><F116/><W95/><G37/><T32/><D32/><U84/><E69/><V106/><F122/><W90/><G110/><T45/><D127/><U7/><E2/><V81/><F106/><W115/><G115/><T50/><D112/><U88/><E0/><V114/><F114/><W126/><G126/><T12/><D134/><U71/><E71/><V125/><F125/><W73/><G73/><T135/><D135/><U79/><E31/><V77/><F25/><W104/><G104/><T133/><D133/><U128/><E128/><V9/><F9/><W34/><G34/><T83/><D83/><N who="1" m="47231" /><E52/><V29/><F29/><W109/><G109/><T40/><D50/><U49/><E49/><V129/><F55/><W59/><G70/><T30/><D30/><U20/><E7/><V101/><F129/><W22/><G22/><T53/><D53/><U17/><AGARI ba="0,0" hai="14,15,17,19,20,23,86,88,94,96,98" m="47231" machi="17" ten="30,2000,0" yaku="8,1,54,1" doraHai="60" who="1" fromWho="1" sc="235,-5,438,20,326,-5,1,-10" owari="230,-17.0,458,55.8,321,12.1,-9,-50.9" /></mjloggm>