<mjloggm ver="2.3"><GO type="41" lobby="0"/><UN n0="%E8%B5%A4%E3%83%A1%E3%82%AC%E3%83%8D%E7%B5%84%E9%95%B7" n1="%66%75%6E%6C%69%75%6E%67" n2="%E2%93%9D%4C%75%63%6B%79%4A" n3="%E7%A5%A5%E5%AD%90%E5%A4%A7%E5%8F%94%39%37" dan="14,15,18,15" rate="1976.16,2136.78,2169.09,1993.13" sx="M,M,M,M"/><TAIKYOKU oya="0"/><INIT seed="0,0,0,1,5,109" ten="250,250,250,250" oya="0" hai0="30,66,62,8,96,39,64,69,28,131,90,78,65" hai1="83,7,92,126,115,40,75,71,0,124,54,61,132" hai2="24,1,15,4,37,88,29,23,103,134,76,10,68" hai3="27,38,73,49,18,72,3,120,36,25,2,123,86"/><T43/><D78/><N who="1" m="44511" /><E54/><V104/><F134/><W6/><G86/><T60/><D131/><U63/><E63/><V80/><F68/><W94/><G94/><T33/><D8/><N who="1" m="2151" /><E92/><V41/><F104/><W116/><G49/><T99/><D90/><U79/><E79/><V9/><F103/><W85/><G85/><T84/><D84/><U31/><E31/><V97/><F37/><W81/><G6/><T106/><D39/><U114/><E40/><V17/><F41/><W26/><G81/><T127/><D43/><U117/><E117/><V32/><F10/><W77/><G77/><T42/><D42/><U98/><E98/><V87/><REACH who="2" step="1"/><F97/><REACH who="2" ten="250,250,240,250" step="2"/><W93/><G38/><T111/><D69/><U121/><E132/><V110/><F110/><W128/><G36/><T129/><D111/><U45/><E121/><V130/><F130/><W70/><G128/><T52/><D129/><U125/><E45/><V53/><F53/><W102/><G70/><T74/><D52/><U135/><E135/><V55/><F55/><W5/><G120/><T100/><D74/><U48/><E48/><V50/><F50/><W51/><G51/><T16/><D99/><U82/><E82/><V13/><F13/><W56/><G123/><T57/><D62/><U20/><E20/><V21/><F21/><W89/><G73/><T108/><D108/><U118/><E118/><V46/><F46/><W14/><G116/><T44/><D44/><U12/><E12/><V101/><F101/><W107/><G72/><T91/><D60/><U113/><E61/><V58/><F58/><W34/><G56/><RYUUKYOKU ba="0,1" sc="250,-15,250,15,240,15,250,-15" hai1="71,113,114,115,124,125,126" hai2="1,4,9,15,17,23,24,29,32,76,80,87,88" /><INIT seed="1,1,1,5,3,21" ten="235,265,255,235" oya="1" hai0="50,51,113,0,91,129,15,36,33,32,27,25,62" hai1="66,6,35,104,132,87,126,52,135,42,28,44,34" hai2="116,22,88,81,13,37,89,64,123,46,117,114,43" hai3="60,3,101,20,77,61,53,131,39,83,128,79,121"/><U84/><E104/><V54/><F123/><W78/><G121/><T100/><D36/><U102/><E102/><V57/><F64/><W99/><G3/><T94/><D0/><U107/><E107/><V55/><F55/><W74/><G39/><T119/><D119/><U95/><E66/><V11/><F114/><W2/><G2/><T106/><D113/><U98/><E6/><V14/><F14/><W93/><G20/><T127/><D106/><U112/><E112/><V7/><F22/><W24/><G24/><N who="0" m="9291" /><D33/><U17/><E34/><V73/><F117/><W63/><REACH who="3" step="1"/><G53/><REACH who="3" ten="235,265,255,225" step="2"/><T72/><D32/><U47/><E52/><V103/><F116/><W12/><G12/><T65/><D15/><U134/><E35/><V26/><F26/><W105/><G105/><T58/><D127/><U56/><E126/><V110/><F13/><W133/><G133/><T45/><D129/><AGARI ba="1,2" hai="60,61,63,74,77,78,79,83,93,99,101,128,129,131" machi="129" ten="40,2600,0" yaku="1,1,19,1,53,0" doraHai="21" doraHaiUra="38" who="3" fromWho="0" sc="235,-29,265,0,255,0,225,49" /><INIT seed="2,0,0,1,2,118" ten="206,265,255,274" oya="2" hai0="89,19,124,91,85,0,97,109,54,28,44,39,24" hai1="40,106,121,45,123,110,93,3,96,72,12,132,131" hai2="15,108,58,84,6,128,57,18,49,112,83,86,25" hai3="61,75,30,2,8,46,5,14,70,17,34,114,127"/><V22/><F112/><W26/><G75/><T23/><D0/><U107/><E3/><V53/><F128/><W102/><G114/><T103/><D124/><U71/><E72/><V35/><F108/><W82/><G127/><T21/><D109/><U98/><E110/><V55/><F35/><W43/><G82/><T27/><D39/><U68/><E131/><V73/><F73/><W80/><G80/><T119/><D119/><U9/><E132/><V52/><F86/><W66/><G102/><T87/><D44/><U113/><E113/><V111/><F111/><W94/><G94/><T7/><D7/><U69/><E106/><V115/><F115/><W122/><G122/><N who="1" m="46602" /><E107/><V134/><F134/><W90/><G90/><T37/><D37/><N who="1" m="21647" /><E93/><V81/><F83/><W38/><G2/><T36/><D36/><U60/><E60/><V117/><F117/><W56/><G5/><AGARI ba="0,0" hai="5,9,12,68,69,71,96,98" m="21647,46602" machi="5" ten="40,8000,1" yaku="13,1,52,3" doraHai="118" who="1" fromWho="3" sc="206,0,265,80,255,0,274,-80" /><INIT seed="3,0,0,2,4,111" ten="206,345,255,194" oya="3" hai0="121,70,84,95,30,58,107,67,105,41,20,15,118" hai1="113,130,90,81,128,120,18,119,45,66,44,42,33" hai2="87,104,47,34,6,109,78,96,4,22,72,29,10" hai3="131,133,65,64,124,62,125,89,112,93,28,26,97"/><W25/><G131/><T56/><D70/><U73/><E120/><V115/><F109/><W76/><G76/><T80/><D121/><U53/><E33/><V108/><F6/><W91/><G133/><T85/><D118/><U132/><E132/><V135/><F22/><W106/><G106/><T17/><D30/><U117/><E66/><V82/><F108/><W14/><G14/><T103/><D41/><U23/><E53/><V39/><F87/><W35/><G26/><T123/><D123/><U43/><E90/><V38/><F47/><W54/><G91/><T79/><D107/><U5/><E5/><V8/><F10/><W116/><G116/><T88/><D67/><U126/><E23/><V71/><F71/><W52/><G65/><T12/><D12/><U75/><E81/><V49/><F49/><W92/><G92/><T69/><D69/><U19/><REACH who="1" step="1"/><E126/><REACH who="1" ten="206,335,255,194" step="2"/><N who="3" m="48746" /><G54/><T16/><REACH who="0" step="1"/><D17/><REACH who="0" ten="196,335,255,194" step="2"/><U27/><E27/><V102/><F135/><W31/><G64/><T129/><D129/><U1/><E1/><V60/><F4/><W134/><G134/><T74/><D74/><U59/><E59/><V13/><F72/><W11/><G31/><T99/><AGARI ba="0,2" hai="15,16,20,56,58,79,80,84,85,88,95,99,103,105" machi="99" ten="30,8000,1" yaku="1,1,0,1,54,2,53,1" doraHai="111" doraHaiUra="9" who="0" fromWho="0" sc="196,100,335,-20,255,-20,194,-40" /><INIT seed="4,0,0,4,4,25" ten="296,315,235,154" oya="0" hai0="60,71,8,14,97,122,32,69,66,95,74,94,112" hai1="18,21,117,130,84,73,62,134,19,47,63,86,116" hai2="20,1,11,88,64,12,85,10,72,103,120,133,128" hai3="77,87,110,28,58,82,76,56,23,131,91,2,83"/><T96/><D74/><U5/><E73/><V81/><F120/><W67/><G110/><T9/><D122/><U65/><E134/><V15/><F1/><W50/><G2/><T111/><D111/><U108/><E108/><V124/><F133/><W54/><G131/><T38/><D38/><U114/><E130/><V127/><F128/><W93/><G83/><T135/><D135/><U43/><E5/><V41/><F64/><W16/><G28/><T51/><D112/><U125/><E114/><V61/><F61/><N who="3" m="38327" /><G82/><T126/><D126/><N who="2" m="48170" /><F41/><W57/><G57/><T79/><D79/><U52/><E125/><V109/><F109/><W31/><G31/><T132/><D132/><U27/><E43/><V78/><F103/><W22/><G22/><T40/><D32/><U4/><E4/><V17/><F15/><AGARI ba="0,0" hai="15,16,23,50,54,56,76,77,87,91,93" m="38327" machi="15" ten="30,3900,0" yaku="25,1,8,1,54,1" doraHai="25" who="3" fromWho="2" sc="296,0,315,0,235,-39,154,39" /><INIT seed="5,0,0,2,0,14" ten="296,315,196,193" oya="1" hai0="83,101,109,26,78,30,55,133,71,107,27,41,6" hai1="20,116,5,102,76,18,3,17,108,118,1,94,45" hai2="22,38,127,87,106,62,89,72,2,119,58,53,68" hai3="43,73,130,21,66,10,77,126,46,110,85,69,54"/><U123/><E76/><V11/><F119/><W24/><G110/><T44/><D71/><U112/><E102/><V91/><F38/><W125/><G130/><T32/><D109/><U121/><E108/><V129/><F72/><W81/><G73/><T59/><D6/><U15/><E94/><V131/><F68/><W99/><G10/><T36/><D133/><U49/><E5/><V16/><F106/><W0/><G0/><N who="1" m="74" /><E49/><V82/><F127/><W63/><G54/><T114/><D114/><U7/><E7/><V67/><F2/><W29/><REACH who="3" step="1"/><G99/><REACH who="3" ten="296,315,196,183" step="2"/><T39/><D55/><U37/><E112/><V88/><F11/><W113/><G113/><T93/><D107/><U35/><E118/><V28/><F53/><W8/><G8/><T134/><D134/><U50/><E116/><V64/><F67/><W56/><G56/><T33/><D59/><U25/><E45/><V128/><F28/><W48/><AGARI ba="0,1" hai="21,24,29,43,46,48,63,66,69,77,81,85,125,126" machi="48" ten="30,4000,0" yaku="1,1,0,1,53,1" doraHai="14" doraHaiUra="40" who="3" fromWho="3" sc="296,-10,315,-20,196,-10,183,50" /><INIT seed="6,0,0,4,5,92" ten="286,295,186,233" oya="2" hai0="86,75,0,61,115,68,8,135,67,128,98,121,39" hai1="30,133,134,16,60,108,119,5,113,127,10,58,78" hai2="125,47,51,81,70,65,37,84,112,21,17,45,6" hai3="103,31,54,59,114,4,126,44,71,32,35,13,24"/><V2/><F125/><W122/><G122/><T131/><D86/><U129/><E119/><V109/><F109/><W124/><G71/><T102/><D121/><U36/><E108/><V93/><F112/><W42/><G114/><T69/><D115/><U77/><E113/><V87/><F37/><W26/><G103/><T107/><D135/><N who="1" m="51723" /><E36/><V106/><F106/><W27/><G44/><T56/><D56/><U25/><E127/><N who="3" m="48682" /><G42/><T90/><D90/><U66/><E129/><V18/><F6/><W80/><G80/><T46/><D69/><U33/><E16/><V23/><F2/><AGARI ba="0,0" hai="2,5,10,25,30,33,58,60,66,77,78" m="51723" machi="2" ten="30,1000,0" yaku="20,1" doraHai="92" who="1" fromWho="2" sc="286,0,295,10,186,-10,233,0" /><INIT seed="7,0,0,1,1,135" ten="286,305,176,233" oya="3" hai0="65,114,19,112,0,43,17,89,88,93,56,29,62" hai1="14,35,48,76,130,125,45,129,39,49,122,75,77" hai2="11,41,85,103,36,82,15,98,33,44,23,133,117" hai3="92,37,71,10,50,110,95,54,55,31,40,121,57"/><W108/><G121/><T34/><D0/><U118/><E122/><V74/><F133/><W124/><G71/><T79/><D79/><N who="1" m="30283" /><E75/><V73/><F33/><W8/><G31/><T134/><D134/><U104/><E104/><V107/><F117/><W111/><G37/><T81/><D43/><N who="1" m="22783" /><E35/><V47/><F47/><W69/><G69/><T51/><D51/><U99/><E99/><V6/><REACH who="2" step="1"/><F23/><REACH who="2" ten="286,305,166,233" step="2"/><W18/><G108/><T90/><D34/><U72/><E118/><V132/><F132/><W42/><G110/><T87/><D29/><U84/><E72/><V94/><F94/><W80/><G111/><T30/><D30/><U119/><E119/><V52/><F52/><W7/><G95/><T60/><D60/><U97/><E130/><V59/><F59/><W22/><G92/><T66/><D66/><U115/><E129/><V2/><F2/><W3/><G55/><T28/><D28/><U12/><E115/><N who="0" m="44073" /><D90/><AGARI ba="0,1" hai="6,11,15,36,41,44,73,74,82,85,90,98,103,107" machi="90" ten="30,3900,0" yaku="1,1,7,1,53,1" doraHai="135" doraHaiUra="78" who="2" fromWho="0" sc="286,-39,305,0,166,49,233,0" owari="247,4.7,305,40.5,215,-28.5,233,-16.7" /></mjloggm>