<mjloggm ver="2.3"><GO type="41" lobby="0"/><UN n0="%E3%81%9F%E3%81%93%E3%82%8B%E3%82%93" n1="%E2%93%9D%4C%75%63%6B%79%4A" n2="%E6%B1%90%E5%AE%AE%E6%A0%9E" n3="%E3%81%8A%E3%81%BF%E3%82%88" dan="13,17,14,13" rate="1871.56,2156.20,1973.51,1963.83" sx="M,M,F,F"/><TAIKYOKU oya="0"/><INIT seed="0,0,0,0,1,86" ten="250,250,250,250" oya="0" hai0="16,30,7,125,11,33,31,100,71,13,57,79,55" hai1="129,70,63,2,12,5,26,56,93,41,66,82,124" hai2="107,89,130,1,0,67,37,9,15,83,54,35,108" hai3="122,47,17,127,23,74,58,128,21,75,94,92,105"/><T22/><D71/><U106/><E106/><V76/><F107/><W38/><G105/><T99/><D79/><U112/><E2/><V134/><F35/><W28/><G122/><T109/><D125/><U24/><E129/><V133/><F130/><W73/><G127/><T80/><D80/><U68/><E41/><V135/><F37/><W96/><G128/><T95/><D33/><U6/><E112/><V114/><F67/><W32/><G32/><T126/><D126/><U120/><E120/><V53/><F114/><W104/><G104/><T42/><D42/><U64/><E82/><V102/><F102/><W98/><G38/><T78/><D78/><U40/><E40/><V131/><F131/><W10/><G47/><T111/><D7/><U29/><E6/><V3/><F108/><N who="0" m="41546" /><D11/><U39/><E70/><V46/><F46/><W116/><G116/><T81/><D81/><U34/><E68/><V62/><F62/><AGARI ba="0,0" hai="13,16,22,30,31,55,57,62,95,99,100" m="41546" machi="62" ten="30,5800,0" yaku="14,1,10,1,54,1" doraHai="86" who="0" fromWho="2" sc="250,58,250,0,250,-58,250,0" /><INIT seed="0,1,0,0,1,115" ten="308,250,192,250" oya="0" hai0="61,10,120,51,70,78,29,38,68,105,18,107,133" hai1="11,123,22,42,103,25,76,19,31,62,57,15,98" hai2="102,131,121,60,69,27,94,110,47,134,9,100,132" hai3="50,64,88,77,20,84,116,52,45,114,7,35,108"/><T49/><D120/><U135/><E135/><V90/><F121/><W74/><G114/><T17/><D61/><U53/><E123/><V75/><F75/><W85/><G35/><T39/><D10/><U32/><E76/><V92/><F110/><W65/><G74/><T63/><D63/><U73/><E73/><V40/><F131/><W43/><G116/><T119/><D29/><U126/><E126/><V55/><F9/><W1/><G108/><T130/><D78/><U66/><E42/><V101/><F27/><W117/><G117/><T122/><D122/><U26/><E26/><V86/><F55/><W6/><G1/><T124/><D124/><U54/><REACH who="1" step="1"/><E32/><REACH who="1" ten="308,240,192,250" step="2"/><V112/><F112/><W33/><G33/><T109/><D133/><N who="2" m="51306" /><F69/><W81/><G43/><T37/><D109/><U129/><E129/><V59/><F40/><W95/><REACH who="3" step="1"/><G20/><REACH who="3" ten="308,240,192,240" step="2"/><T14/><D130/><U4/><E4/><AGARI ba="1,2" hai="4,6,7,45,50,52,64,65,77,81,84,85,88,95" machi="4" ten="40,8000,1" yaku="1,1,2,1,8,1,54,2,53,0" doraHai="115" doraHaiUra="71" who="3" fromWho="1" sc="308,0,240,-83,192,0,240,103" /><INIT seed="1,0,0,4,0,78" ten="308,157,192,343" oya="1" hai0="109,81,52,91,40,88,57,100,33,43,64,116,126" hai1="69,80,6,68,107,25,90,117,9,37,123,125,36" hai2="122,50,13,76,35,53,63,119,124,79,118,1,26" hai3="99,49,129,42,85,30,72,134,113,14,38,46,114"/><U101/><E123/><V127/><F1/><W75/><G129/><T32/><D116/><N who="2" m="44586" /><F122/><W92/><G134/><T103/><D109/><U15/><E117/><V131/><F13/><W10/><G30/><T24/><D126/><N who="2" m="48170" /><F131/><W17/><G85/><N who="0" m="50223" /><D33/><U5/><E125/><V51/><F63/><W71/><G38/><T56/><D24/><U55/><E25/><V58/><F51/><W48/><G71/><T135/><D32/><U47/><E69/><V115/><F115/><W77/><G49/><N who="0" m="30735" /><D135/><U106/><E68/><V23/><F35/><W73/><REACH who="3" step="1"/><G77/><REACH who="3" ten="308,157,192,333" step="2"/><T67/><D91/><AGARI ba="0,1" hai="10,14,17,42,46,48,72,73,75,91,92,99,113,114" machi="91" ten="40,2600,0" yaku="1,1,2,1,53,0" doraHai="78" doraHaiUra="27" who="3" fromWho="0" sc="308,-26,157,0,192,0,333,36" /><INIT seed="2,0,0,2,4,66" ten="282,157,192,369" oya="2" hai0="102,134,2,97,85,32,99,49,132,68,17,48,86" hai1="28,63,64,100,54,126,23,71,55,44,9,78,6" hai2="79,46,87,67,131,47,110,98,56,43,40,101,57" hai3="124,84,62,83,36,92,3,90,81,4,53,7,94"/><V33/><F33/><W59/><G36/><T115/><D2/><U27/><E126/><V118/><F118/><W29/><G124/><T74/><D32/><U42/><E100/><V18/><F131/><W108/><G108/><T135/><D74/><U89/><E89/><V109/><F18/><W31/><G94/><T91/><D17/><U120/><E78/><V15/><F15/><W24/><G3/><T119/><D115/><U61/><E63/><V52/><F67/><W75/><G75/><T14/><D14/><U60/><E61/><V111/><F79/><W5/><REACH who="3" step="1"/><G24/><REACH who="3" ten="282,157,192,359" step="2"/><T21/><D119/><U35/><E120/><V77/><F111/><W20/><G20/><T1/><D21/><U80/><E35/><V30/><F110/><W123/><G123/><T34/><D1/><U93/><E93/><V58/><F109/><W69/><G69/><T65/><D34/><U95/><E95/><V38/><F38/><W114/><G114/><T128/><D128/><U13/><REACH who="1" step="1"/><E80/><AGARI ba="0,1" hai="4,5,7,29,31,53,59,62,80,81,83,84,90,92" machi="80" ten="40,2600,0" yaku="1,1,8,1,53,0" doraHai="66" doraHaiUra="104" who="3" fromWho="1" sc="282,0,157,-26,192,0,359,36" /><INIT seed="3,0,0,0,2,98" ten="282,131,192,395" oya="3" hai0="123,108,13,26,120,68,8,122,130,12,82,17,83" hai1="84,25,131,9,112,106,20,96,24,29,135,78,101" hai2="77,93,103,73,40,91,89,102,114,6,75,55,95" hai3="100,41,128,62,72,59,63,121,79,16,90,14,134"/><W32/><G121/><T5/><D68/><U0/><E112/><V48/><F40/><W37/><G32/><T94/><D94/><N who="2" m="35850" /><F6/><W23/><G90/><N who="2" m="34313" /><F48/><W92/><G59/><T105/><D105/><U69/><E131/><V119/><F55/><W19/><G128/><T67/><D83/><U10/><E135/><V124/><F114/><W15/><G134/><T52/><D82/><U11/><E69/><V80/><F119/><W43/><G62/><T35/><D67/><U110/><E110/><V3/><F3/><W39/><G63/><T60/><D60/><U44/><E44/><V42/><F42/><W33/><G41/><T107/><D52/><U46/><E46/><V45/><F124/><W116/><G43/><T71/><D107/><U74/><E0/><V76/><F45/><W64/><G64/><T57/><D57/><U127/><E127/><V18/><F18/><W125/><G19/><T129/><D108/><U81/><REACH who="1" step="1"/><E25/><REACH who="1" ten="282,121,192,395" step="2"/><V36/><F36/><W38/><G125/><T118/><D71/><U51/><E51/><V56/><F56/><W54/><G37/><T2/><D118/><U132/><E132/><V113/><F113/><W104/><G38/><T34/><D26/><U111/><E111/><V85/><F76/><W87/><G79/><T61/><D130/><U4/><E4/><V115/><F115/><W30/><G39/><T7/><D129/><U70/><E70/><V27/><F27/><W109/><G116/><T58/><D7/><U99/><E99/><V49/><F49/><W88/><G109/><T22/><D2/><U50/><E50/><RYUUKYOKU ba="0,1" sc="282,10,121,10,192,10,395,-30" hai0="5,8,12,13,17,22,34,35,58,61,120,122,123" hai1="9,10,11,20,24,29,74,78,81,84,96,101,106" hai2="73,75,77,80,85,102,103" /><INIT seed="4,1,1,4,4,29" ten="292,131,202,365" oya="0" hai0="121,87,103,38,43,84,133,75,113,23,33,9,122" hai1="98,99,18,86,124,74,91,37,62,104,49,56,50" hai2="3,89,85,95,4,110,83,34,12,67,26,118,24" hai3="94,53,81,120,129,70,59,51,15,92,63,123,102"/><T82/><D113/><U97/><E37/><V8/><F110/><W73/><G129/><T66/><D23/><U111/><E74/><V68/><F118/><W134/><G134/><T55/><D55/><U106/><E111/><V65/><F68/><W44/><G70/><T105/><D66/><N who="2" m="25098" /><F34/><W5/><G73/><T10/><D10/><U88/><E124/><V109/><F109/><W21/><G81/><T130/><D9/><U30/><E30/><V14/><F3/><W41/><G102/><T57/><D57/><U58/><E86/><N who="2" m="52663" /><F14/><W116/><G116/><T131/><D33/><U96/><N who="1" m="24576" /><DORA hai="0" /><U125/><E125/><V77/><AGARI ba="1,1" hai="4,8,12,24,26,77,83,85" m="52663,25098" machi="77" ten="30,2000,0" yaku="8,1,52,1" doraHai="29,0" who="2" fromWho="2" sc="292,-11,131,-6,202,33,365,-6" /><INIT seed="5,0,0,3,4,118" ten="281,125,235,359" oya="1" hai0="134,124,24,85,94,20,95,104,60,19,87,72,48" hai1="17,131,135,69,113,96,54,10,2,33,31,98,37" hai2="128,127,18,53,43,11,57,35,34,42,125,0,47" hai3="93,13,28,30,101,89,108,7,79,61,116,51,5"/><U129/><E37/><V110/><F110/><W109/><G101/><T46/><D104/><U52/><E69/><V41/><F128/><N who="1" m="49225" /><E113/><V27/><F47/><W25/><G79/><T59/><D72/><U107/><E135/><V133/><F133/><W39/><G39/><T92/><D124/><N who="2" m="47690" /><F27/><W80/><G80/><T8/><D8/><U4/><E17/><V99/><F99/><N who="1" m="37929" /><E107/><V114/><F114/><W58/><G7/><T81/><D81/><U106/><E106/><V86/><F86/><W71/><G5/><T56/><D134/><U122/><E122/><V23/><F0/><W67/><G71/><T120/><D120/><U126/><E126/><V123/><F123/><W97/><G116/><T76/><D76/><U36/><E36/><V112/><F112/><W88/><G30/><T50/><D50/><U32/><E31/><V78/><F78/><W55/><G28/><T63/><D48/><U90/><E90/><V14/><F11/><W12/><G89/><T38/><D46/><U115/><E115/><V26/><F14/><W105/><G25/><T1/><D1/><U82/><E82/><V73/><F73/><W29/><G29/><T65/><D38/><U70/><E70/><V49/><AGARI ba="0,0" hai="18,23,26,34,35,41,42,43,49,53,57" m="47690" machi="49" ten="30,1100,0" yaku="18,1" doraHai="118" who="2" fromWho="2" sc="281,-3,125,-5,235,11,359,-3" /><INIT seed="6,0,0,5,2,28" ten="278,120,246,356" oya="2" hai0="59,2,25,104,97,133,52,77,134,106,116,118,15" hai1="7,63,30,103,17,69,70,8,65,72,109,16,68" hai2="22,54,33,37,50,74,44,80,39,56,121,11,6" hai3="57,13,23,67,45,83,81,95,100,102,66,113,90"/><V55/><F121/><W93/><G45/><T73/><D2/><U20/><E109/><V61/><F22/><W32/><G32/><T78/><D15/><U89/><E72/><V38/><F33/><W85/><G95/><T105/><D25/><U101/><E89/><V111/><F111/><W126/><G126/><T123/><D52/><U128/><E128/><V35/><F35/><W132/><G132/><N who="0" m="50795" /><D59/><U47/><E30/><V27/><F27/><W75/><G75/><T19/><D19/><U130/><E130/><V1/><F74/><W12/><G57/><T21/><D21/><U51/><E70/><V124/><REACH who="2" step="1"/><F80/><REACH who="2" ten="278,120,236,356" step="2"/><W34/><G81/><T53/><D123/><U31/><E69/><V29/><F29/><W26/><G83/><T108/><D73/><U48/><E31/><V14/><F14/><W49/><G12/><T40/><D108/><U84/><E20/><V24/><F24/><W91/><G13/><T92/><D40/><U94/><E17/><V117/><F117/><N who="0" m="45162" /><D53/><U46/><E16/><V114/><F114/><W86/><G113/><T60/><D60/><U0/><E63/><V98/><F98/><W5/><G23/><T82/><D82/><U58/><E0/><V115/><F115/><W87/><G26/><T125/><D125/><AGARI ba="0,1" hai="1,6,11,37,38,39,44,50,54,55,56,61,124,125" machi="125" ten="50,2400,0" yaku="1,1,53,0" doraHai="28" doraHaiUra="131" who="2" fromWho="0" sc="278,-24,120,0,236,34,356,0" /><INIT seed="6,1,0,2,2,85" ten="254,120,270,356" oya="2" hai0="122,55,58,127,36,75,83,40,27,54,130,39,90" hai1="126,6,96,33,48,25,112,114,117,107,3,11,69" hai2="9,60,59,78,31,125,41,44,2,91,45,15,0" hai3="128,103,16,37,7,80,105,113,1,81,26,71,124"/><V32/><F125/><W49/><G37/><T133/><D122/><U104/><E48/><V76/><F32/><W13/><G71/><T47/><D127/><U120/><E126/><V65/><F31/><W42/><G113/><N who="1" m="43626" /><E69/><V52/><F0/><W129/><G103/><T66/><D133/><U12/><E96/><V28/><F2/><W14/><G105/><T21/><D130/><U34/><E107/><V109/><F109/><W23/><G124/><T74/><D36/><U57/><E57/><V134/><F28/><W89/><G7/><T5/><D5/><U29/><E104/><V121/><F121/><W94/><G49/><T92/><D83/><N who="3" m="31817" /><G42/><T4/><D4/><U97/><E97/><V62/><F134/><W22/><G22/><T56/><D66/><U86/><E86/><V118/><F41/><W8/><G8/><T99/><D58/><U51/><E51/><V43/><F43/><W77/><G1/><T110/><D55/><U38/><E38/><V115/><F9/><W116/><G116/><T10/><D10/><N who="1" m="2399" /><E120/><V63/><F44/><W87/><G77/><T84/><D110/><U61/><E61/><V101/><F63/><W64/><G64/><T132/><D132/><U100/><E100/><V17/><F101/><W53/><G53/><T50/><D84/><U30/><E117/><V67/><F78/><W68/><G68/><T93/><D92/><U111/><E111/><V88/><F76/><W18/><G94/><T82/><D82/><U73/><E73/><V119/><F118/><W19/><G87/><T72/><D72/><U108/><E108/><RYUUKYOKU ba="1,0" sc="254,30,120,-10,270,-10,356,-10" hai0="21,27,39,40,47,50,54,56,74,75,90,93,99" /><INIT seed="7,2,0,2,1,23" ten="284,110,260,346" oya="3" hai0="22,103,65,3,64,102,80,51,49,27,116,96,119" hai1="35,34,106,88,31,46,123,135,121,70,5,54,50" hai2="37,125,95,16,55,18,26,94,114,13,58,38,1" hai3="69,4,73,72,43,97,100,32,10,109,131,90,105"/><W41/><G69/><T39/><D39/><U68/><E106/><V115/><F1/><W99/><G32/><T56/><D3/><U53/><E5/><V98/><F125/><W113/><G113/><N who="2" m="43017" /><F95/><W24/><G24/><T7/><D7/><U17/><E135/><V62/><F13/><W85/><G97/><T84/><D103/><U71/><E17/><N who="2" m="6763" /><F26/><W60/><G60/><N who="0" m="37895" /><D65/><U11/><E11/><V87/><F87/><W101/><G105/><T132/><D132/><U47/><E31/><V122/><F122/><W74/><G100/><AGARI ba="2,0" hai="37,38,55,58,62,94,98,100" m="6763,43017" machi="100" ten="30,2000,0" yaku="15,1,54,1" doraHai="23" who="2" fromWho="3" sc="284,0,110,0,260,26,346,-26" owari="284,-11.6,110,-39.0,286,8.6,320,42.0" /></mjloggm>