<mjloggm ver="2.3"><GO type="41" lobby="0"/><UN n0="%E2%93%9D%4C%75%63%6B%79%4A" n1="%41%73%72%69%65%6C%32%34" n2="%E9%9B%B7%E9%9B%BB%E3%82%B3%E3%83%8A%E3%83%9F%E6%A5%BD%E3%81%97%E3%81%BF" n3="%5F%6A%75%6D%70%65%6E" dan="16,13,14,13" rate="2163.54,1995.05,1907.22,1885.23" sx="M,F,F,M"/><TAIKYOKU oya="0"/><INIT seed="0,0,0,3,1,92" ten="250,250,250,250" oya="0" hai0="124,77,20,38,22,29,9,34,121,31,35,126,74" hai1="44,30,65,11,63,117,7,93,45,54,64,125,87" hai2="105,66,10,15,104,103,95,130,49,14,86,108,4" hai3="83,60,67,135,50,115,6,21,78,96,81,109,17"/><T133/><D38/><U33/><E117/><V41/><F108/><W18/><G109/><T84/><D74/><U24/><E125/><N who="0" m="48233" /><D77/><U0/><E64/><V91/><F130/><W72/><G115/><T90/><D90/><U37/><E37/><V23/><F66/><W57/><G135/><T59/><D84/><U52/><E45/><V122/><F122/><W89/><G6/><T79/><D79/><U13/><E44/><V16/><F103/><W80/><G50/><T75/><D75/><U128/><E128/><V12/><F41/><W2/><G2/><T123/><D59/><U5/><E5/><V53/><REACH who="2" step="1"/><F12/><REACH who="2" ten="250,250,240,250" step="2"/><W88/><G89/><T73/><D133/><U129/><E129/><V119/><F119/><W107/><G107/><T42/><D42/><U27/><E13/><V76/><F76/><W43/><G43/><T120/><D73/><U51/><E27/><V127/><F127/><W26/><REACH who="3" step="1"/><G17/><REACH who="3" ten="250,250,240,240" step="2"/><T28/><D9/><U47/><E11/><V111/><F111/><W97/><G97/><T19/><D19/><U62/><E0/><V32/><F32/><AGARI ba="0,2" hai="20,22,28,29,31,32,34,35,120,121,123" m="48233" machi="32" ten="40,12000,1" yaku="28,2,18,1,34,2" doraHai="92" who="0" fromWho="2" sc="250,140,250,0,240,-120,240,0" /><INIT seed="0,1,0,0,1,67" ten="390,250,120,240" oya="0" hai0="8,96,114,94,113,133,7,52,14,19,22,82,38" hai1="126,81,50,28,49,107,59,117,119,104,125,110,32" hai2="93,122,56,21,42,47,61,57,134,103,97,27,88" hai3="102,118,51,92,80,54,26,111,131,87,12,86,35"/><T64/><D38/><U37/><E37/><V98/><F122/><W46/><G118/><T116/><D116/><N who="1" m="44619" /><E32/><V89/><F134/><W90/><G131/><T15/><D133/><U53/><E28/><V105/><F105/><W62/><G111/><T123/><D123/><U99/><E110/><V6/><F6/><W36/><G35/><T11/><D64/><U0/><E0/><V75/><F75/><W78/><G26/><T79/><D22/><U13/><E13/><V33/><F33/><W60/><G36/><T29/><D29/><U20/><E20/><V135/><F98/><W83/><G12/><T3/><D3/><U84/><E50/><V121/><F56/><W109/><G109/><T9/><D11/><U127/><E99/><AGARI ba="1,0" hai="46,51,54,60,62,78,80,83,86,87,90,92,99,102" machi="99" ten="40,1300,0" yaku="8,1" doraHai="67" who="3" fromWho="1" sc="390,0,250,-16,120,0,240,16" /><INIT seed="1,0,0,0,5,90" ten="390,234,120,256" oya="1" hai0="14,101,37,128,20,45,133,77,26,119,114,65,86" hai1="19,62,126,40,127,104,100,16,111,30,10,125,64" hai2="92,21,29,80,87,96,88,131,43,53,112,54,35" hai3="55,0,130,33,75,84,135,25,56,13,124,129,102"/><U3/><E40/><V1/><F1/><W110/><G75/><T41/><D114/><U51/><E51/><V97/><F35/><W34/><G102/><T79/><D119/><U78/><E78/><V31/><F112/><W106/><G106/><T113/><D128/><U81/><E81/><V122/><F122/><W27/><G110/><T115/><D133/><U61/><E30/><V32/><F32/><W109/><G109/><T39/><D65/><U59/><E111/><V121/><F121/><W117/><G117/><T18/><D39/><U47/><E47/><V60/><F131/><W58/><G84/><T83/><D79/><U38/><E38/><V99/><F43/><W132/><G13/><T5/><D5/><U36/><E36/><V91/><F29/><W23/><G23/><T73/><D101/><U103/><E62/><V12/><F54/><W22/><G22/><T74/><D115/><U52/><E64/><V49/><F60/><W118/><G118/><T7/><REACH who="0" step="1"/><D113/><REACH who="0" ten="380,234,120,256" step="2"/><U70/><E103/><V134/><F134/><W8/><G135/><T50/><D50/><U28/><E70/><V85/><F85/><W76/><G132/><T98/><D98/><N who="1" m="61463" /><E28/><V24/><REACH who="2" step="1"/><F12/><REACH who="2" ten="380,234,110,256" step="2"/><W68/><G130/><T107/><D107/><U44/><E3/><V11/><F11/><AGARI ba="0,2" hai="7,11,14,18,20,26,37,41,45,73,74,77,83,86" machi="11" ten="40,1300,0" yaku="1,1,53,0" doraHai="90" doraHaiUra="93" who="0" fromWho="2" sc="380,33,234,0,110,-13,256,0" /><INIT seed="2,0,0,5,5,3" ten="413,234,97,256" oya="2" hai0="125,44,15,22,93,110,70,56,128,97,98,84,115" hai1="26,23,7,29,122,33,71,82,104,9,121,107,79" hai2="43,108,50,92,105,135,21,68,45,91,129,94,81" hai3="42,100,41,119,40,14,116,90,34,8,49,78,31"/><V48/><F68/><W39/><G100/><T57/><D115/><U4/><E71/><V32/><F129/><W47/><G39/><T12/><D110/><U1/><E23/><V124/><F135/><W88/><G34/><T25/><D125/><U101/><E101/><V35/><F124/><W120/><G31/><T0/><D0/><U106/><REACH who="1" step="1"/><E7/><REACH who="1" ten="413,224,97,256" step="2"/><V75/><F105/><W55/><G120/><T19/><D22/><U13/><E13/><V2/><F2/><W5/><REACH who="3" step="1"/><G78/><REACH who="3" ten="413,224,97,246" step="2"/><T10/><D15/><U134/><E134/><V72/><F32/><W117/><AGARI ba="0,2" hai="5,8,14,40,41,42,47,49,55,88,90,116,117,119" machi="117" ten="40,8000,1" yaku="1,1,2,1,0,1,52,1,54,1,53,0" doraHai="3" doraHaiUra="27" who="3" fromWho="3" sc="413,-20,224,-20,97,-40,246,100" /><INIT seed="3,0,0,2,3,99" ten="393,204,57,346" oya="3" hai0="4,33,18,87,0,102,109,63,127,134,97,133,23" hai1="111,129,66,91,73,46,47,26,93,95,132,70,45" hai2="40,67,20,8,103,69,51,106,10,83,50,130,43" hai3="12,81,89,75,74,24,61,7,32,88,25,35,60"/><W41/><G41/><T110/><D33/><U56/><E73/><V116/><F83/><W94/><G94/><T11/><D63/><U9/><E111/><N who="0" m="42505" /><D87/><U52/><E129/><V117/><F20/><W131/><BYE who="2" /><G131/><T79/><D79/><UN n2="%E9%9B%B7%E9%9B%BB%E3%82%B3%E3%83%8A%E3%83%9F%E6%A5%BD%E3%81%97%E3%81%BF" /><U38/><E132/><N who="0" m="50793" /><D127/><U108/><E108/><V135/><F135/><W15/><REACH who="3" step="1"/><G7/><REACH who="3" ten="393,204,57,336" step="2"/><T96/><D102/><U49/><E95/><V27/><F130/><W64/><G64/><T86/><D86/><U17/><E66/><V105/><F67/><W16/><G16/><T92/><D92/><U59/><E38/><V14/><F69/><W13/><G13/><AGARI ba="0,1" hai="0,4,11,13,18,23,96,97" m="50793,42505" machi="13" ten="30,2000,0" yaku="14,1,20,1" doraHai="99" who="0" fromWho="3" sc="393,30,204,0,57,0,336,-20" /><INIT seed="4,0,0,4,4,69" ten="423,204,57,316" oya="0" hai0="25,115,134,39,107,119,131,77,98,86,122,64,31" hai1="28,10,90,85,108,95,21,128,32,59,43,99,35" hai2="49,80,38,19,61,92,9,46,56,121,114,40,126" hai3="45,44,111,118,24,133,34,124,48,33,65,55,81"/><T135/><D122/><U4/><E108/><V102/><F121/><W13/><G111/><T100/><D119/><U63/><E128/><V41/><F114/><W7/><G118/><T52/><D64/><U113/><E43/><V11/><F126/><W27/><G124/><T22/><D115/><U6/><E113/><V53/><F80/><W116/><G116/><T89/><D77/><U20/><E35/><V51/><F19/><W50/><G65/><T36/><D52/><N who="1" m="34279" /><E32/><V83/><F83/><W132/><G81/><N who="0" m="49359" /><D131/><U54/><E54/><V103/><F92/><W105/><G105/><T129/><D129/><U123/><E123/><V5/><F11/><W101/><G101/><T68/><D68/><U75/><E75/><V62/><F62/><W88/><G7/><T26/><D26/><N who="3" m="9769" /><G13/><T112/><D112/><U3/><E3/><V78/><F78/><W74/><G74/><T47/><D47/><U109/><E28/><V91/><F91/><W66/><G66/><T29/><D31/><U12/><E4/><V72/><F72/><W82/><G34/><T96/><D98/><U57/><E57/><V8/><F8/><W79/><G33/><T42/><D42/><U84/><E109/><V0/><REACH who="2" step="1"/><F61/><REACH who="2" ten="423,204,47,316" step="2"/><W97/><G79/><T60/><D60/><U67/><E10/><V120/><F120/><W17/><G82/><T104/><D107/><U76/><E76/><V87/><F87/><W106/><G106/><T2/><D2/><U127/><E85/><V14/><F14/><W117/><G117/><T71/><D71/><U23/><E127/><V58/><F58/><RYUUKYOKU ba="0,1" sc="423,15,204,-15,47,15,316,-15" hai0="22,25,29,36,39,96,100,104,134,135" hai2="0,5,9,38,40,41,46,49,51,53,56,102,103" /><INIT seed="4,1,1,4,0,98" ten="438,189,62,301" oya="0" hai0="20,112,30,118,22,74,53,12,72,120,21,97,34" hai1="78,81,127,0,50,107,100,124,57,4,32,104,76" hai2="84,79,102,26,85,25,36,129,42,86,77,33,71" hai3="75,133,38,111,51,115,99,31,14,52,63,3,39"/><T17/><D120/><U121/><E121/><V58/><F71/><W117/><G111/><T16/><D118/><U88/><E32/><V106/><F129/><W94/><G117/><T9/><D53/><N who="1" m="31927" /><E0/><V128/><F128/><W18/><G3/><T61/><D61/><U69/><E69/><V80/><F58/><W101/><G75/><T1/><D97/><N who="1" m="61455" /><E4/><V110/><F110/><W103/><G31/><T24/><D112/><U90/><E107/><V73/><F79/><W6/><G115/><T108/><D108/><U54/><E54/><V55/><F55/><W83/><G6/><N who="0" m="1231" /><D74/><U19/><E19/><N who="0" m="7241" /><D72/><N who="1" m="43143" /><E78/><V131/><F131/><W92/><G63/><T64/><D64/><U93/><E90/><V41/><F41/><W43/><G43/><T135/><D135/><U29/><E29/><V45/><REACH who="2" step="1"/><F33/><REACH who="2" ten="438,189,52,301" step="2"/><W134/><G133/><T119/><D119/><U62/><E62/><V67/><F67/><W68/><G134/><T7/><D34/><U95/><E127/><V116/><F116/><W132/><G132/><T82/><D82/><U126/><E126/><V47/><F47/><N who="3" m="27775" /><G68/><T123/><D123/><U91/><E124/><V60/><F60/><W10/><G39/><T23/><D7/><U122/><E122/><V28/><F28/><W37/><G38/><T2/><D2/><U109/><E109/><V46/><F46/><W130/><G37/><T35/><D35/><U48/><E48/><V87/><N who="2" m="21504" /><DORA hai="40" /><V65/><F65/><W13/><G130/><T56/><D56/><U114/><E114/><V8/><F8/><N who="3" m="6439" /><G83/><T66/><D66/><U70/><E70/><RYUUKYOKU ba="1,2" sc="438,10,189,10,52,10,301,-30" hai0="12,20,21,22,23,24,30" hai1="88,91,93,95" hai2="25,26,36,42,45,73,77,80,102,106" /><INIT seed="4,2,2,2,4,51" ten="448,199,62,271" oya="0" hai0="23,24,26,42,71,78,55,20,4,59,63,118,30" hai1="57,87,84,85,36,100,128,67,37,121,1,93,79" hai2="74,122,3,33,54,68,60,131,29,6,102,116,90" hai3="91,112,43,76,81,12,101,94,82,66,125,119,53"/><T69/><D118/><U113/><E1/><V98/><F74/><W86/><G119/><T103/><D42/><U56/><E121/><V17/><F122/><W95/><G112/><T108/><D108/><U25/><E128/><V21/><F116/><W80/><G66/><T77/><D103/><U52/><E79/><V99/><F131/><W16/><G43/><T130/><D130/><U58/><E113/><V107/><F29/><W96/><G125/><T49/><D4/><U31/><E67/><V14/><F33/><W35/><G35/><T8/><D8/><U61/><E36/><V75/><F75/><W22/><REACH who="3" step="1"/><G53/><REACH who="3" ten="448,199,62,261" step="2"/><N who="0" m="34287" /><D71/><U0/><E37/><V65/><F54/><W117/><G117/><T44/><D69/><U39/><E39/><V110/><F110/><W10/><G10/><T34/><D34/><U92/><E0/><V27/><F3/><W5/><G5/><T40/><D40/><U9/><E9/><V105/><F14/><W109/><G109/><T106/><D106/><U64/><E64/><V135/><F6/><W13/><G13/><T89/><D89/><U18/><E100/><V38/><F38/><W132/><G132/><T73/><D73/><AGARI ba="2,3" hai="12,16,22,73,76,80,81,82,86,91,94,95,96,101" machi="73" ten="30,3900,0" yaku="1,1,7,1,54,1,53,0" doraHai="51" doraHaiUra="133" who="3" fromWho="0" sc="448,-45,199,0,62,0,261,75" /><INIT seed="5,0,0,4,3,13" ten="403,199,62,336" oya="1" hai0="64,91,11,69,48,117,97,61,130,65,25,39,9" hai1="86,42,74,85,72,132,40,49,10,119,109,114,23" hai2="112,35,52,67,28,24,8,57,83,90,47,62,32" hai3="134,1,63,94,2,101,33,66,122,30,93,19,73"/><U0/><E119/><V81/><F112/><W84/><G122/><T15/><D39/><U92/><E114/><V98/><F32/><W70/><G73/><T36/><D36/><U80/><E132/><V78/><F98/><W56/><G134/><T6/><D65/><U46/><E40/><V17/><F78/><W54/><G30/><T68/><D130/><U50/><E50/><V3/><F90/><W60/><G33/><T77/><D25/><U14/><E0/><V71/><F47/><W5/><G5/><T22/><D77/><U51/><E51/><V29/><F29/><W79/><G101/><T31/><D11/><U129/><E129/><V37/><F37/><W41/><G41/><T4/><D6/><U99/><E86/><V75/><F75/><W100/><G100/><T126/><D126/><U95/><E23/><V76/><F76/><W125/><G125/><T26/><D117/><U116/><E109/><V45/><F45/><W88/><G94/><T127/><D127/><U44/><E44/><V43/><F43/><W113/><G79/><T110/><D110/><U96/><E74/><V103/><F103/><W121/><G121/><T120/><D120/><U18/><E72/><V20/><F8/><W7/><G113/><T87/><D97/><N who="1" m="37451" /><E116/><V21/><F35/><W102/><G102/><T115/><D115/><U111/><E111/><V38/><F38/><W53/><G7/><T135/><D135/><U124/><E124/><V59/><F3/><N who="3" m="1035" /><G54/><T118/><D118/><U107/><E107/><V123/><F123/><W34/><G34/><T105/><D105/><RYUUKYOKU ba="0,0" sc="403,-15,199,15,62,-15,336,15" hai1="10,14,18,42,46,49,80,85,92,95" hai3="19,53,56,60,63,66,70,84,88,93" /><INIT seed="5,1,0,3,0,86" ten="388,214,47,351" oya="1" hai0="120,117,17,109,66,21,26,68,92,123,24,129,93" hai1="28,114,53,73,5,33,87,128,74,47,1,106,54" hai2="6,79,50,40,34,3,132,67,42,119,121,91,9" hai3="7,41,84,64,108,37,94,82,90,133,36,65,99"/><U81/><E106/><V58/><F119/><W25/><G108/><T27/><D109/><U60/><E128/><V95/><F121/><N who="0" m="46666" /><D117/><U52/><E114/><V118/><F118/><W96/><G133/><T104/><D104/><U115/><E115/><V43/><F132/><W45/><G36/><T125/><D129/><U0/><E47/><V46/><F34/><W62/><G7/><T29/><D125/><U38/><E38/><V110/><F79/><W83/><G25/><N who="0" m="9835" /><D29/><U23/><E33/><V8/><F8/><W98/><REACH who="3" step="1"/><G65/><REACH who="3" ten="388,214,47,341" step="2"/><T12/><D27/><U103/><E28/><V19/><F110/><W48/><G48/><T2/><D2/><U127/><E127/><V18/><F67/><W32/><G32/><T15/><D15/><U13/><E0/><V14/><F58/><AGARI ba="1,1" hai="37,41,45,58,62,64,82,83,84,90,94,96,98,99" machi="58" ten="40,2600,0" yaku="1,1,52,1,53,0" doraHai="86" doraHaiUra="11" who="3" fromWho="2" sc="388,0,214,0,47,-29,341,39" /><INIT seed="6,0,0,0,5,58" ten="388,214,18,380" oya="2" hai0="106,7,84,50,3,34,66,95,31,30,86,29,21" hai1="54,59,135,132,45,129,53,6,15,55,115,130,124" hai2="103,10,33,23,22,99,78,37,80,8,122,41,38" hai3="42,100,113,18,1,96,17,79,104,134,64,120,75"/><V14/><F122/><W25/><G120/><T88/><D106/><U94/><E6/><V51/><F33/><W43/><G1/><T117/><D34/><U114/><E15/><V76/><F76/><W35/><G134/><N who="1" m="51242" /><E94/><V32/><F32/><W97/><G97/><T11/><D117/><U87/><E87/><V107/><F10/><W82/><G113/><N who="1" m="43018" /><E59/><V89/><F89/><W125/><G125/><T4/><D7/><U121/><E121/><V92/><F107/><W116/><G116/><T40/><D86/><U123/><E123/><V26/><F37/><W13/><G18/><T60/><D21/><U46/><E124/><V126/><F38/><W85/><G85/><T62/><D3/><U19/><E19/><V16/><F126/><W44/><G44/><AGARI ba="0,0" hai="44,45,46,53,54,55,129,130" m="43018,51242" machi="44" ten="40,12000,2" yaku="28,2,20,1,15,1,34,2" doraHai="58" who="1" fromWho="3" sc="388,0,214,120,18,0,380,-120" /><INIT seed="7,0,0,2,1,41" ten="388,334,18,260" oya="3" hai0="100,123,94,81,9,55,65,122,74,52,98,115,105" hai1="89,97,19,37,59,128,90,134,7,11,69,49,87" hai2="80,38,42,88,132,68,92,71,44,67,26,119,113" hai3="53,111,77,82,28,12,6,120,34,78,4,104,106"/><W16/><G120/><T18/><D65/><U35/><E35/><V83/><F83/><W84/><BYE who="2" /><G111/><T114/><D18/><U107/><E37/><V61/><F61/><W72/><G106/><T101/><D9/><U40/><E69/><V46/><F46/><W22/><G104/><T121/><D101/><U27/><E128/><V91/><F91/><W17/><G72/><T32/><D32/><U39/><E39/><V50/><F50/><W93/><G77/><N who="0" m="44215" /><D105/><U13/><E134/><V112/><F112/><AGARI ba="0,0" hai="52,55,94,98,100,112,114,115,121,122,123" m="44215" machi="112" ten="40,5200,0" yaku="15,1,11,1,54,1" doraHai="41" who="0" fromWho="2" sc="388,52,334,0,18,-52,260,0" owari="440,54.0,334,13.4,-34,-53.4,260,-14.0" /></mjloggm>