<mjloggm ver="2.3"><GO type="41" lobby="0"/><UN n0="%E3%80%8C%E9%B3%A9%E3%82%84%E3%81%90%E3%82%89%E3%80%8D" n1="%E2%93%9D%4C%75%63%6B%79%4A" n2="%E3%81%BF%E3%81%95%E3%81%8D%E5%8D%83%E5%A4%8F%E3%81%AE%E5%BC%9F%E5%AD%90" n3="%E9%87%8F%E7%94%A3%E5%9E%8B%E3%83%A9%E3%82%B9%E3%82%89%E3%81%9B" dan="13,16,14,14" rate="2037.82,2155.49,1954.30,1934.66" sx="M,M,F,M"/><TAIKYOKU oya="0"/><INIT seed="0,0,0,3,3,121" ten="250,250,250,250" oya="0" hai0="47,21,73,19,134,32,56,44,37,79,114,6,91" hai1="135,119,111,78,58,115,131,7,61,89,122,18,63" hai2="17,125,36,39,93,107,26,85,106,55,64,96,95" hai3="129,130,120,80,0,101,14,83,28,109,97,126,92"/><T72/><D32/><U108/><E122/><V23/><F125/><W50/><G120/><T24/><D114/><U3/><E115/><V82/><F64/><W74/><G0/><T38/><D6/><U100/><E100/><V103/><F93/><W15/><G126/><T52/><D134/><U76/><E119/><V123/><F123/><W75/><G28/><T68/><D68/><U13/><E89/><V77/><REACH who="2" step="1"/><F55/><REACH who="2" ten="250,250,240,250" step="2"/><W133/><G92/><T62/><D38/><AGARI ba="0,1" hai="17,23,26,36,38,39,77,82,85,95,96,103,106,107" machi="38" ten="40,2600,0" yaku="1,1,2,1,53,0" doraHai="121" doraHaiUra="34" who="2" fromWho="0" sc="250,-26,250,0,240,36,250,0" /><INIT seed="1,0,0,0,0,31" ten="224,250,276,250" oya="1" hai0="86,121,35,71,133,58,97,49,123,107,114,41,28" hai1="85,51,128,92,54,96,18,124,61,4,36,89,102" hai2="3,106,112,118,15,100,105,99,88,1,11,59,52" hai3="39,109,26,32,43,135,47,79,129,56,120,93,40"/><U73/><E36/><V9/><F118/><W65/><G120/><T127/><D71/><U98/><E124/><V134/><F134/><W75/><G109/><T117/><D117/><U110/><E73/><V37/><F37/><W101/><G135/><T45/><D133/><U25/><E128/><V44/><F44/><W46/><G129/><T81/><D127/><U7/><E61/><V78/><F78/><W14/><G75/><T68/><D68/><U24/><E98/><V115/><F106/><W64/><G79/><T57/><D114/><N who="2" m="43562" /><F88/><W27/><G14/><T2/><D2/><N who="2" m="522" /><F15/><W34/><G39/><T76/><D97/><U0/><E110/><V12/><F12/><W132/><G132/><T60/><D107/><U62/><E62/><AGARI ba="0,0" hai="9,11,52,59,62,99,100,105" m="522,43562" machi="62" ten="30,2000,0" yaku="11,1,54,1" doraHai="31" who="2" fromWho="1" sc="224,0,250,-20,276,20,250,0" /><INIT seed="2,0,0,1,2,20" ten="224,230,296,250" oya="2" hai0="99,62,123,40,115,92,6,15,79,29,103,113,97" hai1="30,33,39,16,59,64,129,121,77,70,132,107,4" hai2="7,131,118,43,42,0,101,119,61,125,134,25,23" hai3="100,78,96,1,84,14,57,85,35,34,75,49,13"/><V69/><F131/><W112/><G1/><T102/><D123/><U122/><E77/><V124/><F101/><W54/><G112/><T32/><D40/><U108/><E59/><V120/><F120/><N who="1" m="46185" /><E39/><V74/><F74/><W88/><G75/><T2/><D2/><U86/><E86/><V87/><F7/><W111/><G78/><T51/><D79/><U105/><E108/><V109/><F0/><W10/><G111/><T47/><D62/><N who="1" m="40215" /><E4/><V63/><F109/><W17/><G13/><T76/><D76/><U46/><E46/><V106/><F106/><N who="1" m="40457" /><E132/><V11/><F134/><W56/><G56/><T5/><D15/><U110/><E110/><V26/><F11/><W18/><G18/><T67/><D67/><U83/><E83/><V130/><F23/><W12/><G12/><T93/><D51/><U80/><E80/><V71/><F130/><W135/><G85/><AGARI ba="0,0" hai="25,26,42,43,61,63,69,71,85,87,118,119,124,125" machi="85" ten="25,9600,0" yaku="22,2,52,2" doraHai="20" who="2" fromWho="3" sc="224,0,230,0,296,96,250,-96" /><INIT seed="2,1,0,2,4,10" ten="224,230,392,154" oya="2" hai0="119,122,14,2,22,46,76,53,7,26,56,0,94" hai1="5,98,70,39,3,42,49,105,111,66,30,6,28" hai2="80,33,83,20,104,71,47,127,130,110,41,86,43" hai3="48,37,1,17,100,102,57,58,113,23,85,96,120"/><V72/><F33/><W64/><G120/><T108/><D76/><U62/><E111/><V24/><F71/><W36/><G1/><T90/><D108/><U9/><E49/><V99/><F110/><W11/><G11/><T52/><D122/><U87/><E6/><V68/><F68/><W44/><G113/><T124/><D124/><U128/><E128/><V21/><F130/><W19/><G85/><T107/><D107/><U131/><E131/><V129/><F127/><W69/><G69/><T81/><D81/><U84/><E87/><V88/><F129/><W13/><G19/><T109/><D119/><U59/><E84/><V4/><F4/><W79/><G79/><T63/><D7/><U54/><E42/><V77/><F24/><W73/><G73/><T121/><D121/><U15/><E39/><V78/><F78/><W123/><G123/><T32/><D32/><U133/><E133/><V97/><F41/><W91/><G91/><T101/><D101/><U95/><E105/><V29/><F29/><W67/><G36/><T51/><D109/><U92/><E95/><V38/><REACH who="2" step="1"/><F104/><REACH who="2" ten="224,230,382,154" step="2"/><W65/><G37/><T135/><D135/><U55/><E70/><V116/><F116/><W74/><G74/><T27/><D0/><U75/><E75/><V117/><F117/><W45/><G17/><N who="0" m="10551" /><D2/><U132/><E3/><V60/><F60/><W126/><G48/><T40/><D40/><U12/><E132/><V82/><F82/><W93/><G126/><T134/><D134/><U25/><E5/><V114/><F114/><W103/><G93/><T89/><D94/><RYUUKYOKU ba="1,1" sc="224,15,230,-15,382,15,154,-15" hai0="26,27,46,51,52,53,56,63,89,90" hai2="20,21,38,43,47,72,77,80,83,86,88,97,99" /><INIT seed="2,2,1,0,2,31" ten="239,215,397,139" oya="2" hai0="32,16,101,19,82,38,64,105,70,71,58,9,72" hai1="132,84,7,13,51,35,86,28,116,48,109,12,77" hai2="104,2,114,123,111,121,73,96,44,110,68,22,62" hai3="1,118,54,65,117,30,41,85,59,55,133,69,76"/><V27/><F2/><W37/><G1/><T94/><D38/><U53/><E116/><N who="3" m="44650" /><G30/><T67/><D105/><U74/><E109/><N who="2" m="41483" /><F73/><W75/><G85/><T78/><D58/><U120/><E132/><V89/><F114/><W115/><G76/><T93/><D101/><U47/><E120/><V91/><F44/><N who="3" m="23599" /><G75/><T29/><D67/><U80/><E51/><V34/><F89/><W130/><G115/><T125/><D64/><U49/><E49/><V90/><F90/><W52/><G133/><T61/><D61/><U83/><E7/><V100/><F91/><W108/><G108/><T36/><D36/><U135/><E135/><V88/><F88/><W128/><G69/><T134/><D71/><U4/><E4/><V102/><F102/><W66/><G59/><T8/><D70/><U40/><E74/><V127/><F22/><W14/><G14/><T57/><D57/><U39/><E13/><V6/><F6/><W99/><G99/><T126/><D134/><U131/><E12/><V107/><F107/><W87/><G87/><T95/><D8/><U3/><E86/><V45/><F96/><W106/><G106/><T122/><D9/><U10/><E10/><V18/><F104/><W63/><G63/><T46/><D46/><N who="1" m="23839" /><E3/><V43/><F62/><W81/><G81/><T124/><REACH who="0" step="1"/><D122/><REACH who="0" ten="229,215,397,139" step="2"/><U97/><E83/><V0/><F121/><W113/><G113/><T42/><D42/><U103/><E103/><V23/><F123/><W98/><G98/><T11/><D11/><U33/><E97/><V5/><F100/><W21/><G21/><T56/><D56/><RYUUKYOKU ba="2,2" sc="229,15,215,-15,397,-15,139,15" hai0="16,19,29,32,72,78,82,93,94,95,124,125,126" hai3="52,54,55,65,66,128,130" /><INIT seed="3,3,2,2,0,82" ten="244,200,382,154" oya="3" hai0="39,5,101,112,31,28,117,125,10,88,44,48,43" hai1="114,32,121,126,11,122,91,81,22,129,33,61,2" hai2="58,116,110,133,41,63,67,100,87,49,27,20,92" hai3="19,77,74,135,25,24,16,113,55,94,103,7,80"/><W34/><G113/><T52/><D117/><U84/><E114/><V95/><F116/><W30/><G135/><T71/><D71/><U130/><E22/><V111/><F133/><W65/><G7/><T37/><D112/><U98/><E61/><V107/><F107/><W40/><G40/><T14/><D101/><U53/><E53/><V97/><F41/><W60/><G55/><T36/><D125/><U29/><E29/><N who="2" m="17639" /><F49/><W42/><G42/><T51/><REACH who="0" step="1"/><D88/><AGARI ba="3,2" hai="58,63,67,87,88,92,95,97,100,110,111" m="17639" machi="88" ten="30,3900,0" yaku="25,1,52,1,54,1" doraHai="82" who="2" fromWho="0" sc="244,-48,200,0,382,68,154,0" /><INIT seed="4,0,0,3,0,116" ten="196,200,450,154" oya="0" hai0="30,49,64,125,41,96,27,98,91,107,110,51,37" hai1="108,135,57,14,74,118,33,47,13,126,124,10,90" hai2="52,63,46,101,38,26,114,60,28,83,24,92,55" hai3="48,82,21,9,54,56,122,105,127,15,86,120,12"/><T69/><D37/><U68/><E68/><V23/><F114/><W103/><G127/><N who="1" m="48682" /><E74/><V112/><F112/><W85/><G105/><T29/><D125/><U36/><E57/><V62/><F83/><W119/><G119/><T97/><D110/><U8/><E90/><V100/><F38/><W71/><G71/><T84/><D107/><U31/><E47/><V7/><F7/><W5/><G103/><T70/><D70/><U111/><E36/><V99/><F101/><W129/><G129/><T80/><D41/><U123/><E123/><N who="3" m="47146" /><G82/><T34/><REACH who="0" step="1"/><D29/><REACH who="0" ten="186,200,450,154" step="2"/><U106/><E106/><V53/><F24/><W81/><G81/><T121/><D121/><U16/><E118/><V18/><F28/><W76/><G76/><T20/><D20/><U128/><E128/><V3/><F3/><W17/><AGARI ba="0,1" hai="5,9,12,15,17,21,48,54,56,85,86" m="47146" machi="17" ten="30,7900,0" yaku="13,1,52,3" doraHai="116" who="3" fromWho="3" sc="186,-39,200,-20,450,-20,154,89" /><INIT seed="5,0,0,0,3,74" ten="147,180,430,243" oya="1" hai0="0,56,84,85,71,15,87,61,83,119,96,120,59" hai1="135,24,48,90,81,130,50,98,131,111,13,28,93" hai2="55,33,129,95,132,37,122,94,30,104,75,124,29" hai3="26,125,128,65,19,86,51,21,44,40,38,62,117"/><U66/><E111/><V36/><F122/><W114/><G114/><T69/><D0/><U45/><E66/><V121/><F121/><W43/><G125/><T35/><D35/><U41/><E135/><V102/><F75/><W77/><G128/><T109/><D120/><U9/><E50/><V67/><F67/><W54/><G117/><T31/><D31/><U46/><E46/><V72/><F72/><W88/><G77/><T79/><D119/><U73/><E73/><V52/><F33/><W99/><G99/><T27/><D27/><U118/><E81/><V70/><F102/><W134/><G38/><T82/><D96/><U23/><REACH who="1" step="1"/><E118/><REACH who="1" ten="147,170,430,243" step="2"/><V1/><F132/><W18/><G134/><T32/><D109/><U22/><E22/><V100/><F37/><W7/><G65/><T2/><D32/><U39/><E39/><V80/><F80/><W101/><G51/><T123/><D123/><U58/><E58/><V115/><F36/><W8/><G44/><T97/><D69/><U17/><AGARI ba="0,1" hai="9,13,17,23,24,28,41,45,48,90,93,98,130,131" machi="17" ten="30,3000,0" yaku="1,1,0,1,53,0" doraHai="74" doraHaiUra="110" who="1" fromWho="1" sc="147,-10,170,40,430,-10,243,-10" /><INIT seed="5,1,0,0,2,43" ten="137,210,420,233" oya="1" hai0="66,56,21,79,117,9,101,99,20,11,48,53,81" hai1="84,25,45,108,0,119,82,106,5,52,85,38,7" hai2="63,128,93,32,26,102,120,107,131,37,16,15,62" hai3="86,19,114,54,28,69,125,83,12,97,111,67,118"/><U57/><E119/><V98/><F120/><W60/><G111/><T2/><D117/><U123/><E123/><V34/><F37/><W89/><G118/><T4/><D9/><U75/><E106/><V18/><F107/><W113/><G125/><T8/><D11/><U35/><E75/><V55/><F18/><W1/><G1/><T46/><D66/><U49/><E108/><V95/><F95/><W61/><G28/><T76/><D76/><U96/><E96/><V124/><F124/><W39/><G39/><T23/><D56/><U122/><E0/><V40/><F40/><W133/><G133/><T109/><D109/><U126/><E122/><V64/><F55/><W36/><G36/><T33/><D33/><N who="2" m="12906" /><F26/><W105/><G54/><T116/><D116/><U71/><E71/><V127/><F64/><W135/><G60/><T3/><D3/><U78/><E126/><V104/><F104/><W27/><G27/><T74/><REACH who="0" step="1"/><D20/><REACH who="0" ten="127,210,420,233" step="2"/><U44/><E35/><V51/><F127/><W22/><G67/><T115/><D115/><U6/><E38/><V91/><F128/><W42/><G113/><T88/><D88/><N who="1" m="51255" /><E25/><V41/><F131/><W29/><G114/><T10/><D10/><U59/><E59/><V14/><F91/><W73/><G89/><T92/><AGARI ba="1,1" hai="2,4,8,21,23,46,48,53,74,79,81,92,99,101" machi="92" ten="20,5200,0" yaku="1,1,0,1,7,1,52,1,53,0" doraHai="43" doraHaiUra="13" who="0" fromWho="0" sc="127,65,210,-27,420,-14,233,-14" /><INIT seed="6,0,0,5,5,72" ten="192,183,406,219" oya="2" hai0="104,18,88,14,64,68,49,67,97,53,60,118,70" hai1="41,76,31,63,37,79,129,7,62,82,10,81,85" hai2="21,108,102,120,78,16,125,39,121,131,58,134,98" hai3="13,6,94,5,100,42,92,87,119,22,65,17,71"/><V54/><F39/><W69/><G119/><T25/><D25/><U124/><E124/><V45/><F45/><W99/><G42/><T3/><D3/><U113/><E113/><V40/><F40/><W44/><G44/><T123/><D123/><U86/><E129/><V24/><F134/><W26/><G71/><T55/><D118/><U93/><E31/><V12/><F131/><W107/><G69/><T29/><D29/><U38/><E93/><V112/><F112/><W66/><G107/><T80/><D104/><U57/><E41/><V19/><F78/><W9/><G5/><T117/><D117/><U101/><E101/><V27/><F125/><W122/><G122/><T74/><D74/><U43/><E43/><V115/><F115/><W32/><G32/><T103/><D103/><U47/><E47/><V34/><F34/><W77/><G94/><T89/><D97/><U110/><E110/><V0/><F0/><W132/><G132/><T106/><D106/><U56/><E10/><V111/><F111/><W50/><G50/><T23/><D80/><AGARI ba="0,0" hai="6,9,13,17,22,26,65,66,77,80,87,92,99,100" machi="80" ten="40,2600,0" yaku="8,1,52,1" doraHai="72" who="3" fromWho="0" sc="192,-26,183,0,406,0,219,26" /><INIT seed="7,0,0,2,4,117" ten="166,183,406,245" oya="3" hai0="110,90,133,45,3,40,11,60,7,81,19,25,130" hai1="70,63,46,91,100,88,66,12,123,53,78,114,83" hai2="76,57,42,69,124,58,15,39,108,9,84,82,52" hai3="68,51,127,134,27,135,67,119,116,55,29,1,73"/><W20/><G73/><T102/><D110/><U43/><E123/><V71/><F108/><W79/><G79/><T37/><D130/><U56/><E100/><V101/><F124/><W64/><G1/><T49/><D133/><N who="3" m="50697" /><G127/><T18/><D102/><U75/><E114/><V125/><F125/><W28/><G28/><T80/><D60/><U74/><E75/><V120/><F120/><W38/><G20/><T118/><D118/><U6/><E6/><V13/><F13/><W8/><G8/><T65/><D65/><U24/><E24/><V122/><F122/><W111/><G27/><T89/><D37/><U31/><E31/><V103/><F9/><W61/><G29/><T59/><D59/><U129/><E12/><V107/><F15/><W26/><G26/><T132/><D132/><U97/><E97/><V95/><F76/><W113/><G111/><T14/><D3/><U105/><E105/><V50/><F107/><W54/><G38/><T36/><D36/><N who="1" m="21863" /><E129/><V94/><F39/><W48/><G119/><T98/><D98/><U33/><E33/><V0/><F0/><W109/><G113/><T93/><D93/><U34/><E34/><V121/><F121/><W62/><G109/><T35/><D35/><U2/><E2/><V30/><F30/><W4/><G116/><T21/><D7/><U16/><E16/><V112/><F112/><W106/><G4/><T10/><D11/><U44/><E44/><V47/><F103/><W17/><G106/><T23/><D10/><U131/><E131/><V99/><F101/><W128/><G17/><T115/><D115/><RYUUKYOKU ba="0,0" sc="166,15,183,15,406,-15,245,-15" hai0="14,18,19,21,23,25,40,45,49,80,81,89,90" hai1="53,56,63,66,70,74,78,83,88,91" owari="181,-31.9,198,-20.2,391,49.1,230,3.0" /></mjloggm>