<mjloggm ver="2.3"><GO type="41" lobby="0"/><UN n0="%E7%8C%9B%E5%8F%8D%E7%99%BA%E3%81%BE%E3%81%8F%E3%82%89" n1="%E5%BC%B5%E7%9C%89%E6%80%92%E7%9B%AE" n2="%E5%A4%A9%E5%92%8C%E3%81%BE%E3%81%A0%E3%83%BC%EF%BC%9F" n3="%E2%93%9D%4C%75%63%6B%79%4A" dan="15,14,15,13" rate="2029.92,1896.22,2013.85,1956.98" sx="M,M,F,M"/><TAIKYOKU oya="0"/><INIT seed="0,0,0,2,3,41" ten="250,250,250,250" oya="0" hai0="79,6,130,48,52,116,127,103,115,125,42,18,85" hai1="45,123,101,71,84,22,60,27,108,78,132,44,25" hai2="112,14,26,107,126,61,4,72,104,34,53,1,49" hai3="89,19,83,110,131,109,24,15,87,124,68,91,2"/><T17/><D115/><U106/><E123/><V118/><F126/><N who="0" m="48138" /><D116/><U81/><E108/><V111/><F111/><N who="3" m="42507" /><G124/><T58/><D130/><U74/><E132/><V51/><F72/><W43/><G2/><T30/><D6/><U36/><E36/><V65/><F49/><W59/><G68/><T3/><D3/><U99/><E25/><V5/><F1/><W32/><G59/><T28/><D103/><U37/><E37/><V114/><F118/><W92/><G43/><T88/><D79/><U120/><E120/><V76/><F76/><W50/><G50/><T80/><D42/><U95/><E71/><V47/><F114/><W46/><G131/><T128/><D128/><U10/><E60/><V7/><F14/><W82/><G91/><T38/><D38/><U121/><E10/><V100/><F100/><W23/><G46/><T21/><D17/><N who="1" m="12751" /><E121/><V70/><REACH who="2" step="1"/><F112/><REACH who="2" ten="250,250,240,250" step="2"/><W54/><G15/><AGARI ba="0,1" hai="15,18,21,28,30,48,52,58,80,85,88" m="48138" machi="15" ten="30,5800,0" yaku="18,1,54,2" doraHai="41" who="0" fromWho="3" sc="250,68,250,0,240,0,250,-58" /><INIT seed="0,1,0,2,1,67" ten="318,250,240,192" oya="0" hai0="36,43,13,86,62,47,117,46,48,15,65,110,58" hai1="61,102,123,104,19,90,130,5,1,108,34,89,44" hai2="18,84,57,88,14,129,4,85,55,109,122,82,41" hai3="94,120,98,40,59,75,64,74,37,23,78,116,80"/><T125/><D117/><U99/><E123/><V76/><F109/><W113/><G116/><T134/><D125/><U126/><E108/><V35/><F129/><W115/><G37/><T68/><D110/><U11/><E130/><V135/><F135/><W101/><G40/><T63/><D134/><U103/><E126/><V29/><F41/><W42/><G42/><T3/><D3/><U83/><E34/><V50/><F4/><W97/><G23/><T27/><D47/><U17/><E44/><V114/><F114/><W111/><G64/><T124/><D124/><U79/><E61/><V100/><F100/><N who="3" m="60503" /><G59/><T107/><D107/><U73/><REACH who="1" step="1"/><E103/><REACH who="1" ten="318,240,240,192" step="2"/><V52/><F122/><W2/><G120/><T96/><D63/><U28/><E28/><V16/><F35/><W56/><G111/><T39/><D62/><U69/><E69/><V6/><F29/><W49/><G56/><T12/><D58/><U92/><E92/><N who="2" m="54279" /><F55/><W95/><G115/><T31/><D68/><U70/><E70/><V121/><F121/><W118/><G113/><T51/><D31/><U133/><E133/><V87/><F87/><N who="3" m="48535" /><G118/><T53/><D46/><U91/><AGARI ba="1,1" hai="1,5,11,17,19,73,79,83,89,90,91,99,102,104" machi="91" ten="30,2000,0" yaku="1,1,0,1,53,0" doraHai="67" doraHaiUra="45" who="1" fromWho="1" sc="318,-11,240,33,240,-6,192,-6" /><INIT seed="1,0,0,5,2,0" ten="307,273,234,186" oya="1" hai0="19,29,50,91,111,58,116,72,23,124,44,119,1" hai1="95,30,82,99,105,3,42,130,4,2,69,114,66" hai2="70,77,32,52,134,45,115,39,14,109,122,16,131" hai3="78,13,9,37,120,83,21,97,117,38,132,71,118"/><U60/><E114/><V135/><F122/><W80/><G120/><T27/><D111/><U94/><E130/><V65/><F109/><W49/><G71/><T51/><D124/><U121/><E121/><V10/><F131/><W81/><G21/><T125/><D125/><U61/><E42/><V20/><F32/><W106/><G49/><T73/><D1/><U68/><E30/><V102/><F115/><W108/><G78/><T40/><D91/><U47/><E47/><V79/><F102/><W33/><G33/><T28/><D73/><U41/><E82/><V12/><F65/><W57/><G57/><T31/><D72/><U74/><E41/><V88/><F70/><W8/><G132/><N who="2" m="50729" /><F88/><W84/><G84/><T48/><REACH who="0" step="1"/><D58/><REACH who="0" ten="297,273,234,186" step="2"/><U75/><E2/><V35/><F35/><W89/><G89/><T15/><D15/><U5/><E3/><V90/><F90/><W107/><G13/><T128/><D128/><U98/><E105/><N who="3" m="39946" /><G108/><T54/><D54/><U92/><E92/><V110/><F110/><W103/><G103/><T22/><D22/><U36/><REACH who="1" step="1"/><E66/><REACH who="1" ten="297,263,234,186" step="2"/><V96/><F45/><W56/><G83/><T67/><D67/><U7/><E7/><V34/><F34/><W18/><G81/><T59/><D59/><U113/><E113/><V129/><F129/><W123/><G123/><T55/><D55/><U64/><E64/><V24/><F52/><W101/><G80/><T6/><D6/><U126/><E126/><V87/><F16/><W46/><G18/><T43/><D43/><U62/><E62/><V53/><F53/><W133/><G56/><RYUUKYOKU ba="0,2" sc="297,15,263,15,234,-15,186,-15" hai0="19,23,27,28,29,31,40,44,48,50,51,116,119" hai1="4,5,36,60,61,68,69,74,75,94,95,98,99" /><INIT seed="1,1,2,4,0,13" ten="312,278,219,171" oya="1" hai0="52,88,113,35,95,62,48,23,85,55,127,57,5" hai1="22,107,6,104,19,34,20,68,65,11,64,75,49" hai2="102,135,44,112,70,9,106,91,45,66,36,60,73" hai3="130,46,7,92,119,2,33,29,93,56,25,28,134"/><U84/><E75/><V97/><F135/><W109/><G134/><T10/><D113/><U18/><E34/><V124/><F124/><W14/><G109/><T98/><D127/><U122/><E122/><V125/><F125/><W74/><G74/><T12/><D35/><U1/><E68/><V63/><F112/><W115/><G115/><T72/><D72/><U77/><E104/><V133/><F133/><W129/><G46/><T24/><D85/><U90/><E107/><V3/><F91/><W86/><G29/><T132/><D132/><U89/><E49/><V83/><F60/><W59/><G2/><T69/><D69/><U128/><E128/><N who="3" m="49258" /><G119/><T101/><D101/><U53/><E53/><V117/><F36/><W80/><G7/><T76/><D76/><U30/><E30/><V99/><F99/><W47/><G47/><T0/><D0/><U37/><E37/><V50/><F45/><W126/><G14/><T32/><D32/><U103/><E103/><V26/><F26/><W39/><G39/><T31/><D48/><U38/><E38/><V94/><F117/><W51/><G126/><T16/><D31/><U105/><E105/><V61/><F106/><W81/><G81/><T121/><D121/><U71/><E71/><V87/><F73/><W67/><G51/><T120/><D120/><U15/><E77/><N who="2" m="46575" /><F61/><N who="3" m="38335" /><G56/><T131/><D131/><U116/><E116/><V118/><F118/><W54/><G54/><AGARI ba="1,2" hai="5,10,12,16,23,24,52,54,55,57,62,88,95,98" machi="54" ten="30,16000,3" yaku="7,1,25,2,8,1,52,1,54,3" doraHai="13" who="0" fromWho="3" sc="312,183,278,0,219,0,171,-163" /><INIT seed="2,0,0,5,2,100" ten="495,278,219,8" oya="2" hai0="71,101,102,66,49,63,15,97,72,39,26,81,79" hai1="30,34,27,110,113,17,121,42,70,58,61,55,106" hai2="134,130,6,77,111,33,65,85,4,105,8,126,23" hai3="62,82,104,41,103,29,50,92,108,131,80,5,116"/><V59/><F105/><W99/><G116/><T56/><D39/><U118/><E118/><V125/><F111/><W31/><G108/><T69/><D26/><U87/><E113/><V20/><F77/><W107/><G5/><N who="2" m="2153" /><F85/><W74/><G62/><T64/><D102/><U88/><E110/><V132/><F59/><W95/><G131/><T44/><D15/><U28/><E106/><N who="3" m="40490" /><G31/><T7/><D7/><U25/><E42/><V76/><F76/><N who="3" m="44311" /><G29/><T127/><D66/><U68/><E17/><V112/><F112/><W117/><G50/><T96/><D96/><U94/><E121/><V19/><F65/><W45/><G45/><T124/><D97/><U18/><REACH who="1" step="1"/><E18/><REACH who="1" ten="495,268,219,8" step="2"/><V40/><F40/><W24/><G41/><T78/><D72/><U93/><E93/><V36/><F36/><W38/><G38/><T51/><D81/><U22/><AGARI ba="0,1" hai="22,25,27,28,30,34,55,58,61,68,70,87,88,94" machi="22" ten="20,5200,0" yaku="1,1,0,1,7,1,54,1,53,0" doraHai="100" doraHaiUra="75" who="1" fromWho="1" sc="495,-13,268,62,219,-26,8,-13" owari="482,58.2,330,13.0,193,-20.7,-5,-50.5" /></mjloggm>