<mjloggm ver="2.3"><GO type="41" lobby="0"/><UN n0="%4A%4F%4A%4F%31%39%38%35" n1="%E3%81%8B%E3%81%9F%E3%81%A4%E3%82%82%E3%82%8A" n2="%E2%93%9D%4C%75%63%6B%79%4A" n3="%72%61%76%69%6E%65" dan="15,13,16,13" rate="2088.72,1866.46,2155.21,1886.24" sx="M,M,M,M"/><TAIKYOKU oya="0"/><INIT seed="0,0,0,2,4,134" ten="250,250,250,250" oya="0" hai0="73,42,67,20,36,89,117,76,64,7,12,17,105" hai1="93,23,22,29,66,50,69,71,51,125,35,45,65" hai2="129,37,8,99,118,18,81,82,123,101,113,72,56" hai3="6,132,1,31,96,88,127,54,24,43,27,9,5"/><T14/><D117/><U3/><E3/><V84/><F37/><W108/><G108/><T112/><D112/><U41/><E35/><V98/><F56/><W85/><G127/><T102/><D89/><U109/><E109/><V74/><F18/><W40/><G132/><T119/><D119/><U25/><E93/><V124/><F8/><W122/><G6/><T111/><D111/><U33/><E33/><V120/><F118/><W48/><G96/><T30/><D105/><U92/><E92/><V83/><F113/><W95/><G122/><N who="2" m="46633" /><F129/><W78/><G78/><T28/><D102/><U52/><E71/><V68/><F68/><W38/><G38/><T135/><D135/><U47/><E69/><V58/><F58/><W16/><G27/><T130/><D130/><U55/><E41/><V44/><F44/><W100/><G100/><T34/><D34/><U97/><E97/><N who="2" m="36875" /><F101/><W4/><G4/><T90/><D42/><U11/><E11/><V15/><F15/><W61/><G31/><T80/><D90/><U60/><E60/><V86/><F124/><W19/><G61/><T121/><D36/><U79/><E125/><V53/><F53/><W116/><G19/><T133/><D133/><U75/><REACH who="1" step="1"/><E23/><REACH who="1" ten="250,240,250,250" step="2"/><V59/><F59/><N who="3" m="33223" /><G116/><T26/><D121/><U39/><E39/><V2/><F2/><W70/><G70/><T104/><D20/><U110/><E110/><V114/><F114/><W103/><G103/><T0/><D0/><U115/><E115/><V107/><F107/><W46/><G46/><T10/><D104/><U128/><E128/><V62/><F62/><RYUUKYOKU ba="0,1" sc="250,-30,240,10,250,10,250,10" hai1="22,25,29,45,47,50,51,52,55,65,66,75,79" hai2="72,74,81,82,83,84,86" hai3="1,5,9,16,24,40,43,85,88,95" /><INIT seed="1,1,1,4,5,27" ten="220,250,260,260" oya="1" hai0="82,75,78,43,35,33,73,11,16,114,28,10,6" hai1="59,19,100,96,2,135,67,113,37,92,88,14,126" hai2="64,98,66,5,84,44,91,32,130,94,61,76,57" hai3="38,29,65,103,105,95,20,110,118,83,7,93,17"/><U15/><E113/><V128/><F32/><W48/><G110/><T25/><D114/><U80/><E126/><V18/><F5/><W3/><G38/><T71/><D71/><U121/><E121/><V1/><F1/><W68/><G105/><T119/><D119/><U115/><E115/><V39/><F18/><W99/><G48/><T36/><D35/><U63/><E135/><V81/><F39/><W53/><G53/><T21/><D36/><U50/><E2/><V74/><F44/><W117/><G65/><T41/><D73/><U56/><E37/><V13/><F13/><W54/><G68/><T47/><D47/><U60/><E50/><V31/><F31/><W111/><G7/><T133/><D133/><U102/><E80/><V86/><REACH who="2" step="1"/><F66/><REACH who="2" ten="220,250,250,260" step="2"/><W26/><G3/><N who="0" m="351" /><D11/><N who="1" m="6623" /><E15/><AGARI ba="1,2" hai="15,16,21,25,28,33,41,43,75,78,82" m="351" machi="15" ten="30,3900,0" yaku="24,1,52,1,54,1" doraHai="27" who="0" fromWho="1" sc="220,62,250,-42,250,0,260,0" /><INIT seed="2,0,0,3,4,107" ten="282,208,250,260" oya="2" hai0="15,104,78,14,64,74,37,8,23,62,135,116,105" hai1="108,3,92,33,122,133,28,66,4,35,98,30,77" hai2="2,9,71,109,119,53,38,17,67,31,86,112,57" hai3="124,60,36,118,94,48,18,52,120,46,81,49,6"/><V101/><F112/><W41/><G118/><T100/><D37/><U5/><E66/><V128/><F119/><W96/><G124/><T27/><D116/><U12/><E77/><V59/><F31/><W69/><G120/><T125/><D125/><U115/><E92/><V76/><F128/><W80/><G6/><T58/><D135/><U61/><E61/><V0/><F38/><W56/><G49/><T102/><D102/><U82/><E82/><V43/><F43/><W121/><G18/><T91/><D91/><U7/><E98/><V32/><F32/><W132/><G121/><T111/><D111/><U127/><E127/><V45/><F71/><W106/><G106/><T93/><D93/><U110/><E122/><V50/><F109/><W16/><G16/><T129/><D129/><U130/><E5/><V79/><F101/><N who="3" m="60567" /><G132/><T84/><D84/><U99/><E99/><V54/><F67/><AGARI ba="0,0" hai="36,41,46,48,52,56,60,67,69,80,81" m="60567" machi="67" ten="30,2000,0" yaku="24,1,54,1" doraHai="107" who="3" fromWho="2" sc="282,0,208,0,250,-20,260,20" /><INIT seed="3,0,0,5,4,90" ten="282,208,230,280" oya="3" hai0="98,23,112,94,41,8,64,127,104,109,70,87,110" hai1="39,42,31,95,108,0,100,52,15,63,81,83,96" hai2="18,75,124,59,130,61,106,32,86,134,72,120,44" hai3="7,58,113,33,35,97,101,116,54,29,73,122,107"/><W22/><G113/><T6/><D112/><U88/><E0/><V56/><F32/><W92/><G116/><T13/><D127/><U37/><E31/><V50/><F106/><W47/><G73/><T131/><D131/><U16/><E108/><V89/><F124/><W67/><G7/><T99/><D41/><U79/><E42/><V57/><F134/><W25/><G122/><T28/><D104/><U118/><E118/><V119/><F119/><W9/><G9/><T126/><D126/><U40/><E40/><V11/><F61/><N who="3" m="38327" /><G107/><T55/><D55/><U102/><E39/><V62/><F62/><W133/><G133/><T84/><D64/><U132/><E37/><V91/><F130/><W135/><G135/><T68/><D28/><U51/><E63/><V93/><F120/><W27/><G27/><T38/><D23/><N who="1" m="11679" /><E132/><V36/><F36/><W65/><G65/><T21/><D21/><U30/><E30/><V76/><F76/><W128/><G128/><T19/><D38/><U46/><E79/><V24/><F24/><W103/><G101/><AGARI ba="0,0" hai="46,51,52,81,83,88,95,96,100,101,102" m="11679" machi="101" ten="30,8000,1" yaku="8,1,52,1,54,3" doraHai="90" who="1" fromWho="3" sc="282,0,208,80,230,0,280,-80" /><INIT seed="4,0,0,2,2,127" ten="282,288,230,200" oya="0" hai0="130,42,31,25,76,53,49,99,38,5,120,18,58" hai1="37,113,57,52,131,118,65,100,27,14,19,72,62" hai2="50,84,10,9,29,112,71,95,82,28,66,55,135" hai3="133,81,8,83,94,7,122,126,96,51,61,90,119"/><T54/><D120/><U70/><E118/><V86/><F71/><W87/><G119/><T91/><D38/><U34/><E72/><V102/><F66/><W4/><G133/><T110/><D110/><U23/><E113/><V79/><F135/><W105/><G126/><T24/><D42/><U45/><E100/><V134/><F112/><W46/><G61/><T125/><D125/><U88/><E131/><V30/><F134/><W106/><G83/><T97/><D5/><U48/><E34/><V6/><F6/><W60/><G60/><T41/><D41/><U103/><E103/><V123/><F123/><W3/><G7/><T64/><D64/><U56/><E37/><V20/><F20/><W15/><G3/><T78/><D18/><U69/><E69/><V108/><F108/><W121/><G121/><T11/><D11/><U85/><REACH who="1" step="1"/><E27/><REACH who="1" ten="282,278,230,200" step="2"/><V109/><F109/><W67/><G122/><T74/><D130/><U26/><E26/><V33/><F33/><W75/><G75/><T39/><D39/><U43/><E43/><V111/><F111/><W21/><G106/><T124/><D24/><U107/><E107/><V68/><F68/><W115/><G105/><T98/><D74/><U16/><E16/><V1/><F102/><W2/><G115/><T17/><D17/><U22/><E22/><V117/><F117/><W73/><G73/><T35/><D124/><U92/><AGARI ba="0,1" hai="14,19,23,45,48,52,56,57,62,65,70,85,88,92" machi="92" ten="20,8000,1" yaku="1,1,0,1,7,1,54,2,53,0" doraHai="127" doraHaiUra="93" who="1" fromWho="1" sc="282,-40,278,90,230,-20,200,-20" /><INIT seed="5,0,0,1,5,91" ten="242,368,210,180" oya="1" hai0="15,50,114,12,89,57,55,33,117,100,46,60,127" hai1="40,22,126,7,10,37,61,96,28,76,24,69,51" hai2="135,31,109,3,75,116,77,56,65,38,113,72,5" hai3="118,98,115,125,39,34,82,17,64,32,105,18,129"/><U108/><E37/><V0/><F5/><W123/><G115/><T119/><D114/><U124/><E76/><V133/><F113/><W83/><G118/><T47/><D33/><U9/><E108/><V104/><F77/><W49/><G49/><T106/><D127/><N who="1" m="48683" /><E96/><V20/><F104/><W48/><G48/><T99/><D46/><N who="1" m="26055" /><E7/><V84/><F38/><W2/><G39/><T52/><REACH who="0" step="1"/><D89/><REACH who="0" ten="232,368,210,180" step="2"/><U14/><E14/><AGARI ba="0,1" hai="12,14,15,47,50,52,55,57,60,99,100,106,117,119" machi="14" ten="40,5200,0" yaku="1,1,2,1,54,1,53,0" doraHai="91" doraHaiUra="63" who="0" fromWho="1" sc="232,62,368,-52,210,0,180,0" /><INIT seed="6,0,0,2,3,123" ten="294,316,210,180" oya="2" hai0="35,92,42,98,67,22,36,112,96,65,33,71,106" hai1="70,7,126,121,88,31,128,69,77,99,38,120,115" hai2="11,34,83,91,135,5,24,124,62,102,2,107,81" hai3="9,19,132,59,20,10,68,13,29,84,50,3,58"/><V114/><F124/><W25/><G68/><N who="1" m="26218" /><E38/><V130/><F130/><W134/><G84/><T15/><D112/><U122/><E115/><V97/><F114/><W94/><G94/><T56/><D71/><U45/><E126/><V103/><F135/><N who="3" m="51755" /><G50/><T1/><D1/><U111/><E111/><V75/><F103/><W108/><G108/><T63/><D67/><U119/><E119/><V127/><F127/><W30/><G59/><T43/><D98/><U76/><E128/><V60/><F83/><W52/><G10/><T48/><D36/><U100/><E31/><V74/><F91/><W21/><G3/><T32/><D48/><U79/><E7/><V51/><F51/><N who="3" m="31007" /><G21/><T61/><D61/><U40/><E45/><V90/><F62/><W0/><G0/><T101/><D106/><N who="1" m="63775" /><E40/><V8/><F60/><W39/><G39/><T18/><AGARI ba="0,0" hai="15,18,22,32,33,35,42,43,56,63,65,92,96,101" machi="18" ten="40,1500,0" yaku="0,1" doraHai="123" who="0" fromWho="0" sc="294,15,316,-4,210,-7,180,-4" /><INIT seed="7,0,0,2,1,27" ten="309,312,203,176" oya="3" hai0="89,46,85,24,67,107,16,119,111,75,64,37,99" hai1="15,66,118,86,109,52,11,43,31,126,106,117,69" hai2="33,135,97,42,121,1,17,21,5,101,38,134,23" hai3="57,131,113,6,54,65,130,53,55,100,105,29,62"/><W127/><G113/><T68/><D111/><U25/><E109/><V19/><F33/><W10/><G127/><T12/><D75/><U104/><E126/><V30/><F42/><W71/><G100/><T50/><D119/><N who="1" m="45579" /><E43/><V125/><F38/><W0/><G105/><T129/><D37/><U98/><E86/><V41/><F41/><W13/><G0/><T84/><D68/><U87/><E87/><N who="0" m="33353" /><D107/><U74/><E74/><V45/><F45/><W2/><G2/><T49/><D24/><U34/><E98/><V20/><F121/><W83/><G83/><T36/><D36/><U58/><E66/><N who="0" m="25129" /><D129/><N who="3" m="49161" /><G71/><T81/><D81/><U110/><E69/><V72/><F72/><W35/><G35/><T112/><D112/><U116/><E110/><V9/><F125/><W59/><G59/><T93/><D46/><U32/><E32/><V96/><F101/><W3/><G3/><T78/><D78/><U114/><E114/><V115/><F115/><W90/><G90/><T8/><AGARI ba="0,0" hai="8,12,16,49,50,89,93,99" m="25129,33353" machi="8" ten="30,2000,0" yaku="8,1,54,1" doraHai="27" who="0" fromWho="0" sc="309,20,312,-5,203,-5,176,-10" owari="329,42.9,307,10.7,198,-20.2,166,-33.4" /></mjloggm>