<mjloggm ver="2.3"><GO type="41" lobby="0"/><UN n0="%E2%93%9D%4C%75%63%6B%79%4A" n1="%47%69%6E%6E%67" n2="%79%61%6E%72%6F%75" n3="%E3%82%A2%E3%82%AB%E3%83%AB%E3%83%88%E3%82%B7%E3%82%B9%E3%83%86%E3%83%A0" dan="18,14,15,15" rate="2183.69,1934.19,1973.25,1987.80" sx="M,F,M,M"/><TAIKYOKU oya="0"/><INIT seed="0,0,0,4,3,68" ten="250,250,250,250" oya="0" hai0="28,113,37,116,24,15,61,43,58,67,80,39,70" hai1="120,108,114,36,100,32,47,64,33,9,7,131,88" hai2="86,51,115,11,74,41,111,83,122,104,1,72,127" hai3="109,35,69,56,96,82,76,63,121,60,85,130,30"/><T65/><D113/><U44/><E120/><V10/><F122/><W20/><G121/><T112/><D112/><U101/><E114/><V73/><F111/><W19/><G109/><T105/><D116/><U87/><E108/><V55/><F127/><W16/><G130/><T18/><D105/><U93/><E131/><V78/><F104/><W90/><G69/><T128/><D128/><U25/><E64/><V110/><F110/><W48/><G35/><T40/><D80/><U135/><E47/><V79/><F41/><W62/><G30/><T103/><D103/><U71/><E71/><V99/><F99/><W92/><G20/><T75/><D75/><U46/><E46/><V22/><F22/><W38/><REACH who="3" step="1"/><G38/><REACH who="3" ten="250,250,250,240" step="2"/><T102/><D39/><U50/><E36/><V106/><F115/><W81/><G81/><T23/><D37/><U95/><E32/><V66/><F106/><W59/><G59/><T89/><D70/><U3/><E95/><V119/><F119/><W132/><G132/><T54/><D102/><U13/><E135/><V124/><F124/><W133/><G133/><T117/><D117/><U0/><E33/><V125/><F125/><W8/><G8/><N who="0" m="6503" /><D89/><U12/><E100/><V31/><F11/><W21/><G21/><T2/><D2/><U49/><E3/><V134/><F31/><W26/><G26/><T107/><D107/><U6/><E25/><V42/><F10/><W27/><G27/><T91/><D91/><U126/><E126/><V123/><F1/><W45/><G45/><T52/><D67/><U84/><E0/><V29/><F134/><RYUUKYOKU ba="0,1" sc="250,15,250,-15,250,-15,240,15" hai0="23,24,28,40,43,52,54,58,61,65" hai3="16,19,48,56,60,62,63,76,82,85,90,92,96" /><INIT seed="0,1,1,4,0,89" ten="265,235,235,255" oya="0" hai0="16,93,99,54,78,21,120,115,10,57,24,47,95" hai1="40,53,41,119,134,117,133,98,72,111,118,131,135" hai2="63,129,103,15,73,128,97,32,62,22,107,26,112" hai3="31,56,80,126,132,61,23,30,82,19,60,58,85"/><T105/><D120/><U33/><E33/><V2/><F2/><W71/><G71/><T84/><D115/><U109/><E72/><V14/><F73/><W51/><G126/><T48/><D105/><U100/><E53/><V35/><F112/><W38/><G38/><T113/><D113/><U36/><E36/><V64/><F35/><W9/><G132/><T81/><D99/><U101/><E131/><N who="2" m="50251" /><F63/><N who="3" m="24139" /><G9/><T108/><D108/><N who="1" m="41547" /><E98/><V70/><F32/><W49/><G49/><N who="0" m="30927" /><D10/><U65/><E65/><V12/><F12/><N who="3" m="9703" /><G51/><T94/><D48/><U121/><E121/><V90/><F90/><N who="3" m="51495" /><G82/><T6/><D6/><U83/><E83/><V96/><F96/><W11/><G11/><T34/><D34/><U74/><E74/><V127/><F127/><W86/><G86/><T37/><D37/><U122/><E122/><V13/><F13/><W8/><G8/><T42/><D42/><AGARI ba="1,1" hai="40,41,42,100,101,117,118,119,133,134,135" m="41547" machi="42" ten="50,8000,1" yaku="28,2,20,1,14,1" doraHai="89" who="1" fromWho="0" sc="265,-83,235,93,235,0,255,0" /><INIT seed="1,0,0,2,0,11" ten="182,328,235,255" oya="1" hai0="123,50,110,41,115,22,49,81,47,91,105,38,76" hai1="13,80,37,14,51,129,1,58,24,125,84,102,6" hai2="112,62,106,71,67,42,18,36,31,132,134,108,7" hai3="78,113,107,86,17,3,118,70,72,97,69,131,25"/><U12/><E37/><V65/><F31/><W33/><G113/><T121/><D105/><U53/><E125/><V74/><F7/><W56/><G118/><T59/><D91/><N who="1" m="51591" /><E1/><V75/><F106/><W116/><G116/><T5/><D110/><U103/><E129/><V98/><F98/><W28/><G131/><T66/><D115/><U4/><E24/><V73/><F112/><W124/><G124/><T89/><D89/><U77/><E77/><V26/><F108/><W30/><G30/><T21/><D38/><U40/><E40/><V64/><F26/><W135/><G3/><T95/><D123/><U92/><E92/><V96/><F96/><W79/><G72/><T61/><D95/><U119/><E119/><V87/><F87/><W35/><G35/><T39/><D121/><U43/><E43/><V88/><F88/><W111/><G111/><T122/><D122/><U94/><E94/><V68/><F18/><W60/><G79/><T27/><D5/><AGARI ba="0,0" hai="4,5,6,12,13,14,51,53,58,102,103" m="51591" machi="5" ten="30,11600,0" yaku="8,1,52,3" doraHai="11" who="1" fromWho="0" sc="182,-116,328,116,235,0,255,0" /><INIT seed="1,1,0,4,3,113" ten="66,444,235,255" oya="1" hai0="50,3,25,28,14,49,51,90,105,132,134,46,87" hai1="19,120,45,44,17,114,88,122,22,106,12,129,1" hai2="125,57,94,7,135,131,75,32,124,121,29,9,97" hai3="34,79,110,133,2,115,76,61,33,95,4,37,85"/><U6/><E114/><V23/><F75/><W108/><G115/><T78/><D3/><U91/><E106/><V89/><F121/><W54/><G37/><T30/><D105/><U40/><E129/><V63/><F32/><N who="3" m="12395" /><G133/><N who="0" m="51307" /><D78/><N who="3" m="29737" /><G4/><T119/><D14/><U8/><E17/><V10/><F131/><W69/><G2/><T5/><D5/><U101/><E101/><V36/><F36/><W72/><G72/><T52/><D119/><U66/><E66/><V109/><F109/><N who="3" m="42091" /><G54/><T128/><D128/><U58/><E58/><V86/><F135/><W38/><G38/><T68/><D68/><U130/><E130/><V84/><F125/><W70/><G61/><T67/><D67/><U117/><E117/><V39/><F124/><W81/><G95/><N who="0" m="54751" /><D30/><U59/><E59/><V24/><F39/><W73/><G73/><T64/><D64/><U13/><E1/><V47/><F9/><W126/><G126/><T102/><D102/><U104/><E104/><V107/><F107/><W62/><G62/><T35/><AGARI ba="1,0" hai="25,28,35,46,49,50,51,52" m="54751,51307" machi="35" ten="30,2000,0" yaku="20,1,54,1" doraHai="113" who="0" fromWho="0" sc="66,23,444,-11,235,-6,255,-6" /><INIT seed="2,0,0,4,4,126" ten="89,433,229,249" oya="2" hai0="108,58,20,73,67,69,92,104,13,61,41,59,77" hai1="78,38,103,30,121,17,129,28,25,134,122,124,106" hai2="107,54,84,127,33,23,68,116,76,94,98,123,86" hai3="75,56,10,74,83,6,128,101,91,19,40,82,63"/><V96/><F33/><W131/><G101/><T39/><D104/><U93/><E38/><V87/><F123/><N who="1" m="47113" /><E106/><V89/><F68/><W7/><G40/><T47/><D108/><U45/><E124/><V62/><F127/><W51/><G51/><T109/><D109/><U36/><E134/><V114/><F116/><W80/><G91/><T115/><D115/><U3/><E3/><V37/><F37/><W1/><G19/><T46/><D77/><U22/><E78/><V117/><F117/><W118/><G7/><T66/><D73/><U88/><E103/><N who="2" m="62951" /><F54/><N who="3" m="34199" /><G118/><T27/><D67/><U2/><E2/><V50/><F62/><W55/><G55/><T53/><D13/><U85/><E45/><V42/><F23/><W111/><G111/><T34/><D34/><U5/><E5/><V95/><F50/><W24/><G24/><T32/><D32/><U135/><E36/><V18/><F18/><W132/><G132/><T100/><D47/><U72/><E72/><V81/><F42/><W102/><G102/><T44/><D46/><U16/><E135/><V8/><F8/><W99/><G99/><N who="0" m="59495" /><D53/><U113/><E113/><V90/><F114/><W119/><G119/><T35/><D35/><U79/><E79/><V105/><F105/><W120/><G120/><T112/><D112/><U9/><E9/><V11/><F11/><W125/><G125/><T49/><D39/><U71/><E71/><V65/><F65/><W97/><G97/><AGARI ba="0,0" hai="76,81,84,86,87,89,90,94,95,97,98" m="62951" machi="97" ten="30,12000,1" yaku="35,5" doraHai="126" who="2" fromWho="3" sc="89,0,433,0,229,120,249,-120" /><INIT seed="2,1,0,4,5,27" ten="89,433,349,129" oya="2" hai0="58,55,76,85,3,97,68,53,87,18,2,56,132" hai1="121,99,83,73,74,109,103,52,111,45,47,40,10" hai2="88,5,69,106,95,11,29,34,51,114,125,44,0" hai3="94,117,105,48,129,35,13,64,28,78,107,101,81"/><V25/><F125/><W119/><G129/><T128/><D128/><U42/><E121/><V66/><F106/><W100/><G64/><T84/><D76/><U19/><E83/><V65/><F69/><W14/><G48/><T71/><D18/><U22/><E10/><V59/><F59/><N who="0" m="22570" /><D97/><U30/><E19/><V26/><F25/><W32/><G94/><T89/><D89/><U90/><E90/><V4/><F5/><W93/><G93/><T1/><D132/><U31/><E22/><V115/><F66/><W77/><REACH who="3" step="1"/><G81/><REACH who="3" ten="89,433,349,119" step="2"/><T133/><D133/><U61/><E99/><V63/><F65/><W24/><G24/><T39/><D39/><U126/><E103/><V72/><F63/><W43/><G43/><T67/><D67/><U127/><REACH who="1" step="1"/><E61/><REACH who="1" ten="89,423,349,119" step="2"/><V20/><F20/><W60/><G60/><T7/><D7/><U120/><E120/><V134/><F134/><W123/><G123/><T104/><D104/><U38/><E38/><V46/><F51/><W21/><G21/><T116/><D116/><U80/><E80/><V86/><REACH who="2" step="1"/><F72/><REACH who="2" ten="89,423,339,119" step="2"/><W50/><G50/><T110/><D71/><U108/><E108/><V33/><F33/><W49/><G49/><T23/><D68/><U15/><E15/><V96/><F96/><W62/><G62/><T91/><D23/><U82/><E82/><V54/><F54/><AGARI ba="1,3" hai="30,31,40,42,45,47,52,54,73,74,109,111,126,127" machi="54" ten="25,12000,2" yaku="1,1,22,2,52,2,54,1,53,0" doraHai="27" doraHaiUra="6" who="1" fromWho="2" sc="89,0,423,153,339,-123,119,0" /><INIT seed="3,0,0,1,5,0" ten="89,576,216,119" oya="3" hai0="15,30,126,72,117,33,91,84,105,12,113,29,74" hai1="128,93,8,68,65,53,56,116,97,106,11,10,80" hai2="125,38,43,27,32,94,88,49,131,46,50,77,62" hai3="90,134,55,35,76,17,107,101,58,89,108,60,57"/><W9/><G35/><T21/><D105/><U47/><E106/><V100/><F125/><W130/><G76/><T127/><D33/><U73/><E128/><V75/><F131/><W103/><G130/><T83/><D117/><U82/><E116/><V114/><F100/><N who="3" m="38475" /><G107/><T102/><D102/><U34/><E34/><V24/><F114/><W81/><G81/><T111/><D111/><U63/><E47/><V52/><F75/><W37/><G37/><T112/><D84/><U48/><REACH who="1" step="1"/><E73/><REACH who="1" ten="89,566,216,119" step="2"/><V96/><F32/><W14/><G134/><T109/><D109/><U123/><E123/><V25/><F77/><W2/><G2/><T31/><D74/><U26/><E26/><V69/><F69/><W16/><G108/><T119/><D72/><U5/><E5/><V67/><F67/><N who="3" m="39311" /><G17/><T71/><D119/><U13/><E13/><V124/><F124/><W104/><G104/><T95/><D127/><U3/><E3/><V135/><F135/><W1/><G1/><T40/><D126/><U70/><E70/><V42/><F43/><W129/><G129/><T19/><D40/><U92/><E92/><V7/><F7/><W51/><AGARI ba="0,1" hai="9,14,16,51,55,58,89,90" m="39311,38475" machi="51" ten="30,3000,0" yaku="8,1,54,1" doraHai="0" who="3" fromWho="3" sc="89,-10,566,-10,216,-10,119,40" /><INIT seed="3,1,0,5,1,33" ten="79,556,206,159" oya="3" hai0="116,27,30,9,109,110,49,73,134,68,77,98,22" hai1="15,14,40,50,36,54,18,112,67,5,135,17,115" hai2="59,87,26,16,34,130,128,6,52,43,120,57,25" hai3="2,101,96,92,63,23,97,108,72,13,46,70,24"/><W31/><G72/><T62/><D49/><U3/><E135/><V74/><F74/><W42/><G108/><T121/><D121/><U89/><E40/><V106/><F106/><W81/><G81/><T71/><D116/><U86/><E36/><V117/><F117/><W79/><G79/><T8/><D98/><U0/><E67/><V12/><F43/><W41/><G2/><T123/><D123/><U66/><E66/><V80/><F59/><W107/><G70/><T28/><D134/><U95/><E5/><V44/><F44/><W99/><G63/><T29/><D77/><U94/><E86/><V51/><F6/><W7/><G107/><T76/><D76/><U105/><E105/><V35/><F34/><W118/><G42/><T91/><D91/><U10/><E50/><V113/><F113/><W102/><G118/><T38/><D38/><U90/><REACH who="1" step="1"/><E10/><REACH who="1" ten="79,546,206,159" step="2"/><N who="0" m="4201" /><D73/><U104/><E104/><V131/><F120/><W100/><G7/><T64/><D71/><U58/><E58/><V84/><F87/><W4/><G4/><T127/><D127/><U93/><E93/><V21/><REACH who="2" step="1"/><F35/><REACH who="2" ten="79,546,196,159" step="2"/><W114/><G114/><T111/><AGARI ba="1,2" hai="22,27,28,29,30,62,64,68,109,110,111" m="4201" machi="111" ten="40,1500,0" yaku="14,1" doraHai="33" who="0" fromWho="0" sc="79,38,546,-5,196,-5,159,-8" /><INIT seed="4,0,0,1,5,44" ten="117,541,191,151" oya="0" hai0="10,37,9,88,15,4,123,56,43,104,100,106,63" hai1="54,25,66,78,124,7,0,101,46,42,41,49,32" hai2="73,77,127,135,130,26,47,68,38,69,5,48,112" hai3="126,122,11,29,79,55,107,98,23,108,34,51,80"/><T62/><D123/><U97/><E124/><V2/><F112/><W82/><G108/><T20/><D100/><U60/><E78/><V6/><F130/><W134/><G122/><T118/><D118/><U13/><E0/><V67/><F38/><W85/><G126/><T14/><D20/><U132/><E132/><V90/><F127/><W12/><G134/><T83/><D37/><U121/><E121/><V18/><F77/><W65/><G34/><T31/><D31/><U113/><E113/><V95/><F73/><W114/><G114/><T19/><D43/><U64/><E66/><V71/><F67/><W17/><G65/><T92/><D83/><U40/><E13/><V22/><F2/><W35/><G35/><T102/><D102/><U53/><E7/><V117/><F117/><W89/><G107/><T27/><D27/><U115/><E115/><V116/><F116/><W28/><G23/><T70/><D70/><U129/><E129/><V76/><F76/><W103/><G103/><T72/><D72/><U119/><E119/><V36/><F36/><W133/><G98/><T131/><D131/><U96/><E101/><V75/><F75/><W91/><G133/><T93/><D93/><U84/><E84/><V52/><REACH who="2" step="1"/><F135/><REACH who="2" ten="117,541,181,151" step="2"/><W120/><G120/><T16/><D4/><U61/><E64/><V110/><F110/><W87/><G79/><T50/><D106/><U57/><REACH who="1" step="1"/><E61/><REACH who="1" ten="117,531,181,151" step="2"/><V111/><F111/><W109/><G109/><T30/><D104/><U24/><E24/><V81/><F81/><W59/><AGARI ba="0,2" hai="11,12,17,28,29,51,55,59,80,82,85,87,89,91" machi="59" ten="20,8000,1" yaku="0,1,7,1,9,1,8,1,52,1" doraHai="44" who="3" fromWho="3" sc="117,-40,531,-20,181,-20,151,100" /><INIT seed="5,0,0,3,2,56" ten="77,511,161,251" oya="1" hai0="21,33,110,14,89,38,61,120,72,41,26,108,111" hai1="75,104,40,39,9,22,19,65,74,86,122,32,13" hai2="87,82,99,130,98,47,46,23,106,15,69,116,58" hai3="70,49,133,12,131,11,54,68,88,64,35,123,0"/><U25/><E122/><V113/><F69/><W124/><G123/><T96/><D120/><U50/><E104/><V107/><F116/><W128/><G0/><T6/><D72/><U31/><E39/><V135/><F130/><N who="3" m="49707" /><G35/><T114/><D33/><U83/><E32/><V121/><F121/><W29/><G29/><T112/><D41/><U119/><E119/><V109/><F109/><W4/><G133/><T85/><D96/><U10/><E9/><V8/><F135/><W73/><G73/><T132/><D38/><U30/><E31/><V57/><F23/><W34/><G34/><T44/><D44/><N who="2" m="16938" /><F107/><W7/><G124/><T2/><D2/><U66/><E75/><V45/><N who="2" m="16946" /><V95/><DORA hai="91" /><F106/><W81/><G7/><T5/><D6/><N who="1" m="3287" /><E74/><V97/><F95/><W16/><G4/><T77/><D5/><U127/><E127/><V42/><F42/><W20/><G11/><T78/><D132/><U100/><E40/><V84/><F113/><W126/><G126/><T102/><D114/><U60/><E30/><V118/><F118/><W43/><G43/><T37/><D112/><U134/><E134/><V59/><F82/><W28/><G28/><T129/><D129/><U51/><E100/><V67/><F67/><W115/><G64/><T92/><D37/><U76/><E65/><V125/><F125/><W71/><G115/><T103/><D103/><U63/><E66/><V79/><F79/><W105/><G105/><T62/><D102/><U3/><E3/><V18/><AGARI ba="0,0" hai="8,15,18,57,58,59,84,87,97,98,99" m="16946" machi="18" ten="40,1500,0" yaku="8,1" doraHai="56,91" who="2" fromWho="2" sc="77,-4,511,-7,161,15,251,-4" /><INIT seed="6,0,0,1,5,57" ten="73,504,176,247" oya="2" hai0="32,37,124,59,88,71,101,76,90,13,121,7,61" hai1="68,97,98,51,72,94,93,60,16,54,31,22,113" hai2="129,127,112,120,85,89,17,24,82,62,118,38,20" hai3="104,91,42,28,96,95,14,43,48,4,133,134,0"/><V49/><F118/><W45/><G0/><T105/><D71/><U130/><E72/><V128/><F38/><W69/><G69/><T23/><D32/><U80/><E113/><V25/><F112/><W109/><G109/><T132/><D121/><U12/><E130/><N who="2" m="50283" /><F120/><W8/><G104/><T111/><D111/><U52/><E31/><V21/><F49/><W117/><G117/><T55/><D124/><U131/><E131/><V10/><F127/><W36/><G28/><T40/><D76/><U64/><E80/><V78/><F78/><W46/><AGARI ba="0,0" hai="4,8,14,36,42,43,45,46,48,91,95,96,133,134" machi="46" ten="30,1100,0" yaku="0,1" doraHai="57" who="3" fromWho="3" sc="73,-3,504,-3,176,-5,247,11" /><INIT seed="7,0,0,3,5,67" ten="70,501,171,258" oya="3" hai0="110,34,117,32,9,77,65,94,85,127,21,24,99" hai1="18,63,45,81,16,84,0,103,22,97,29,55,100" hai2="39,121,90,47,109,79,2,75,120,36,52,119,51" hai3="71,126,11,134,6,118,91,44,19,88,38,3,61"/><W68/><G118/><T107/><D110/><U132/><E0/><V72/><F109/><W8/><G126/><T135/><D127/><U12/><E132/><V125/><F125/><W48/><G134/><T130/><D135/><U41/><E29/><V131/><F119/><W74/><G74/><T113/><D107/><U58/><E18/><V112/><F79/><W101/><G101/><T15/><D130/><U31/><E97/><V14/><F131/><W1/><G38/><T25/><D65/><U76/><E31/><V115/><F14/><W129/><G129/><T86/><D117/><U111/><E111/><V64/><F90/><W4/><G19/><T49/><D113/><N who="2" m="43594" /><F2/><W37/><G37/><AGARI ba="0,0" hai="12,16,22,37,41,45,55,58,63,76,81,84,100,103" machi="37" ten="30,2000,0" yaku="7,1,54,1" doraHai="67" who="1" fromWho="3" sc="70,0,501,20,171,0,258,-20" owari="70,-43.0,521,62.1,171,-22.9,238,3.8" /></mjloggm>