<mjloggm ver="2.3"><GO type="41" lobby="0"/><UN n0="%E3%83%8F%E3%83%A0%E3%82%B9%E3%82%BF%E3%83%BC%E3%81%AE%E7%8E%8B%E6%A7%98" n1="%78%2D%52%61%69%6E%2E" n2="%E2%93%9D%4C%75%63%6B%79%4A" n3="%E8%A3%8F%E3%81%AE%E4%B8%BB%E5%B0%86" dan="14,14,17,14" rate="1993.25,1988.54,2169.39,2006.26" sx="M,M,M,M"/><TAIKYOKU oya="0"/><INIT seed="0,0,0,4,1,45" ten="250,250,250,250" oya="0" hai0="16,0,12,25,85,52,20,57,41,87,131,120,86" hai1="108,116,34,105,7,69,53,101,23,117,3,88,40" hai2="99,28,49,110,93,96,13,55,77,1,113,74,128" hai3="26,22,21,30,42,73,33,19,95,90,32,44,112"/><T65/><D120/><U29/><E34/><V27/><F113/><W75/><G112/><T83/><D0/><U98/><E69/><V31/><F1/><W82/><G33/><T56/><D131/><U130/><E130/><V106/><F128/><W97/><G82/><T62/><D41/><U84/><E40/><V76/><F110/><W126/><G126/><T48/><D25/><U47/><E108/><V35/><F74/><W18/><G32/><T135/><D135/><U67/><E67/><V124/><F31/><W129/><G129/><T81/><AGARI ba="0,0" hai="12,16,20,48,52,56,57,62,65,81,83,85,86,87" machi="81" ten="30,12000,1" yaku="0,1,8,1,52,1,54,2" doraHai="45" who="0" fromWho="0" sc="250,120,250,-40,250,-40,250,-40" /><INIT seed="0,1,0,0,1,116" ten="370,210,210,210" oya="0" hai0="37,51,42,54,106,61,64,4,40,120,41,98,83" hai1="13,88,126,135,28,85,9,105,46,11,92,2,7" hai2="132,23,3,89,21,56,130,127,107,10,39,48,15" hai3="18,79,29,71,121,134,111,63,17,65,45,104,69"/><T77/><D120/><U30/><E126/><V20/><F39/><W86/><G104/><T119/><D119/><U80/><E135/><V75/><F75/><W68/><G134/><T97/><D37/><U22/><E105/><V66/><F107/><W32/><G111/><T109/><D4/><U118/><E118/><V53/><F132/><W129/><G129/><T38/><D106/><U131/><E131/><V57/><F3/><W72/><G72/><T101/><D38/><U58/><E22/><V114/><F114/><W12/><G45/><T34/><D34/><U70/><E70/><V100/><F100/><W115/><G115/><T55/><D51/><U117/><E117/><V43/><F43/><W103/><G103/><T47/><D47/><U36/><E58/><V26/><F89/><W14/><G29/><T59/><D101/><U133/><E133/><V62/><F127/><W82/><G32/><T74/><REACH who="0" step="1"/><D109/><REACH who="0" ten="360,210,210,210" step="2"/><U94/><E36/><V8/><F130/><W6/><G6/><T52/><AGARI ba="1,1" hai="40,41,42,52,54,55,59,61,64,74,77,83,97,98" machi="52" ten="30,11700,0" yaku="1,1,2,1,0,1,54,1,53,0" doraHai="116" doraHaiUra="0" who="0" fromWho="0" sc="360,130,210,-40,210,-40,210,-40" /><INIT seed="0,2,0,5,1,40" ten="490,170,170,170" oya="0" hai0="61,88,68,102,80,25,75,62,82,13,81,49,31" hai1="73,134,20,110,66,69,59,21,83,70,23,22,90" hai2="8,124,98,33,10,122,106,92,93,24,131,78,125" hai3="100,30,19,36,76,85,3,127,123,5,86,105,51"/><T77/><D102/><U71/><E110/><V46/><F122/><W37/><G123/><T18/><D49/><U121/><E121/><V43/><F78/><W41/><G127/><N who="2" m="48713" /><F131/><W63/><G30/><T129/><D129/><U108/><E108/><V103/><F24/><W1/><G63/><N who="0" m="24075" /><D68/><U130/><E130/><V109/><F33/><W67/><G67/><T2/><D2/><U95/><E134/><V72/><F72/><W32/><G32/><T14/><D75/><U29/><E66/><V120/><F120/><W117/><G117/><T45/><D77/><U7/><E59/><V58/><F58/><W28/><G76/><T6/><D6/><U11/><E83/><N who="0" m="31817" /><D31/><U99/><E73/><V96/><F109/><W111/><G28/><T89/><D25/><U17/><E29/><V64/><F64/><W4/><G111/><T115/><D115/><U135/><E135/><V38/><F106/><W118/><G105/><T42/><D14/><U97/><E17/><V35/><F35/><W74/><G19/><T0/><D0/><U126/><E126/><V27/><F27/><W94/><G74/><T87/><D13/><U84/><N who="1" m="5120" /><DORA hai="114" /><U39/><REACH who="1" step="1"/><E39/><REACH who="1" ten="490,160,170,170" step="2"/><V104/><F104/><W54/><G37/><N who="0" m="21711" /><D18/><U16/><E16/><V34/><F34/><W113/><G36/><T79/><D79/><U9/><E9/><V128/><F128/><W133/><G113/><T47/><D82/><U55/><E55/><V60/><F60/><W112/><G54/><T15/><D15/><AGARI ba="2,1" hai="7,11,15,69,70,71,84,90,95,97,99" m="5120" machi="15" ten="60,2000,0" yaku="1,1,53,0" doraHai="40,114" doraHaiUra="107,119" who="1" fromWho="0" sc="490,-26,160,36,170,0,170,0" /><INIT seed="1,0,0,3,0,89" ten="464,196,170,170" oya="1" hai0="18,84,58,128,0,7,11,55,90,41,42,32,79" hai1="49,53,73,50,126,57,44,26,112,27,132,30,94" hai2="111,40,97,63,88,23,15,105,64,25,62,99,31" hai3="56,22,125,43,107,87,85,3,39,38,34,129,19"/><U106/><E112/><V96/><F111/><W70/><G70/><T67/><D128/><U28/><E106/><V123/><F123/><W33/><G3/><T91/><D32/><U17/><E73/><V47/><F105/><W35/><G107/><T29/><D29/><U65/><E126/><V16/><F64/><W6/><G6/><T114/><D67/><U81/><E132/><V127/><F127/><W135/><G125/><T71/><D71/><U113/><E113/><V60/><F47/><W13/><G135/><T117/><D117/><U72/><E65/><V103/><F40/><W82/><G129/><T122/><D79/><U21/><E27/><V121/><F121/><W75/><G43/><T102/><D102/><U118/><E118/><V131/><F131/><W5/><G5/><T66/><D66/><U116/><E116/><V101/><REACH who="2" step="1"/><F88/><REACH who="2" ten="464,196,160,170" step="2"/><W1/><G39/><T95/><D122/><U108/><E108/><V52/><F52/><W46/><G38/><T77/><D91/><U119/><E119/><V20/><AGARI ba="0,1" hai="15,16,20,23,25,31,60,62,63,96,97,99,101,103" machi="20" ten="30,7900,0" yaku="1,1,0,1,8,1,54,1,53,0" doraHai="89" doraHaiUra="133" who="2" fromWho="2" sc="464,-20,196,-39,160,89,170,-20" /><INIT seed="2,0,0,1,5,134" ten="444,157,249,150" oya="2" hai0="64,74,34,92,12,55,132,60,15,89,3,113,28" hai1="81,86,117,36,35,90,44,43,58,7,73,99,54" hai2="49,97,62,39,82,31,47,29,45,129,87,46,13" hai3="108,75,10,80,71,116,104,40,23,91,11,78,127"/><V17/><F39/><W126/><G71/><T121/><D113/><U33/><E117/><V85/><F129/><W37/><G116/><T133/><D121/><U83/><E7/><V22/><F87/><W16/><G104/><T76/><D3/><U111/><E111/><V19/><F62/><W21/><G108/><T130/><D130/><U122/><E122/><V95/><F19/><W20/><G91/><T84/><D55/><U61/><E99/><V4/><F4/><W98/><G98/><T115/><D115/><U9/><E9/><V8/><F8/><W128/><G128/><T102/><D102/><U93/><REACH who="1" step="1"/><E73/><REACH who="1" ten="444,147,249,150" step="2"/><V88/><REACH who="2" step="1"/><F49/><REACH who="2" ten="444,147,239,150" step="2"/><W14/><REACH who="3" step="1"/><G10/><REACH who="3" ten="444,147,239,140" step="2"/><T30/><D132/><U52/><E52/><V48/><F48/><W1/><G1/><T5/><D133/><U68/><E68/><V67/><F67/><W109/><G109/><T100/><D64/><U131/><E131/><V2/><F2/><W70/><G70/><T69/><D69/><U101/><E101/><AGARI ba="0,3" hai="13,17,22,29,31,45,46,47,82,85,88,95,97,101" machi="101" ten="40,7700,0" yaku="1,1,8,1,54,1,53,0" doraHai="134" doraHaiUra="0" who="2" fromWho="1" sc="444,0,147,-77,239,107,140,0" /><INIT seed="2,1,0,2,2,66" ten="444,70,346,140" oya="2" hai0="101,131,133,119,53,103,26,17,120,84,61,40,19" hai1="24,25,98,54,105,6,116,89,0,92,55,46,88" hai2="42,80,94,8,75,27,21,97,96,86,111,74,52" hai3="45,125,14,118,110,113,83,36,9,32,28,108,59"/><V127/><F42/><N who="3" m="22727" /><G118/><T30/><D120/><U76/><E116/><V85/><F127/><W70/><G125/><T134/><D131/><U99/><E76/><V58/><F111/><N who="3" m="42539" /><G113/><T68/><D40/><U37/><E37/><V11/><F75/><W47/><G47/><T7/><D7/><U90/><E105/><V82/><F74/><W10/><G59/><T106/><D84/><N who="2" m="32362" /><F97/><W135/><G83/><N who="2" m="31785" /><F96/><W130/><G130/><T100/><D106/><U22/><E46/><V69/><F69/><W23/><G135/><N who="0" m="51723" /><D119/><U43/><E43/><V77/><F94/><W20/><G32/><N who="0" m="20567" /><D53/><U123/><E123/><V64/><F64/><AGARI ba="1,0" hai="17,19,61,64,68,100,101,103" m="20567,51723" machi="64" ten="30,2000,0" yaku="20,1,52,1" doraHai="66" who="0" fromWho="2" sc="444,23,70,0,346,-23,140,0" /><INIT seed="3,0,0,1,4,20" ten="467,70,323,140" oya="3" hai0="12,0,134,128,72,135,39,82,24,57,50,4,122" hai1="92,36,49,129,34,64,6,77,116,131,53,67,54" hai2="86,104,105,101,16,5,68,133,99,109,37,76,1" hai3="55,96,94,69,15,83,59,93,124,29,74,112,25"/><W79/><G69/><T13/><D122/><U19/><E36/><V23/><F37/><W119/><G119/><T58/><D39/><U75/><E34/><V103/><F68/><W26/><G112/><T52/><D128/><N who="1" m="49227" /><E116/><V127/><F127/><W44/><G124/><T32/><D0/><U63/><E6/><V81/><F109/><W42/><G15/><T130/><D57/><N who="1" m="35247" /><E92/><V27/><F133/><N who="0" m="50698" /><D4/><U78/><E19/><V90/><F103/><W33/><G26/><T95/><D95/><U114/><E114/><V73/><F105/><W60/><REACH who="3" step="1"/><G96/><REACH who="3" ten="467,70,323,130" step="2"/><T117/><D130/><U123/><E123/><V11/><REACH who="2" step="1"/><F73/><REACH who="2" ten="467,70,313,130" step="2"/><W61/><G61/><N who="0" m="36039" /><D117/><U21/><E75/><V38/><F38/><AGARI ba="0,2" hai="25,29,33,38,42,44,55,59,60,74,79,83,93,94" machi="38" ten="30,12000,1" yaku="1,1,7,1,52,1,53,2" doraHai="20" doraHaiUra="91" who="3" fromWho="2" sc="467,0,70,0,313,-120,130,140" /><INIT seed="3,1,0,1,2,119" ten="467,70,193,270" oya="3" hai0="4,104,126,130,121,25,102,122,46,135,133,13,34" hai1="97,89,95,29,128,43,69,70,38,47,35,5,109" hai2="64,114,54,74,60,24,132,28,19,61,100,93,75" hai3="63,101,91,9,32,111,115,3,134,96,116,80,88"/><W27/><G116/><T62/><D104/><U120/><E109/><V85/><F114/><W68/><G115/><T131/><D102/><U125/><E125/><V90/><F132/><N who="0" m="50762" /><D126/><U73/><E73/><V41/><F41/><W107/><G134/><T17/><D46/><U94/><E128/><N who="0" m="49193" /><D62/><U1/><E95/><V8/><F61/><W71/><G111/><T55/><D55/><U16/><E5/><V45/><F100/><W103/><G103/><T18/><D4/><U10/><E1/><V105/><F105/><W118/><G118/><T44/><D44/><U14/><E29/><V11/><F54/><W30/><G80/><T49/><D49/><U33/><REACH who="1" step="1"/><E120/><REACH who="1" ten="467,60,193,270" step="2"/><N who="0" m="46185" /><D13/><U117/><E117/><V42/><F93/><W51/><G51/><T66/><D66/><U123/><E123/><V59/><F64/><N who="3" m="40991" /><G71/><AGARI ba="1,1" hai="10,14,16,33,35,38,43,47,69,70,71,89,94,97" machi="71" ten="40,2600,0" yaku="1,1,54,1,53,0" doraHai="119" doraHaiUra="127" who="1" fromWho="3" sc="467,0,60,39,193,0,270,-29" /><INIT seed="4,0,0,5,1,18" ten="467,99,193,241" oya="0" hai0="51,3,67,131,17,54,116,118,97,55,4,76,53" hai1="1,43,132,129,50,115,103,5,104,42,73,95,36" hai2="112,27,83,34,9,6,59,30,123,8,117,7,93" hai3="82,134,126,56,98,110,69,68,85,124,2,107,39"/><T105/><D131/><U61/><E73/><V96/><F123/><W99/><G39/><T13/><D76/><U101/><E129/><V63/><F112/><W48/><G2/><T74/><D74/><U75/><E36/><V121/><F121/><W102/><G110/><T25/><D3/><U91/><E75/><V40/><F40/><W52/><G134/><T21/><D67/><U77/><E132/><V10/><F83/><W125/><REACH who="3" step="1"/><G99/><REACH who="3" ten="467,99,193,231" step="2"/><T60/><D97/><U120/><E120/><V109/><F109/><W80/><G80/><T66/><D116/><U127/><E115/><V12/><F117/><W57/><G57/><T84/><D118/><U72/><E1/><V106/><F7/><W47/><G47/><T65/><D4/><U26/><E5/><V89/><REACH who="2" step="1"/><F106/><REACH who="2" ten="467,99,183,231" step="2"/><W41/><G41/><T78/><D105/><U22/><E104/><V32/><F32/><W70/><G70/><T38/><D38/><U20/><E42/><V122/><F122/><W33/><G33/><T23/><D51/><U15/><E43/><V86/><F86/><W88/><AGARI ba="0,2" hai="48,52,56,68,69,82,85,88,98,102,107,124,125,126" machi="88" ten="30,12000,2" yaku="1,1,0,1,18,1,54,2,53,1" doraHai="18" doraHaiUra="92" who="3" fromWho="3" sc="467,-60,99,-30,183,-30,231,140" /><INIT seed="5,0,0,0,3,43" ten="407,69,153,371" oya="1" hai0="79,16,23,61,46,66,90,111,47,86,5,108,39" hai1="110,129,81,88,63,10,13,91,134,54,40,67,56" hai2="109,21,52,112,37,87,101,11,82,8,3,93,64" hai3="32,14,26,89,19,132,18,30,80,95,78,133,15"/><U122/><E122/><V33/><F33/><W48/><G48/><T20/><D39/><U106/><E129/><V123/><F64/><W102/><G102/><T69/><D79/><U117/><E106/><V57/><F109/><W96/><G15/><T83/><D5/><U103/><E117/><V53/><F37/><W114/><G114/><T7/><D7/><U97/><E110/><V124/><F124/><W59/><G59/><T60/><D108/><U41/><E134/><N who="3" m="51818" /><G14/><T35/><D35/><U1/><E1/><V98/><F123/><W51/><G51/><T49/><D49/><U70/><E70/><V44/><F112/><W121/><G121/><T77/><D111/><U116/><E116/><V24/><F3/><W12/><G12/><T73/><D61/><U84/><E67/><V17/><F44/><W27/><G27/><T62/><D60/><U36/><E36/><V0/><F0/><W74/><AGARI ba="0,0" hai="18,19,26,30,32,74,78,80,89,95,96" m="51818" machi="74" ten="30,1100,0" yaku="20,1" doraHai="43" who="3" fromWho="3" sc="407,-3,69,-5,153,-3,371,11" /><INIT seed="6,0,0,3,2,60" ten="404,64,150,382" oya="2" hai0="99,85,105,15,128,62,113,86,106,133,88,72,28" hai1="97,59,22,36,110,115,41,75,17,43,102,87,51" hai2="0,7,56,63,79,14,134,92,64,101,6,49,44" hai3="40,104,11,121,130,13,33,55,93,27,34,89,73"/><V48/><F0/><W94/><G104/><T96/><D28/><U82/><E110/><V19/><F134/><W124/><G73/><T108/><D72/><U37/><E75/><V30/><F30/><W47/><G121/><T129/><D15/><U1/><E1/><V67/><F79/><W100/><G130/><N who="0" m="50283" /><D62/><U76/><E115/><V125/><F125/><W70/><G70/><T74/><D74/><U20/><E20/><V135/><F135/><W68/><G68/><T122/><D133/><U26/><E41/><N who="2" m="24719" /><F48/><W32/><G124/><T103/><D108/><U21/><E43/><V39/><F39/><W90/><G55/><T77/><D113/><U109/><E109/><V52/><F101/><W118/><G27/><T71/><D71/><U69/><E69/><V25/><F92/><W120/><G120/><T114/><D114/><U12/><E51/><V107/><F107/><W119/><G100/><N who="0" m="62599" /><D122/><U78/><E78/><V58/><F25/><W117/><G93/><N who="0" m="54415" /><D77/><U131/><E131/><V38/><F38/><W46/><G94/><T2/><D2/><U31/><REACH who="1" step="1"/><E59/><REACH who="1" ten="404,54,150,382" step="2"/><V10/><F58/><W8/><G47/><T61/><D61/><U83/><E83/><V132/><F132/><W127/><G127/><T3/><D3/><U66/><E66/><AGARI ba="0,1" hai="6,7,10,14,19,52,56,63,64,66,67" m="24719" machi="66" ten="30,12000,1" yaku="8,1,52,3,54,1" doraHai="60" who="2" fromWho="1" sc="404,0,54,-120,150,130,382,0" owari="404,50.4,-66,-56.6,280,-12.0,382,18.2" /></mjloggm>