<mjloggm ver="2.3"><GO type="41" lobby="0"/><UN n0="%36%31%36%34" n1="%E3%83%97%E3%82%A8%E3%83%AB%E3%83%88%E3%83%AA%E3%82%B3" n2="%E3%83%8F%E3%83%83%E3%83%94%E3%83%BC%E3%82%B1%E3%82%A4%E3%82%AA%E3%82%B9" n3="%E2%93%9D%4C%75%63%6B%79%4A" dan="15,14,14,18" rate="1972.63,1933.04,1915.79,2209.28" sx="M,F,M,M"/><TAIKYOKU oya="0"/><INIT seed="0,0,0,1,4,4" ten="250,250,250,250" oya="0" hai0="63,14,62,15,135,133,79,27,104,48,117,96,101" hai1="72,115,24,59,44,120,21,70,30,88,56,58,52" hai2="3,36,132,28,32,95,97,23,87,45,51,67,110" hai3="119,102,89,17,93,100,12,64,112,131,124,84,18"/><T42/><D117/><U99/><E120/><V31/><F110/><W128/><G119/><T86/><D27/><U121/><E72/><V25/><F36/><W47/><G112/><T6/><D42/><U108/><E121/><V113/><F113/><W78/><G64/><T22/><D48/><N who="1" m="28679" /><E70/><V98/><F132/><N who="0" m="50762" /><D15/><U68/><E68/><V103/><F67/><W91/><G47/><T43/><D43/><U0/><E0/><V134/><F134/><W82/><G18/><N who="0" m="10583" /><D6/><U125/><E115/><V38/><F38/><W127/><G17/><T123/><D123/><U7/><E108/><V106/><F87/><N who="3" m="52479" /><G12/><T26/><D26/><U9/><E125/><N who="3" m="48202" /><G78/><T16/><D16/><U60/><E7/><V129/><F3/><W83/><G83/><AGARI ba="0,0" hai="62,63,79,83,86,96,101,104" m="10583,50762" machi="83" ten="30,1500,0" yaku="20,1" doraHai="4" who="0" fromWho="3" sc="250,15,250,0,250,0,250,-15" /><INIT seed="0,1,0,2,3,102" ten="265,250,250,235" oya="0" hai0="10,81,70,72,95,33,75,19,134,121,103,17,99" hai1="23,135,57,31,54,13,12,98,60,96,6,11,104" hai2="25,97,43,8,90,74,58,105,73,116,111,42,66" hai3="127,18,46,50,78,32,91,61,120,3,30,86,34"/><T130/><D121/><U41/><E135/><V100/><F111/><W7/><G78/><T67/><D130/><U82/><E41/><V113/><F113/><W48/><G30/><T22/><D134/><U5/><E82/><V115/><F115/><W131/><G7/><T52/><D33/><U123/><E123/><V117/><F8/><W65/><G50/><T63/><D81/><U21/><E104/><V124/><F124/><W20/><G3/><T84/><D84/><U114/><E114/><V44/><F90/><W4/><G4/><T126/><D126/><U93/><E31/><V110/><F110/><W2/><G2/><T89/><D89/><U29/><E96/><V39/><F42/><W76/><G76/><T47/><D10/><N who="1" m="4175" /><E29/><V24/><F66/><W37/><G127/><T64/><D64/><U77/><E77/><V27/><REACH who="2" step="1"/><F58/><REACH who="2" ten="265,250,240,235" step="2"/><W108/><G108/><T109/><D109/><U68/><E68/><V28/><F28/><W85/><G120/><T16/><REACH who="0" step="1"/><D22/><REACH who="0" ten="255,250,240,235" step="2"/><U53/><E21/><V35/><F35/><W59/><G34/><T92/><D92/><U128/><E23/><V87/><F87/><W94/><G86/><T118/><D118/><AGARI ba="1,2" hai="24,25,27,39,43,44,73,74,97,100,105,116,117,118" machi="118" ten="40,5200,0" yaku="1,1,12,1,52,1,53,0" doraHai="102" doraHaiUra="26" who="2" fromWho="0" sc="255,-55,250,0,240,75,235,0" /><INIT seed="1,0,0,4,1,75" ten="200,250,315,235" oya="1" hai0="23,71,2,13,98,54,22,121,6,14,94,128,51" hai1="109,106,27,105,15,113,122,81,83,28,80,4,40" hai2="87,7,112,12,25,116,42,107,31,69,46,63,132" hai3="39,0,8,67,61,86,124,20,126,93,119,3,85"/><U104/><E113/><V56/><F116/><W108/><G39/><T97/><D71/><U32/><E122/><V41/><F107/><W115/><G115/><T111/><D121/><U44/><E109/><V91/><F69/><W48/><G48/><T62/><D111/><U73/><E4/><V45/><F132/><W34/><G34/><T99/><D128/><U101/><E15/><V24/><F24/><W29/><G8/><T114/><D114/><U5/><E5/><V117/><F117/><W102/><G29/><T36/><D36/><U33/><E33/><V90/><F90/><W123/><G20/><T77/><D62/><U118/><E118/><V65/><F46/><W82/><G86/><T58/><D2/><U47/><E47/><V89/><F89/><W35/><G35/><T78/><D94/><U19/><E19/><V134/><F134/><W76/><G123/><T70/><D70/><U30/><E30/><V130/><F130/><W38/><G38/><T92/><D92/><U88/><E88/><V96/><F45/><W74/><G108/><T68/><D68/><U66/><E66/><V127/><F91/><N who="3" m="53487" /><G102/><T11/><D23/><U53/><E101/><V10/><F112/><W120/><G120/><T16/><AGARI ba="0,0" hai="6,11,13,14,16,22,51,54,58,77,78,97,98,99" machi="16" ten="30,8000,1" yaku="0,1,8,1,52,2,54,1" doraHai="75" who="0" fromWho="0" sc="200,80,250,-40,315,-20,235,-20" /><INIT seed="2,0,0,1,0,75" ten="280,210,295,215" oya="2" hai0="62,116,131,41,23,5,88,135,74,12,102,123,130" hai1="11,106,35,82,37,134,33,56,60,71,36,14,80" hai2="66,105,78,117,109,25,1,103,95,55,0,70,64" hai3="51,93,3,107,108,16,127,32,61,126,112,79,100"/><V43/><F117/><W8/><G32/><T6/><D123/><U21/><E106/><V15/><F105/><W31/><G31/><T121/><D121/><U38/><E71/><V94/><F43/><W132/><G61/><T68/><D116/><U20/><E134/><V124/><F124/><N who="3" m="47659" /><G108/><T85/><D102/><U111/><E111/><V59/><F15/><N who="3" m="7271" /><G3/><T19/><D74/><U87/><E33/><V45/><F45/><W44/><G112/><T96/><D41/><U110/><E35/><V84/><F25/><W7/><G7/><T24/><D96/><U86/><E110/><V2/><F70/><W27/><G27/><T53/><D135/><U91/><E14/><V29/><F29/><W50/><G107/><T13/><D13/><U129/><E11/><V76/><F109/><W128/><G128/><N who="0" m="49195" /><D12/><U69/><E69/><V65/><F103/><W42/><G132/><T57/><D68/><U133/><E129/><V49/><REACH who="2" step="1"/><F84/><REACH who="2" ten="280,210,285,215" step="2"/><W73/><G44/><T72/><D72/><U119/><E119/><V58/><F58/><W92/><G42/><T18/><D18/><U47/><E47/><V63/><F63/><W40/><G40/><T46/><D46/><U114/><E133/><V54/><F54/><W89/><G100/><T39/><D39/><U98/><E38/><V10/><F10/><W77/><G73/><T115/><D115/><U120/><E37/><V9/><F9/><W122/><G122/><T34/><D34/><U104/><E36/><V125/><F125/><W83/><G51/><T113/><D113/><U118/><E114/><V22/><F22/><RYUUKYOKU ba="0,1" sc="280,15,210,-15,285,15,215,-15" hai0="5,6,19,23,24,53,57,62,85,88" hai2="0,1,2,49,55,59,64,65,66,76,78,94,95" /><INIT seed="2,1,1,0,1,104" ten="295,195,300,200" oya="2" hai0="134,11,89,45,53,68,63,91,23,8,125,108,82" hai1="99,59,102,120,44,76,19,21,34,9,84,116,32" hai2="10,62,110,106,128,95,79,97,15,7,117,39,46" hai3="18,17,105,66,16,81,103,38,50,122,127,2,37"/><V28/><F117/><W65/><G2/><T29/><D108/><U3/><E116/><V93/><F110/><W1/><G1/><T13/><D125/><U126/><E126/><V58/><F128/><W88/><G127/><T51/><D134/><U67/><E120/><V56/><F79/><W48/><G103/><T123/><D123/><U132/><E132/><V69/><F28/><W98/><G122/><T70/><D8/><U129/><E129/><V5/><F5/><W121/><G105/><T14/><D70/><U54/><E67/><N who="3" m="25610" /><G38/><T26/><D68/><U100/><E44/><V20/><F69/><W71/><G37/><T42/><D14/><U22/><E9/><V64/><F20/><W41/><G41/><T60/><D82/><U6/><E6/><V52/><F97/><W40/><G40/><T73/><D73/><U124/><E3/><V75/><F106/><W30/><G30/><T131/><D131/><U86/><E99/><V31/><F31/><W0/><G0/><T133/><D133/><U107/><E107/><V111/><F75/><W47/><G71/><T74/><D74/><U85/><E124/><V114/><F114/><W77/><G47/><T72/><D72/><U57/><E84/><V118/><F118/><W43/><G43/><T115/><D115/><U49/><E19/><V61/><F111/><W135/><G135/><T96/><D42/><U12/><E54/><V24/><F24/><W87/><G121/><T83/><D96/><U109/><E109/><V25/><F25/><W4/><G4/><N who="0" m="3303" /><D83/><U119/><E119/><V36/><F36/><RYUUKYOKU ba="1,1" sc="295,10,195,-30,300,10,200,10" hai0="23,26,29,45,51,53,60,63,89,91" hai2="7,10,15,39,46,52,56,58,61,62,64,93,95" hai3="16,17,18,48,50,77,81,87,88,98" /><INIT seed="2,2,1,4,3,7" ten="305,165,310,210" oya="2" hai0="47,1,6,23,108,66,126,68,73,14,12,36,46" hai1="104,16,40,19,25,82,38,90,27,2,97,105,128" hai2="127,94,96,71,53,109,102,123,60,92,83,37,85" hai3="99,134,30,34,3,72,49,118,80,114,95,31,91"/><V59/><F123/><W125/><G118/><T107/><D108/><U103/><E128/><V64/><F127/><W75/><G3/><T74/><D126/><U50/><E38/><V8/><F109/><W135/><G125/><T133/><D107/><U93/><E2/><V131/><F131/><W28/><G34/><T13/><D133/><N who="3" m="50697" /><G49/><T121/><D121/><U130/><E130/><V98/><F37/><W54/><G54/><T61/><D23/><U57/><E105/><V18/><F18/><N who="1" m="6697" /><E104/><V122/><F122/><W110/><G110/><T124/><D124/><U116/><E116/><V5/><F96/><W78/><G75/><T76/><D47/><N who="1" m="25959" /><E57/><V81/><F92/><W26/><G26/><N who="1" m="9738" /><E82/><V70/><F81/><W9/><G114/><T129/><D129/><U32/><E32/><V45/><F45/><W48/><G48/><T84/><D36/><U33/><E33/><V69/><F69/><W44/><G44/><T35/><D35/><U15/><E15/><V101/><F101/><AGARI ba="2,1" hai="90,93,97,101,103" m="9738,25959,6697" machi="101" ten="30,2000,0" yaku="8,1,54,1" doraHai="7" who="1" fromWho="2" sc="305,0,165,36,310,-26,210,0" /><INIT seed="3,0,0,3,5,68" ten="305,201,284,210" oya="3" hai0="47,60,129,95,17,8,12,112,70,126,122,120,99" hai1="92,90,89,21,87,34,124,13,131,119,83,114,94" hai2="78,64,20,6,14,61,118,75,49,96,111,102,27" hai3="113,80,4,32,125,25,51,3,55,109,29,5,45"/><W98/><G113/><T103/><D126/><U30/><E114/><V115/><F115/><W132/><G125/><T7/><D112/><U101/><E124/><V116/><F111/><W72/><G132/><T71/><D129/><U104/><E34/><V23/><F49/><W2/><G109/><T133/><D133/><U39/><E39/><V57/><F75/><W88/><G72/><T35/><D35/><U84/><E131/><V134/><F78/><W66/><G66/><T26/><D60/><U107/><E30/><V91/><F91/><W59/><G59/><T28/><D47/><U128/><E128/><V36/><F36/><W74/><G74/><T65/><D65/><U105/><E13/><V79/><F79/><W15/><G15/><T22/><REACH who="0" step="1"/><D7/><REACH who="0" ten="295,201,284,210" step="2"/><U10/><E119/><V31/><F134/><W43/><G5/><T63/><D63/><U135/><E135/><V50/><F50/><W130/><G4/><T42/><D42/><U117/><E117/><V1/><F1/><W93/><G130/><T77/><D77/><U108/><E108/><V33/><F33/><W58/><REACH who="3" step="1"/><G80/><REACH who="3" ten="295,201,284,200" step="2"/><T106/><D106/><U41/><E83/><V82/><F82/><W44/><G44/><T40/><D40/><U0/><E41/><V62/><F6/><W18/><G18/><T69/><AGARI ba="0,2" hai="8,12,17,22,26,28,69,70,71,95,99,103,120,122" machi="69" ten="30,2000,0" yaku="1,1,0,1,53,0" doraHai="68" doraHaiUra="46" who="0" fromWho="0" sc="295,40,201,-5,284,-5,200,-10" /><INIT seed="4,0,0,3,0,20" ten="335,196,279,190" oya="0" hai0="83,111,54,39,58,80,38,52,61,3,41,30,59" hai1="19,72,130,135,114,126,29,25,75,124,48,106,97" hai2="118,45,53,2,40,9,101,77,23,99,87,78,21" hai3="13,46,113,5,129,74,127,73,42,60,14,116,107"/><T132/><D3/><U35/><E130/><V109/><F109/><W117/><G107/><T103/><D111/><U56/><E135/><V22/><F53/><W115/><G60/><T120/><D120/><U12/><E114/><N who="3" m="43530" /><G5/><T119/><D119/><N who="3" m="45641" /><G129/><T96/><D132/><U82/><E106/><V121/><F121/><W133/><G133/><T76/><D41/><U123/><E97/><V0/><F118/><W122/><G122/><T24/><D39/><U28/><E28/><V57/><F57/><W79/><G79/><T104/><D38/><U95/><E95/><V128/><F128/><W69/><G69/><T131/><D76/><U37/><E37/><V44/><F77/><W10/><G10/><T55/><D131/><U31/><E31/><V94/><F9/><W65/><G65/><T15/><D15/><N who="3" m="5641" /><G127/><T34/><D55/><N who="1" m="31847" /><E123/><V16/><F78/><W86/><G86/><T66/><D66/><U8/><E82/><V70/><F87/><W110/><G110/><T67/><D67/><U112/><E112/><V92/><F70/><W108/><G108/><T36/><D36/><AGARI ba="0,0" hai="36,42,46,73,74" m="5641,45641,43530" machi="36" ten="30,1000,0" yaku="15,1" doraHai="20" who="3" fromWho="0" sc="335,-10,196,0,279,0,190,10" /><INIT seed="5,0,0,1,2,118" ten="325,196,279,200" oya="1" hai0="83,86,32,15,63,112,79,16,45,117,111,107,35" hai1="59,81,46,36,125,24,76,101,25,6,95,33,20" hai2="92,21,8,68,62,88,30,129,77,50,80,17,23" hai3="42,11,73,14,91,96,22,105,65,110,116,67,78"/><U102/><E125/><V104/><F104/><W121/><G110/><T13/><D117/><U10/><E33/><V48/><F129/><W55/><G42/><T44/><D111/><U71/><E71/><V106/><F106/><W128/><G78/><T12/><D107/><U120/><E120/><V132/><F132/><W57/><G73/><T53/><D112/><U43/><E59/><V39/><F39/><W31/><G121/><T37/><D35/><U93/><E93/><V124/><F8/><W1/><G1/><T28/><D32/><U85/><E95/><V82/><F30/><W19/><G116/><T122/><D28/><U41/><E41/><V58/><F68/><W7/><G31/><T103/><D103/><U49/><E36/><V98/><F23/><W9/><G11/><T113/><D113/><U0/><REACH who="1" step="1"/><E25/><REACH who="1" ten="325,186,279,200" step="2"/><V90/><F124/><W108/><G105/><T97/><D122/><U74/><E74/><V75/><F82/><W119/><G119/><T38/><D38/><U99/><E99/><V26/><REACH who="2" step="1"/><F90/><REACH who="2" ten="325,186,269,200" step="2"/><W47/><G91/><T64/><D37/><U4/><E4/><V127/><F127/><W126/><G126/><T5/><D5/><U87/><E87/><V109/><F109/><W115/><G108/><T3/><D86/><U89/><E89/><V34/><F34/><W56/><G115/><T29/><D97/><U84/><E84/><V133/><F133/><W66/><G96/><T135/><D83/><U130/><E130/><V123/><F123/><W114/><G114/><T69/><D135/><U61/><E61/><V40/><F40/><RYUUKYOKU ba="0,2" sc="325,-15,186,15,269,15,200,-15" hai1="0,6,10,20,24,43,46,49,76,81,85,101,102" hai2="17,21,26,48,50,58,62,75,77,80,88,92,98" /><INIT seed="5,1,2,5,2,109" ten="310,201,284,185" oya="1" hai0="75,12,7,2,69,28,55,38,100,27,115,80,125" hai1="30,117,71,129,119,76,89,11,3,47,84,24,134" hai2="83,85,113,20,132,13,8,108,22,6,67,37,92" hai3="35,88,9,73,54,81,122,95,5,111,63,40,62"/><U130/><E71/><V121/><F108/><W105/><G111/><T48/><D38/><U29/><E47/><V72/><F121/><W131/><G35/><T26/><D69/><U10/><E76/><V58/><F72/><W17/><G105/><T41/><D2/><U42/><E42/><V107/><F107/><W57/><G131/><N who="1" m="50186" /><E89/><V21/><F132/><W114/><G122/><T79/><D41/><U93/><E93/><V135/><F135/><W49/><G17/><T50/><D50/><U34/><E84/><V65/><F37/><W0/><G114/><T1/><D1/><U66/><E66/><V4/><F92/><W123/><G123/><T61/><D61/><U94/><E94/><V70/><F70/><W52/><G40/><T31/><D100/><U23/><E134/><V90/><F113/><W46/><G73/><T103/><D115/><U77/><E77/><V36/><F36/><W18/><G18/><T25/><D103/><U33/><E33/><V102/><F102/><W44/><G81/><T120/><D120/><U45/><E45/><V43/><F43/><W106/><G106/><T16/><D55/><U19/><E29/><V39/><F39/><W101/><G101/><T99/><D31/><U97/><E97/><V127/><F67/><W51/><REACH who="3" step="1"/><G57/><REACH who="3" ten="310,201,284,175" step="2"/><T78/><D80/><U60/><E119/><V87/><F58/><W86/><AGARI ba="1,3" hai="0,5,9,44,46,49,51,52,54,62,63,86,88,95" machi="86" ten="20,12000,2" yaku="1,1,2,1,0,1,7,1,9,1,54,2,53,0" doraHai="109" doraHaiUra="110" who="3" fromWho="3" sc="310,-31,201,-61,284,-31,175,153" /><INIT seed="6,0,0,5,5,0" ten="279,140,253,328" oya="2" hai0="15,72,28,121,69,118,124,104,131,120,31,27,48" hai1="127,57,130,76,32,12,79,49,21,99,23,41,53" hai2="46,17,103,37,30,36,20,4,59,92,123,126,88" hai3="96,82,56,33,100,58,22,64,84,13,54,107,78"/><V89/><F123/><W94/><G33/><T16/><D104/><U25/><E127/><V3/><F126/><W134/><G134/><T116/><D72/><U97/><E130/><V68/><F68/><W18/><G64/><T132/><D69/><U35/><E35/><V128/><F128/><W24/><G107/><T1/><D48/><U81/><E32/><V42/><F30/><N who="0" m="11306" /><D124/><U5/><E41/><V6/><F3/><W67/><G67/><T50/><D50/><U60/><E49/><V135/><F36/><W14/><REACH who="3" step="1"/><G58/><REACH who="3" ten="279,140,253,318" step="2"/><T125/><D125/><U44/><E57/><V114/><F135/><W26/><G26/><T11/><D132/><U65/><E25/><V71/><F71/><W29/><G29/><T80/><D131/><U51/><E65/><V39/><F59/><W87/><G87/><T115/><D121/><U19/><E99/><V110/><F110/><W55/><G55/><T75/><D120/><U91/><E97/><V98/><F42/><W133/><G133/><T47/><D27/><U122/><E122/><V119/><F119/><W8/><G8/><T105/><D105/><U90/><E23/><V117/><F20/><W102/><G102/><T109/><D109/><U62/><E21/><V52/><F98/><W73/><G73/><T101/><D118/><U129/><E129/><V40/><F103/><W45/><G45/><T112/><D75/><U74/><E74/><V106/><F46/><W34/><G34/><T77/><D11/><U86/><E44/><V2/><F117/><W10/><G10/><T61/><D47/><U7/><E53/><RYUUKYOKU ba="0,1" sc="279,-10,140,-10,253,-10,318,30" hai3="13,14,18,22,24,54,56,78,82,84,94,96,100" /><INIT seed="7,1,1,5,0,118" ten="269,130,243,348" oya="3" hai0="78,23,113,59,71,112,86,92,54,49,132,64,65" hai1="35,17,107,25,123,33,36,6,82,22,12,96,114" hai2="131,56,10,1,99,2,11,0,41,39,111,40,128" hai3="15,125,62,94,77,31,30,68,14,48,90,28,16"/><W8/><G125/><T70/><D23/><U100/><E36/><V50/><F111/><W51/><G77/><T61/><D92/><U117/><E117/><V115/><F115/><N who="0" m="44106" /><D86/><U104/><E114/><V43/><F39/><W63/><G15/><T5/><D5/><U19/><E104/><V106/><F106/><W135/><G135/><T91/><D91/><U29/><E35/><V18/><F99/><N who="3" m="57815" /><G68/><N who="0" m="26155" /><D78/><U52/><E19/><V45/><F56/><W85/><G85/><T102/><D102/><U109/><E109/><V95/><F95/><W24/><G24/><T73/><D73/><U44/><E82/><V72/><F72/><W53/><G51/><T84/><D84/><U75/><E75/><V13/><REACH who="2" step="1"/><F11/><REACH who="2" ten="269,130,233,348" step="2"/><W108/><G108/><T7/><D132/><U58/><E44/><AGARI ba="1,2" hai="8,14,16,28,30,31,44,48,53,62,63" m="57815" machi="44" ten="30,2900,0" yaku="8,1,54,1" doraHai="118" who="3" fromWho="1" sc="269,0,130,-32,233,0,348,52" owari="269,6.9,98,-40.2,233,-16.7,400,50.0" /></mjloggm>