<mjloggm ver="2.3"><GO type="41" lobby="0"/><UN n0="%63%68%61%6F%73%33%39" n1="%E3%81%B1%E3%81%A1%E3%81%B1%E3%81%A1%E3%81%B0%E3%82%84%E3%81%A1" n2="%E3%81%A8%E3%82%93%E3%81%8B%E3%81%A4%E3%82%B1%E3%83%BC%E3%82%AD" n3="%E2%93%9D%4C%75%63%6B%79%4A" dan="14,15,13,17" rate="1909.53,2062.03,1879.91,2129.68" sx="M,M,M,M"/><TAIKYOKU oya="0"/><INIT seed="0,0,0,5,0,71" ten="250,250,250,250" oya="0" hai0="37,53,96,51,39,101,100,76,86,107,95,87,60" hai1="49,32,129,9,63,35,135,84,108,78,10,70,80" hai2="64,85,50,38,56,7,116,114,44,34,41,117,11" hai3="46,17,115,103,124,61,134,81,73,30,102,68,72"/><T15/><D60/><U90/><E108/><V36/><F34/><W118/><G30/><T110/><D110/><U88/><E129/><V65/><F85/><W128/><G115/><T92/><D15/><U105/><E135/><V132/><F114/><W45/><G124/><T133/><D133/><U67/><E105/><V52/><F132/><W47/><G118/><N who="2" m="45673" /><F11/><W5/><G5/><T121/><D121/><U62/><E62/><N who="2" m="36103" /><F7/><W27/><G128/><T43/><D43/><U127/><E127/><V83/><F83/><W22/><G134/><T111/><D111/><U2/><E49/><V55/><F55/><W126/><G126/><T12/><D12/><U42/><E42/><V104/><F104/><W112/><G112/><T123/><D123/><U77/><E2/><V59/><F59/><W25/><G81/><T120/><D120/><U93/><E35/><V48/><F48/><W33/><G33/><T0/><D0/><U66/><E32/><V109/><F109/><W24/><G22/><T3/><D3/><U98/><REACH who="1" step="1"/><E67/><AGARI ba="0,0" hai="36,38,41,44,50,64,65,67" m="36103,45673" machi="67" ten="30,12000,2" yaku="12,1,34,2,52,2,54,1" doraHai="71" who="2" fromWho="1" sc="250,0,250,-120,250,120,250,0" /><INIT seed="1,0,0,3,0,115" ten="250,130,370,250" oya="1" hai0="108,135,101,47,20,7,9,6,103,78,58,38,89" hai1="133,120,105,116,85,41,113,3,126,57,26,61,71" hai2="60,48,82,72,81,13,65,88,21,117,74,34,16" hai3="80,11,14,53,8,75,52,128,129,1,121,114,107"/><U76/><E41/><V46/><F34/><W97/><G114/><T4/><D108/><U19/><E3/><V66/><F117/><W12/><G1/><T25/><D135/><U5/><E71/><V119/><F119/><W104/><G80/><T131/><D131/><N who="3" m="50249" /><G75/><T56/><D78/><U27/><E105/><N who="3" m="40522" /><G97/><T29/><D89/><U40/><E40/><V67/><F81/><W50/><G50/><T24/><D38/><U77/><E120/><V73/><F60/><W130/><N who="3" m="50257" /><W127/><DORA hai="96" /><G127/><T100/><D47/><U83/><E113/><V42/><F67/><W0/><G0/><T54/><D9/><N who="3" m="3657" /><G121/><T95/><D95/><U134/><E126/><V30/><F30/><W102/><G102/><N who="0" m="26115" /><T64/><DORA hai="44" /><D64/><N who="1" m="38959" /><E116/><V98/><F82/><W43/><G43/><T62/><D58/><U45/><E77/><V123/><F123/><W55/><AGARI ba="0,0" hai="12,14,52,53,55" m="3657,40522,50257" machi="55" ten="50,8000,1" yaku="28,2,19,1,54,1" doraHai="115,96,44" who="3" fromWho="3" sc="250,-20,130,-40,370,-20,250,80" /><INIT seed="2,0,0,0,4,21" ten="230,90,350,330" oya="2" hai0="84,32,87,82,69,17,30,14,102,105,7,104,18" hai1="48,113,86,36,11,16,9,49,88,57,10,23,5" hai2="66,99,94,96,119,71,67,78,122,127,50,126,43" hai3="103,70,109,45,133,118,65,120,55,116,107,135,130"/><V38/><F119/><W31/><G103/><T42/><D69/><U47/><E113/><V79/><F38/><W40/><G31/><T74/><D42/><U100/><E36/><V72/><F71/><W63/><G107/><T125/><D125/><U114/><E114/><V129/><F72/><W73/><G73/><T3/><D18/><U53/><E100/><V121/><F43/><W29/><G29/><T24/><D74/><U8/><E8/><V51/><REACH who="2" step="1"/><F94/><REACH who="2" ten="230,90,340,330" step="2"/><W92/><G92/><T15/><D104/><U4/><E47/><V59/><F59/><W33/><G40/><T132/><D132/><U128/><E49/><V111/><F111/><W6/><G109/><T101/><D105/><U58/><E58/><V1/><F1/><W80/><G118/><T98/><D3/><U35/><E35/><V39/><F39/><W97/><G33/><T22/><D82/><U52/><E53/><V117/><F117/><W25/><G55/><T106/><D106/><U77/><E128/><AGARI ba="0,1" hai="50,51,66,67,78,79,96,99,121,122,126,127,128,129" machi="128" ten="25,4800,0" yaku="1,1,22,2,53,0" doraHai="21" doraHaiUra="85" who="2" fromWho="1" sc="230,0,90,-48,340,58,330,0" /><INIT seed="2,1,0,1,3,127" ten="230,42,398,330" oya="2" hai0="33,9,130,94,1,8,44,83,68,129,106,20,86" hai1="76,97,35,5,34,93,122,15,105,67,117,134,58" hai2="39,75,32,27,85,112,24,131,74,95,61,26,100" hai3="125,22,54,121,133,65,111,21,7,87,4,6,80"/><V91/><F39/><W101/><G121/><T36/><D68/><U40/><E117/><V31/><F112/><W84/><G133/><T78/><D106/><U123/><E105/><V37/><F37/><W43/><G125/><T49/><D36/><U103/><E134/><V104/><F131/><N who="0" m="50186" /><D33/><U50/><E76/><V109/><F109/><W13/><G65/><T88/><D20/><U98/><E98/><V82/><F61/><W17/><G22/><T52/><D1/><U0/><E0/><V92/><F92/><W30/><G30/><T28/><D28/><U102/><E102/><V118/><F118/><W64/><G101/><T11/><D11/><N who="1" m="4591" /><E40/><V51/><F51/><W25/><G43/><T126/><D126/><U99/><E99/><AGARI ba="1,0" hai="8,9,44,49,52,78,83,86,88,94,99" m="50186" machi="99" ten="30,12000,2" yaku="19,1,52,3,54,2" doraHai="127" who="0" fromWho="1" sc="230,123,42,-123,398,0,330,0" owari="353,15.3,-81,-58.1,398,49.8,330,-7.0" /></mjloggm>