<mjloggm ver="2.3"><GO type="41" lobby="0"/><UN n0="%E2%93%9D%4C%75%63%6B%79%4A" n1="%E3%81%A1%E3%81%88%5F%E3%83%94%E3%83%B3%E3%82%AF" n2="%E3%83%88%E3%83%84" n3="%E3%82%B8%E3%83%A7%E3%82%B3%E3%83%B3%E3%83%80%E2%85%A1" dan="18,13,13,13" rate="2149.02,1874.78,2020.83,1864.03" sx="M,M,F,M"/><TAIKYOKU oya="0"/><INIT seed="0,0,0,2,5,90" ten="250,250,250,250" oya="0" hai0="20,125,118,67,36,6,5,32,12,106,117,3,18" hai1="130,57,59,91,60,34,94,135,97,96,121,51,75" hai2="113,24,131,79,95,129,30,8,132,7,43,80,22" hai3="15,104,45,53,11,112,25,39,120,111,71,81,17"/><T93/><D106/><U50/><E121/><V13/><F113/><W66/><G120/><T41/><D67/><U103/><E75/><V83/><F132/><W40/><G112/><T133/><D36/><U107/><E135/><V86/><F80/><W128/><G128/><T73/><D41/><U84/><E130/><V35/><F43/><W77/><G111/><T124/><D73/><U85/><E34/><V82/><F82/><W76/><G104/><T52/><D133/><U134/><E59/><V89/><REACH who="2" step="1"/><F35/><REACH who="2" ten="250,250,240,250" step="2"/><W56/><G81/><T2/><D32/><U87/><REACH who="1" step="1"/><E134/><REACH who="1" ten="250,240,240,250" step="2"/><V65/><F65/><AGARI ba="0,2" hai="50,51,57,60,65,84,85,87,91,94,96,97,103,107" machi="65" ten="40,8000,1" yaku="1,1,2,1,52,1,53,2" doraHai="90" doraHaiUra="46" who="1" fromWho="2" sc="250,0,240,100,240,-80,250,0" /><INIT seed="1,0,0,4,5,76" ten="250,340,160,250" oya="1" hai0="56,3,64,32,126,99,78,120,104,4,19,121,20" hai1="52,33,97,84,26,109,87,82,89,16,72,116,50" hai2="74,25,39,27,114,132,54,69,14,131,70,8,58" hai3="1,122,24,92,71,107,134,80,28,11,129,59,115"/><U77/><E116/><V95/><F39/><W96/><G59/><T40/><D32/><U42/><E109/><V124/><F74/><W45/><G45/><T41/><D4/><U22/><E33/><V23/><F124/><W119/><G24/><T79/><D3/><U83/><E97/><V38/><F38/><W46/><G46/><T68/><D68/><U36/><E36/><V55/><F131/><W88/><G28/><T106/><D64/><U53/><E72/><V130/><F130/><W100/><G71/><T35/><D56/><U75/><E75/><V21/><F132/><W113/><G129/><T108/><D35/><U17/><E17/><N who="2" m="8391" /><F114/><N who="3" m="43531" /><G11/><T123/><D126/><U57/><E53/><N who="2" m="19979" /><F25/><W7/><G7/><T90/><D123/><U29/><E29/><V5/><F69/><W85/><G1/><T66/><D121/><U67/><E67/><V86/><F27/><W103/><G122/><T37/><D120/><U6/><E6/><V133/><F70/><W48/><G48/><T91/><D37/><U60/><E60/><V128/><F58/><W94/><G134/><T125/><D125/><U135/><E135/><V112/><F112/><W44/><G44/><T34/><D34/><U101/><E42/><V13/><F128/><W81/><G119/><T65/><D19/><U18/><E18/><V73/><F73/><W111/><G111/><T12/><D108/><U2/><E2/><V117/><F117/><W47/><G47/><T15/><D20/><U105/><E105/><V93/><F5/><W9/><G9/><T102/><D99/><AGARI ba="0,0" hai="80,81,85,88,92,94,96,99,100,103,107" m="43531" machi="99" ten="30,8000,1" yaku="34,2,52,2,54,1" doraHai="76" who="3" fromWho="0" sc="250,-80,340,0,160,0,250,80" /><INIT seed="2,0,0,1,5,86" ten="170,340,160,330" oya="2" hai0="67,124,3,19,29,49,58,48,28,30,60,85,71" hai1="14,23,11,13,109,59,90,120,15,50,75,51,107" hai2="63,62,95,42,54,47,99,79,91,117,74,101,133" hai3="2,53,103,61,98,89,112,68,25,38,73,111,87"/><V24/><F117/><W121/><G25/><T113/><D113/><U35/><E75/><V88/><F133/><W82/><G2/><T57/><D3/><U41/><E107/><V129/><F129/><W77/><G38/><T69/><D124/><U102/><E102/><V119/><F119/><W132/><G111/><T10/><D71/><U108/><E35/><V55/><F74/><W6/><G6/><T27/><D69/><U118/><E118/><V66/><F79/><W37/><G37/><T52/><D49/><U131/><E23/><V18/><F42/><W122/><G132/><T43/><D43/><U80/><E11/><V65/><F24/><W16/><G112/><T46/><D58/><U93/><E80/><V70/><F18/><W72/><G16/><T92/><D10/><U104/><E104/><V76/><F76/><W96/><G121/><T36/><D36/><U34/><E34/><V40/><F40/><W106/><G122/><T127/><D127/><U33/><E33/><V83/><F83/><W81/><G53/><N who="2" m="19977" /><F47/><W64/><REACH who="3" step="1"/><G73/><REACH who="3" ten="170,340,160,320" step="2"/><T44/><D19/><U12/><E120/><V8/><F8/><W84/><G84/><T114/><D114/><U105/><E108/><V100/><F100/><W31/><G31/><T9/><D27/><U94/><E109/><V126/><F126/><W97/><AGARI ba="0,1" hai="61,64,68,72,77,81,82,87,89,96,97,98,103,106" machi="97" ten="30,4000,0" yaku="1,1,0,1,52,1,53,0" doraHai="86" doraHaiUra="0" who="3" fromWho="3" sc="170,-10,340,-10,160,-20,320,50" /><INIT seed="3,0,0,4,0,116" ten="160,330,140,370" oya="3" hai0="110,79,58,83,64,29,9,99,72,76,55,53,68" hai1="111,57,12,39,15,18,30,16,1,134,54,25,5" hai2="56,28,41,105,96,109,17,74,33,73,103,70,13" hai3="131,71,120,48,117,107,21,123,37,19,82,43,38"/><W0/><G117/><T98/><D68/><U32/><E39/><N who="3" m="14858" /><G21/><T124/><D124/><U95/><E111/><V3/><F109/><W88/><G88/><T66/><D110/><U126/><E126/><V75/><F41/><W80/><G19/><N who="1" m="7210" /><E95/><V35/><F70/><W22/><G22/><T45/><D29/><U61/><E54/><V102/><F3/><W6/><G82/><T101/><D9/><N who="1" m="2223" /><E57/><V85/><F56/><W78/><G48/><T10/><D10/><U63/><E61/><V27/><F33/><W135/><G135/><T34/><D34/><U67/><E63/><V84/><REACH who="2" step="1"/><F102/><REACH who="2" ten="160,330,130,370" step="2"/><W106/><G43/><T20/><D101/><U129/><E134/><V97/><F97/><W93/><G71/><T14/><D99/><U49/><E32/><V125/><F125/><W52/><G106/><T127/><D98/><U119/><E119/><V44/><F44/><W86/><G107/><T47/><D47/><U36/><E129/><V100/><F100/><W42/><G131/><T128/><D128/><U81/><E36/><V8/><AGARI ba="0,1" hai="8,13,17,27,28,35,73,74,75,84,85,96,103,105" machi="8" ten="30,4000,0" yaku="1,1,0,1,53,1" doraHai="116" doraHaiUra="23" who="2" fromWho="2" sc="160,-10,330,-10,130,50,370,-20" /><INIT seed="4,0,0,2,1,135" ten="150,320,180,350" oya="0" hai0="73,104,47,93,107,3,45,105,94,48,42,23,129" hai1="101,52,83,7,131,125,127,49,1,26,132,36,102" hai2="62,63,9,112,2,50,22,87,71,97,81,38,13" hai3="24,80,19,75,96,116,77,134,15,44,133,14,76"/><T56/><D3/><U128/><E36/><V35/><F35/><W8/><G116/><T37/><D73/><U60/><E26/><V31/><F38/><W82/><G96/><T67/><D129/><N who="1" m="49739" /><E60/><V110/><F110/><W53/><G24/><T86/><D23/><U126/><E83/><V51/><F112/><W89/><G89/><T85/><D56/><N who="1" m="32783" /><E132/><V34/><F62/><W118/><G118/><T61/><D61/><U18/><E18/><N who="2" m="10575" /><F63/><W25/><G25/><T57/><D57/><U0/><E0/><V4/><F2/><W40/><G53/><T103/><D67/><U10/><AGARI ba="0,0" hai="1,7,10,101,102,125,126,127" m="32783,49739" machi="10" ten="40,12000,2" yaku="18,1,19,1,52,3,54,1" doraHai="135" who="1" fromWho="1" sc="150,-60,320,120,180,-30,350,-30" /><INIT seed="5,0,0,0,3,118" ten="90,440,150,320" oya="1" hai0="12,99,33,86,32,63,11,135,41,72,46,26,16" hai1="114,7,129,113,57,65,68,75,36,25,58,18,82" hai2="77,15,10,28,34,109,130,14,89,43,88,97,37" hai3="84,17,125,38,124,120,39,66,98,50,54,119,48"/><U67/><E36/><N who="3" m="13866" /><G98/><T24/><D72/><U59/><E129/><V0/><F109/><W76/><G119/><T112/><D135/><U80/><E7/><V69/><F69/><W132/><G17/><T79/><D112/><N who="1" m="43115" /><E68/><V30/><F130/><W29/><G29/><T13/><D63/><U106/><E106/><V40/><F37/><W100/><G100/><T122/><D99/><U62/><E62/><V103/><F0/><W121/><G66/><N who="1" m="25098" /><E75/><V96/><F103/><W105/><G132/><T45/><D41/><U3/><E3/><V91/><F40/><W61/><G105/><T20/><D79/><U131/><E131/><V27/><F77/><W128/><G128/><T104/><D104/><U23/><AGARI ba="0,0" hai="18,23,25,57,58,59,80,82" m="25098,43115" machi="23" ten="40,2100,0" yaku="15,1" doraHai="118" who="1" fromWho="1" sc="90,-7,440,21,150,-7,320,-7" /><INIT seed="5,1,0,4,1,132" ten="83,461,143,313" oya="1" hai0="78,108,118,11,65,72,45,19,6,128,35,124,122" hai1="29,114,91,105,28,30,96,88,121,38,93,82,97" hai2="119,24,26,37,133,56,40,60,41,0,98,58,104" hai3="49,120,54,74,63,20,115,127,112,23,134,110,77"/><U5/><E121/><V89/><F119/><W84/><G120/><T76/><D122/><U9/><E38/><V75/><F0/><W131/><G74/><T13/><D108/><U4/><E114/><N who="3" m="43562" /><G84/><T62/><D35/><U79/><E105/><V22/><F75/><W55/><G77/><T83/><D128/><U36/><E36/><V64/><F133/><W81/><G81/><T42/><D78/><U59/><E59/><V18/><F37/><W8/><G8/><T107/><D107/><U85/><E9/><V43/><F56/><N who="3" m="35223" /><G134/><T44/><D118/><U15/><E15/><N who="2" m="9567" /><F104/><W33/><G33/><T61/><D62/><U25/><E25/><V126/><F126/><W101/><G101/><T117/><D124/><U135/><E135/><V21/><F21/><N who="3" m="8267" /><G110/><T123/><D123/><U50/><E50/><V52/><F64/><W116/><G116/><T73/><D73/><U39/><E39/><V95/><AGARI ba="1,0" hai="24,26,40,41,43,52,58,60,89,95,98" m="9567" machi="95" ten="30,2000,0" yaku="8,1,54,1" doraHai="132" who="2" fromWho="2" sc="83,-6,461,-11,143,23,313,-6" /><INIT seed="6,0,0,1,1,119" ten="77,450,166,307" oya="2" hai0="134,29,4,17,131,30,110,78,106,92,20,83,95" hai1="88,16,49,39,128,114,10,129,7,41,22,9,122" hai2="60,94,23,84,75,47,33,70,5,116,113,37,2" hai3="11,118,104,133,25,8,124,43,82,90,76,13,32"/><V97/><F116/><W91/><G118/><T72/><D110/><U65/><E39/><V56/><F33/><W71/><G104/><T74/><D106/><U35/><E35/><V34/><F34/><W40/><G71/><T101/><D4/><U31/><E31/><V68/><F84/><N who="3" m="48199" /><G32/><T123/><D134/><U85/><E65/><V108/><F108/><W36/><G36/><T54/><D131/><N who="1" m="50251" /><E122/><V121/><F75/><W107/><G107/><T57/><D123/><U81/><E114/><V18/><F113/><W51/><G133/><T3/><D3/><U112/><E112/><V105/><F105/><W14/><G25/><T12/><D74/><U117/><E117/><V77/><F77/><W61/><G61/><T135/><D135/><U46/><E7/><V0/><F47/><N who="3" m="26087" /><G43/><T79/><D79/><U66/><E66/><V52/><F37/><W99/><G99/><T132/><D132/><U102/><E102/><V38/><F38/><W120/><G120/><T111/><D111/><U130/><E130/><V1/><F121/><W69/><G69/><T26/><D101/><U80/><E80/><V21/><F21/><W62/><G62/><T28/><REACH who="0" step="1"/><D26/><AGARI ba="0,0" hai="9,10,16,22,26,41,46,49,81,85,88" m="50251" machi="26" ten="30,3900,0" yaku="19,1,54,2" doraHai="119" who="1" fromWho="0" sc="77,-39,450,39,166,0,307,0" /><INIT seed="7,0,0,3,0,109" ten="38,489,166,307" oya="3" hai0="1,3,105,129,60,61,71,95,6,26,86,56,92" hai1="13,72,103,82,121,27,51,107,37,83,131,32,123" hai2="62,48,89,7,21,44,77,39,99,12,108,33,130" hai3="15,88,42,49,70,22,85,106,20,19,76,11,97"/><W119/><G70/><T66/><D105/><U36/><E13/><V14/><F108/><W96/><G106/><T128/><D26/><U9/><E9/><V101/><F33/><W111/><G119/><T100/><D6/><U23/><E51/><V38/><F89/><W84/><G111/><T133/><D133/><U54/><E54/><V25/><F130/><W64/><G64/><T120/><D120/><U102/><E23/><N who="3" m="8746" /><G76/><T116/><D116/><U122/><E83/><V90/><F77/><W35/><G85/><T0/><D100/><U46/><E103/><V57/><F90/><W78/><G78/><T28/><D28/><N who="1" m="19487" /><E131/><V118/><F118/><W10/><G35/><T94/><REACH who="0" step="1"/><D86/><REACH who="0" ten="28,489,166,307" step="2"/><U75/><E82/><V93/><F25/><W41/><G96/><T29/><D29/><U17/><E17/><V127/><F99/><W16/><G97/><T112/><D112/><U53/><E53/><V73/><F101/><W59/><G19/><T80/><D80/><U47/><E47/><V68/><F7/><W5/><G5/><T55/><AGARI ba="0,1" hai="0,1,3,55,56,60,61,66,71,92,94,95,128,129" machi="55" ten="40,2700,0" yaku="1,1,0,1,53,0" doraHai="109" doraHaiUra="8" who="0" fromWho="0" sc="28,37,489,-7,166,-7,307,-13" owari="65,-43.5,482,58.2,159,-24.1,294,9.4" /></mjloggm>