<mjloggm ver="2.3"><GO type="41" lobby="0"/><UN n0="%E2%93%9D%4C%75%63%6B%79%4A" n1="%6B%75%72%69%62%6F%6F" n2="%E5%B7%A6%E8%84%9A%30%32" n3="%73%65%69%79%75" dan="17,14,13,13" rate="2162.85,1990.72,1876.89,1869.37" sx="M,M,M,M"/><TAIKYOKU oya="0"/><INIT seed="0,0,0,1,1,19" ten="250,250,250,250" oya="0" hai0="76,2,90,99,57,51,135,6,16,121,78,107,104" hai1="13,98,55,127,37,11,69,73,60,80,91,117,56" hai2="63,113,39,34,38,88,32,30,23,112,22,94,28" hai3="36,47,97,102,125,93,83,103,130,123,67,84,114"/><T48/><D121/><U70/><E127/><V12/><F63/><W50/><G114/><T20/><D2/><U10/><E117/><V25/><F94/><W116/><G116/><T45/><D6/><U18/><E37/><V106/><F106/><W7/><G125/><T33/><D33/><U82/><E10/><V64/><F64/><W126/><G126/><T1/><D1/><U101/><E82/><V72/><F72/><W131/><G36/><T29/><D29/><U46/><E46/><V43/><F43/><W128/><G67/><T26/><D135/><U122/><E122/><V41/><F41/><W71/><G71/><T92/><D107/><U59/><E59/><V8/><F88/><N who="3" m="55463" /><G123/><T81/><D104/><U14/><E14/><V42/><F42/><N who="3" m="24951" /><G7/><T96/><D99/><U4/><E4/><N who="2" m="3079" /><F39/><W129/><N who="3" m="32768" /><DORA hai="111" /><W53/><G53/><N who="0" m="31935" /><D81/><U110/><E110/><V68/><F68/><W124/><G124/><T89/><D90/><AGARI ba="0,0" hai="83,84,90,102,103" m="32768,24951,55463" machi="90" ten="60,3900,0" yaku="19,1,54,1" doraHai="19,111" who="3" fromWho="0" sc="250,-39,250,0,250,0,250,39" /><INIT seed="1,0,0,2,1,25" ten="211,250,250,289" oya="1" hai0="81,103,5,46,66,120,48,35,68,12,125,133,85" hai1="95,47,41,20,132,62,112,9,113,53,32,58,36" hai2="128,104,100,44,63,98,79,67,86,24,61,55,6" hai3="65,116,82,23,22,76,129,71,96,14,28,126,16"/><U80/><E132/><V101/><F128/><W89/><G116/><T38/><D38/><U34/><E32/><V8/><F101/><W11/><G129/><T50/><D125/><U99/><E34/><V87/><F79/><W10/><G126/><T27/><D50/><U84/><E9/><V135/><F135/><W78/><G71/><T70/><D103/><U83/><E83/><V42/><F55/><W51/><G65/><T19/><D5/><U97/><E97/><V93/><F104/><W72/><G51/><T45/><D46/><U57/><E58/><V130/><F130/><W40/><G40/><T77/><D120/><U49/><E36/><V56/><F63/><W43/><G43/><T2/><D2/><U122/><E20/><V114/><F114/><W59/><G59/><T33/><D35/><U117/><E117/><V121/><F121/><W131/><G131/><T105/><D105/><U115/><E122/><V75/><F75/><W119/><G119/><T73/><D73/><U1/><E1/><V29/><F8/><N who="3" m="3115" /><G72/><T31/><D66/><U26/><E26/><V108/><F6/><W39/><G39/><T54/><REACH who="0" step="1"/><D133/><REACH who="0" ten="201,250,250,289" step="2"/><U109/><E109/><V18/><F108/><W4/><G4/><T37/><D37/><U106/><E106/><V134/><F134/><W21/><G76/><T118/><D118/><U74/><E74/><V7/><F7/><W90/><G14/><T111/><D111/><U92/><REACH who="1" step="1"/><E99/><REACH who="1" ten="201,240,250,289" step="2"/><V107/><F107/><W69/><G96/><T17/><D17/><U127/><E127/><V102/><F18/><W64/><G16/><RYUUKYOKU ba="0,2" sc="201,15,240,15,250,-15,289,-15" hai0="12,19,27,31,33,45,48,54,68,70,77,81,85" hai1="41,47,49,53,57,62,80,84,92,95,112,113,115" /><INIT seed="1,1,2,3,2,87" ten="216,255,235,274" oya="1" hai0="126,0,99,35,68,25,75,66,84,52,43,124,93" hai1="73,19,95,49,26,111,36,72,60,130,97,79,86" hai2="15,105,22,77,16,85,121,133,55,27,56,31,48" hai3="18,92,101,9,62,132,125,32,3,33,82,64,88"/><U70/><E36/><V53/><F105/><W106/><G125/><N who="0" m="48235" /><D75/><U47/><E130/><V81/><F121/><W107/><G132/><T46/><D0/><U115/><E115/><V123/><F133/><W38/><G38/><T42/><D84/><U74/><E111/><V104/><F104/><W129/><G129/><T94/><D94/><U135/><E135/><V63/><F123/><W6/><G82/><T39/><D66/><U29/><E19/><V12/><F31/><W20/><G106/><T122/><D68/><U57/><E70/><V51/><F63/><W78/><G78/><T103/><D122/><U28/><E86/><V71/><F71/><W10/><G101/><T54/><D43/><U110/><E110/><V1/><F1/><W89/><G107/><T112/><D112/><U41/><E79/><V8/><F8/><W17/><G92/><T24/><D25/><U128/><E26/><V5/><F5/><W83/><G83/><T96/><D99/><U134/><E134/><V100/><F100/><W119/><G119/><T116/><D116/><U30/><E128/><V131/><F131/><W117/><G117/><T37/><D39/><U80/><E80/><V58/><AGARI ba="1,2" hai="12,15,16,22,27,48,51,53,55,56,58,77,81,85" machi="58" ten="20,8000,1" yaku="0,1,7,1,9,1,8,1,54,1" doraHai="87" who="2" fromWho="2" sc="216,-21,255,-41,235,103,274,-21" /><INIT seed="2,0,0,1,1,30" ten="195,214,338,253" oya="2" hai0="24,1,77,96,124,118,98,50,39,97,127,135,29" hai1="44,89,11,83,36,71,113,73,4,125,51,121,40" hai2="43,31,38,117,81,74,8,23,99,75,35,65,116" hai3="21,62,102,87,47,128,109,5,79,19,64,100,48"/><V2/><F65/><W106/><G109/><T15/><D1/><U85/><E113/><V20/><F99/><W33/><G128/><T110/><D39/><U133/><E125/><N who="0" m="48201" /><D77/><U22/><E133/><V10/><F75/><W52/><G5/><T90/><D110/><U37/><E121/><V126/><F126/><W72/><G72/><T122/><D122/><U7/><E71/><V0/><F81/><W69/><G106/><T108/><D108/><U34/><E34/><V91/><F91/><W6/><G6/><T54/><D15/><U27/><E4/><V57/><F74/><W3/><G3/><N who="2" m="1065" /><F57/><W120/><G120/><T82/><D118/><N who="2" m="45674" /><F43/><W119/><G119/><T104/><D135/><U114/><E114/><V16/><F38/><W130/><G79/><T45/><D82/><U94/><E11/><N who="2" m="4139" /><F16/><W93/><G93/><N who="0" m="56631" /><D104/><U42/><E7/><V58/><F58/><W61/><G87/><T26/><D97/><U76/><E40/><V9/><F9/><W56/><G100/><T63/><D96/><U92/><E94/><V41/><F41/><W123/><G102/><T131/><D63/><U112/><E112/><V129/><F129/><W55/><G123/><T78/><D78/><U134/><E134/><V59/><F59/><W115/><G130/><T14/><D131/><U88/><E89/><V111/><F111/><W95/><G115/><T18/><D18/><AGARI ba="0,0" hai="18,22,27,36,37,42,44,51,73,76,83,85,88,92" machi="18" ten="30,2000,0" yaku="7,1,54,1" doraHai="30" who="1" fromWho="0" sc="195,-20,214,20,338,0,253,0" /><INIT seed="3,0,0,4,2,113" ten="175,234,338,253" oya="3" hai0="74,127,4,5,118,70,62,129,55,31,53,99,57" hai1="107,51,63,7,32,3,91,48,11,29,13,30,92" hai2="85,82,124,115,6,41,50,25,76,71,133,43,28" hai3="86,67,23,1,39,69,61,79,81,123,37,87,95"/><W9/><G123/><T68/><D74/><U40/><E107/><V111/><F71/><W33/><G33/><T35/><D127/><U135/><E135/><V112/><F133/><W8/><G23/><T47/><D99/><U46/><E63/><V122/><F122/><W19/><G8/><T26/><D129/><U27/><E29/><V54/><F124/><W117/><G117/><T72/><D72/><U121/><E121/><V80/><F111/><W126/><G126/><T120/><D118/><U34/><E34/><V84/><F6/><W24/><G1/><T52/><D120/><U14/><REACH who="1" step="1"/><E51/><REACH who="1" ten="175,224,338,253" step="2"/><V20/><F115/><W110/><G110/><T78/><D70/><U16/><E16/><V22/><F112/><W132/><G132/><T116/><D68/><U90/><E90/><V66/><F66/><W65/><G67/><T15/><D116/><U119/><E119/><V89/><F22/><W100/><G39/><T97/><D35/><U77/><E77/><V131/><REACH who="2" step="1"/><F131/><REACH who="2" ten="175,224,328,253" step="2"/><W98/><G9/><T36/><D78/><U125/><E125/><V59/><AGARI ba="0,2" hai="20,25,28,41,43,50,54,59,76,80,82,84,85,89" machi="59" ten="20,12000,2" yaku="1,1,2,1,0,1,7,1,8,1,53,1" doraHai="113" doraHaiUra="45" who="2" fromWho="2" sc="175,-30,224,-30,328,140,253,-60" /><INIT seed="4,0,0,5,5,42" ten="145,194,468,193" oya="0" hai0="28,122,63,50,79,85,3,89,20,12,36,54,68" hai1="22,61,31,111,16,133,26,71,32,47,75,113,93" hai2="15,131,67,24,123,94,44,95,105,87,64,51,57" hai3="73,34,107,117,82,0,19,92,53,115,37,55,96"/><T40/><D122/><U5/><E75/><V128/><F105/><W60/><G117/><T45/><D3/><U125/><E111/><V7/><F123/><W132/><G34/><T38/><D79/><U104/><E104/><V88/><F24/><W52/><G0/><T9/><D20/><U98/><E133/><V62/><F67/><W99/><G107/><T114/><D114/><U116/><E116/><V80/><F131/><W103/><G132/><T13/><D28/><U76/><E76/><V81/><F81/><W72/><G115/><T33/><D33/><U78/><E78/><V65/><F65/><W1/><G1/><T134/><D13/><U27/><E125/><V121/><F121/><W70/><G37/><T69/><D134/><U2/><E113/><V17/><F7/><W49/><G19/><T11/><D11/><U58/><E71/><V119/><F128/><W102/><G82/><T90/><D90/><U108/><E108/><V59/><F59/><W39/><G39/><T23/><D23/><U83/><E83/><V135/><F135/><W101/><G49/><T86/><D38/><U112/><E112/><V25/><F25/><W100/><G96/><T29/><D29/><U106/><E106/><V74/><F74/><W14/><G14/><T126/><D126/><U127/><E127/><V35/><F35/><W77/><G77/><T43/><D36/><U91/><E5/><V97/><F97/><W129/><G129/><T10/><D69/><U41/><E2/><V84/><F119/><W124/><G124/><T18/><D68/><U30/><E30/><RYUUKYOKU ba="0,0" sc="145,-10,194,-10,468,-10,193,30" hai3="52,53,55,60,70,72,73,92,99,100,101,102,103" /><INIT seed="5,1,0,0,4,9" ten="135,184,458,223" oya="1" hai0="42,10,0,25,87,89,47,104,132,51,24,112,70" hai1="19,117,66,1,126,101,72,49,95,124,76,54,2" hai2="106,67,133,29,34,46,18,85,3,59,114,37,62" hai3="84,130,93,135,53,90,81,77,6,13,38,65,119"/><U43/><E117/><V11/><F106/><W122/><G122/><T127/><D70/><U36/><E66/><V30/><F34/><W22/><G38/><T41/><D104/><U116/><E116/><V115/><F133/><W50/><G119/><T52/><D127/><N who="1" m="48683" /><E36/><V125/><F125/><W40/><G135/><T100/><D100/><U26/><E43/><V98/><F98/><W94/><G130/><T110/><D110/><U118/><E76/><V27/><F85/><W35/><G35/><T105/><D112/><N who="2" m="43050" /><F3/><W55/><G65/><T39/><D105/><U88/><E101/><V131/><F131/><W48/><G93/><T71/><D71/><U56/><E72/><V60/><F60/><W102/><G102/><T64/><D64/><U99/><E118/><V92/><F92/><W97/><G48/><T121/><D121/><U74/><E74/><V134/><F134/><W96/><G96/><T31/><D132/><U113/><E113/><V57/><F57/><W45/><REACH who="3" step="1"/><G22/><AGARI ba="1,0" hai="1,2,19,22,26,49,54,56,88,95,99" m="48683" machi="22" ten="30,2900,0" yaku="18,1,54,1" doraHai="9" who="1" fromWho="3" sc="135,0,184,32,458,0,223,-32" /><INIT seed="5,2,0,2,0,132" ten="135,216,458,191" oya="1" hai0="77,122,110,82,4,92,24,114,67,6,81,61,120" hai1="79,47,106,42,5,101,113,26,20,11,33,127,25" hai2="12,63,83,3,119,15,53,58,71,70,54,133,69" hai3="41,50,128,0,64,123,43,10,16,7,17,18,112"/><U56/><E113/><V73/><F3/><W93/><G123/><N who="0" m="47147" /><D110/><U62/><E33/><V65/><F73/><W59/><G112/><T99/><D24/><U45/><E106/><V86/><F119/><W121/><G121/><T57/><D114/><U22/><E79/><V118/><F118/><W48/><G128/><T108/><D108/><U52/><E101/><V104/><F104/><W130/><G130/><T30/><D30/><U31/><E127/><V80/><F80/><N who="0" m="30826" /><D77/><U109/><E109/><V28/><F28/><W36/><G93/><T14/><D14/><U129/><E129/><V88/><F133/><W21/><G21/><T37/><D37/><U75/><E75/><V91/><F91/><AGARI ba="2,0" hai="4,6,57,61,67,91,92,99" m="30826,47147" machi="91" ten="30,1000,0" yaku="13,1" doraHai="132" who="0" fromWho="2" sc="135,16,216,0,458,-16,191,0" /><INIT seed="6,0,0,1,1,67" ten="151,216,442,191" oya="2" hai0="45,19,38,92,44,91,61,107,35,12,52,54,14" hai1="7,106,49,101,88,86,48,40,84,25,22,109,42" hai2="17,135,39,99,34,11,98,80,65,55,10,93,63" hai3="132,89,83,87,60,111,24,57,108,96,58,77,118"/><V130/><F34/><W73/><G118/><T104/><D35/><U59/><E109/><V124/><F39/><W6/><G132/><T90/><D61/><U46/><E7/><V30/><F30/><W21/><G6/><T53/><D92/><U0/><E0/><V100/><F135/><W51/><G51/><T27/><D27/><U33/><E33/><V126/><F130/><W28/><G57/><T4/><D4/><U120/><E86/><V129/><F129/><W72/><G96/><T18/><D54/><U70/><E70/><V31/><F31/><W122/><G122/><T131/><REACH who="0" step="1"/><D38/><REACH who="0" ten="141,216,442,191" step="2"/><U105/><E120/><V1/><F55/><W97/><G108/><T102/><D102/><U8/><E101/><V134/><F93/><W119/><G119/><T41/><D41/><U113/><E40/><V117/><F100/><W16/><G111/><T112/><D112/><U79/><E113/><V114/><F114/><W103/><G28/><T78/><D78/><U75/><E79/><V64/><F117/><W26/><G26/><T95/><D95/><U47/><E42/><V13/><F63/><W68/><G77/><T32/><D32/><U5/><E25/><V115/><F115/><W121/><G121/><T36/><D36/><U81/><E5/><V82/><F134/><W123/><G123/><T71/><D71/><U85/><E106/><V133/><F133/><W69/><G68/><T76/><D76/><U15/><E105/><V29/><F29/><W20/><G69/><T127/><D127/><U62/><E62/><V23/><F126/><W2/><G60/><RYUUKYOKU ba="0,1" sc="141,30,216,-10,442,-10,191,-10" hai0="12,14,18,19,44,45,52,53,90,91,104,107,131" /><INIT seed="7,1,1,0,3,52" ten="171,206,432,181" oya="3" hai0="23,28,61,96,109,121,56,48,26,4,2,114,100" hai1="91,0,110,86,125,98,126,132,49,94,27,89,115" hai2="79,45,84,14,88,25,102,55,33,127,120,101,76" hai3="112,90,122,38,46,74,75,21,31,71,129,10,113"/><W34/><G122/><T12/><D121/><U42/><E0/><V39/><F120/><W5/><G34/><T72/><D72/><U47/><E110/><V24/><F33/><W44/><G71/><T123/><D123/><U99/><E115/><N who="3" m="44106" /><G129/><T80/><D114/><U95/><E132/><V85/><F39/><W36/><G90/><T105/><D109/><U63/><E86/><V119/><F119/><W43/><G31/><T78/><D2/><U41/><E27/><V37/><F37/><W116/><G116/><T135/><D135/><U133/><E133/><V69/><F69/><W60/><G21/><T9/><D78/><U57/><E41/><V6/><F79/><W58/><G44/><T17/><D80/><U54/><AGARI ba="1,1" hai="42,47,49,54,57,63,89,91,94,95,98,99,125,126" machi="54" ten="30,4000,0" yaku="0,1,9,1,52,1" doraHai="52" who="1" fromWho="1" sc="171,-11,206,53,432,-11,181,-21" owari="160,-24.0,259,5.9,421,52.1,160,-34.0" /></mjloggm>