<mjloggm ver="2.3"><GO type="137" lobby="0"/><UN n0="%47%53%32%30%31%32" n1="%E2%93%9D%4C%75%63%6B%79%4A" n2="%68%69%64%65%62%6F%77" n3="%67%6F%6B%69%74%61" dan="13,12,13,11" rate="1773.64,1852.00,1736.47,1610.42" sx="M,M,M,M"/><TAIKYOKU oya="0"/><INIT seed="0,0,0,5,4,59" ten="250,250,250,250" oya="0" hai0="9,121,96,3,116,120,135,83,127,122,73,1,10" hai1="23,134,56,55,26,31,30,43,67,40,109,18,47" hai2="68,6,62,75,115,111,104,65,42,129,17,57,80" hai3="98,132,90,7,20,101,13,46,48,130,41,100,97"/><T25/><D116/><U106/><E106/><V12/><F115/><W103/><G132/><T92/><D135/><U63/><E134/><V5/><F104/><W84/><G130/><T95/><D127/><U133/><E133/><V37/><F129/><W71/><G71/><T60/><D25/><U29/><E109/><V44/><F111/><W85/><G85/><T39/><D39/><U123/><E123/><V16/><F75/><W50/><G50/><T114/><D114/><U110/><E110/><V119/><F119/><W4/><G4/><T78/><D92/><U45/><REACH who="1" step="1"/><E55/><REACH who="1" ten="250,240,250,250" step="2"/><V70/><F80/><W126/><G126/><T108/><D108/><U81/><E81/><V24/><F70/><W99/><G7/><T11/><REACH who="0" step="1"/><D60/><REACH who="0" ten="240,240,250,250" step="2"/><U128/><E128/><V82/><F82/><W69/><G69/><T36/><D36/><U66/><E66/><V88/><F68/><W131/><G131/><T33/><D33/><U118/><E118/><V35/><F35/><W91/><G84/><T102/><AGARI ba="0,2" hai="1,3,9,10,11,73,78,83,95,96,102,120,121,122" machi="102" ten="40,3900,0" yaku="1,1,0,1,53,0" doraHai="59" doraHaiUra="0" who="0" fromWho="0" sc="240,59,240,-13,250,-13,250,-13" /><INIT seed="0,1,0,1,4,77" ten="299,227,237,237" oya="0" hai0="131,30,127,45,105,78,133,33,81,39,10,32,5" hai1="128,59,8,74,92,118,80,117,62,130,42,13,124" hai2="104,70,97,46,113,36,21,71,7,25,35,56,37" hai3="12,44,17,101,23,9,60,64,119,34,89,121,48"/><T58/><D105/><U40/><E92/><V41/><F113/><W31/><G119/><N who="1" m="45578" /><E13/><V67/><F7/><W73/><G121/><T50/><D133/><U22/><E22/><V24/><F21/><W91/><G73/><T75/><D131/><N who="1" m="50219" /><E8/><V29/><F56/><W90/><G101/><T126/><D58/><U47/><E124/><N who="0" m="47657" /><D30/><U88/><E47/><V11/><F11/><W18/><G34/><T134/><D134/><U66/><E74/><V96/><F24/><W79/><G31/><T132/><D132/><U85/><AGARI ba="1,0" hai="40,42,59,62,66,80,85,88" m="50219,45578" machi="85" ten="40,5200,0" yaku="19,1,52,1,54,1" doraHai="77" who="1" fromWho="1" sc="299,-27,227,55,237,-14,237,-14" /><INIT seed="1,0,0,4,5,98" ten="272,282,223,223" oya="1" hai0="39,93,67,73,45,16,116,48,22,72,19,13,127" hai1="122,95,37,49,114,4,0,60,135,20,36,112,115" hai2="38,105,7,53,88,134,89,83,100,131,8,63,133" hai3="94,29,132,124,64,77,118,79,97,35,50,62,111"/><U102/><E122/><V85/><F38/><W96/><G111/><T17/><D116/><U75/><E75/><V58/><F131/><W28/><G132/><N who="2" m="50793" /><F8/><W3/><G3/><T14/><D39/><U101/><E135/><V84/><F7/><W65/><G124/><T12/><D127/><U32/><E32/><V123/><F123/><W25/><G118/><T129/><D129/><U31/><E49/><V107/><F107/><W57/><G65/><T9/><D67/><U99/><E60/><V70/><F70/><W68/><G97/><T91/><D73/><U2/><E4/><V76/><F85/><W47/><G68/><T113/><D72/><U43/><E37/><V10/><F10/><W46/><G47/><T82/><D82/><U33/><E33/><V55/><F55/><W81/><G29/><T61/><D61/><U120/><E120/><V108/><F108/><W119/><G81/><T11/><D113/><U52/><E52/><V130/><F130/><W5/><G5/><T126/><D126/><U23/><E31/><V1/><F1/><W78/><G119/><T51/><REACH who="0" step="1"/><D45/><REACH who="0" ten="262,282,223,223" step="2"/><U41/><E36/><V59/><F59/><W44/><G50/><T86/><AGARI ba="0,1" hai="9,11,12,13,14,16,17,19,22,48,51,86,91,93" machi="86" ten="20,12000,2" yaku="1,1,2,1,0,1,7,1,9,1,8,1,54,1,53,0" doraHai="98" doraHaiUra="106" who="0" fromWho="0" sc="262,130,282,-60,223,-30,223,-30" /><INIT seed="2,0,0,0,2,14" ten="392,222,193,193" oya="2" hai0="13,56,33,32,127,101,51,66,125,1,28,113,129" hai1="5,132,86,126,10,94,40,2,131,85,98,81,103" hai2="87,35,78,92,135,16,104,117,0,24,133,8,45" hai3="121,73,107,77,39,47,55,89,61,18,60,20,108"/><V115/><F115/><W30/><G108/><T84/><D113/><U80/><E126/><N who="0" m="48137" /><D1/><U114/><E114/><V105/><F117/><W12/><G107/><T124/><N who="0" m="48145" /><T43/><DORA hai="65" /><D129/><U99/><E40/><V11/><F45/><W7/><G121/><T41/><D101/><U88/><E131/><V68/><F68/><W75/><G7/><T120/><D120/><U96/><REACH who="1" step="1"/><E132/><REACH who="1" ten="392,212,193,193" step="2"/><N who="2" m="50763" /><F0/><W100/><G73/><T82/><D41/><U36/><E36/><V76/><F35/><W53/><G39/><T116/><D116/><U25/><E25/><V57/><F57/><W109/><G109/><T64/><D33/><U4/><E4/><V128/><F128/><W67/><G75/><T6/><D32/><U102/><E102/><V62/><F62/><W22/><G100/><T119/><D119/><U118/><E118/><V69/><F69/><W112/><G112/><T3/><D3/><U15/><E15/><N who="2" m="7271" /><F24/><W26/><G60/><T27/><D6/><U122/><E122/><V48/><F48/><W46/><G61/><T34/><D13/><U97/><E97/><V123/><F123/><W59/><G59/><T71/><D71/><U83/><E83/><V19/><F76/><AGARI ba="0,1" hai="2,5,10,76,80,81,85,86,88,94,96,98,99,103" machi="76" ten="30,3900,0" yaku="1,1,7,1,54,1,53,0" doraHai="14,65" doraHaiUra="38,17" who="1" fromWho="2" sc="392,0,212,49,193,-39,193,0" /><INIT seed="3,0,0,0,0,88" ten="392,261,154,193" oya="3" hai0="33,125,29,121,12,91,113,20,21,56,64,0,62" hai1="77,75,94,11,79,54,28,1,65,45,112,8,25" hai2="82,85,35,72,84,39,36,48,14,108,46,89,44" hai3="26,47,127,42,93,98,67,24,103,78,132,49,60"/><W71/><G132/><T133/><D121/><U63/><E112/><V95/><F35/><W51/><G127/><T34/><D113/><U70/><E54/><V52/><F108/><W43/><REACH who="3" step="1"/><G78/><REACH who="3" ten="392,261,154,183" step="2"/><T83/><D133/><U130/><E79/><V115/><F115/><W111/><G111/><T107/><D125/><U37/><E77/><N who="2" m="46159" /><F72/><W119/><G119/><T31/><D34/><U74/><E75/><V134/><F134/><W106/><G106/><T57/><D33/><U66/><E74/><V16/><F36/><W126/><G126/><T96/><D107/><U129/><E37/><V118/><F39/><W90/><G90/><T73/><D73/><U87/><E130/><V55/><F118/><W135/><G135/><T124/><D124/><U76/><E76/><V18/><F14/><W4/><G4/><T53/><D0/><U41/><E1/><V81/><F81/><W38/><G38/><T13/><D83/><U122/><E129/><V59/><F44/><AGARI ba="0,1" hai="24,26,42,43,44,47,49,51,60,67,71,93,98,103" machi="44" ten="40,7700,0" yaku="1,1,9,1,52,1,53,0" doraHai="88" doraHaiUra="30" who="3" fromWho="2" sc="392,0,261,0,154,-77,183,87" /><INIT seed="3,1,0,0,3,32" ten="392,261,77,270" oya="3" hai0="108,119,49,26,7,88,34,109,99,135,87,62,97" hai1="107,120,77,122,124,38,64,50,25,72,63,105,42" hai2="13,118,44,102,35,103,134,125,101,81,94,126,75" hai3="11,41,14,121,15,91,10,96,0,4,95,133,110"/><W45/><G121/><T18/><D119/><U74/><E50/><V90/><F35/><W98/><G133/><T51/><D135/><U111/><E25/><V37/><F13/><W70/><G70/><T69/><D7/><U78/><E42/><V128/><F44/><W55/><G55/><T8/><D69/><U48/><E48/><N who="0" m="18505" /><D62/><U66/><E63/><V3/><F3/><W106/><G110/><N who="0" m="42603" /><D8/><U104/><E111/><V2/><F2/><W1/><G98/><T59/><D59/><U9/><E9/><V86/><F37/><W61/><G106/><T57/><D57/><U43/><E43/><V93/><F134/><W53/><G41/><T27/><D27/><U39/><REACH who="1" step="1"/><E107/><REACH who="1" ten="392,251,77,270" step="2"/><V12/><F118/><W92/><G45/><T52/><D52/><U130/><E130/><V47/><F47/><W84/><G61/><T114/><D114/><U33/><E33/><V115/><F115/><W23/><G53/><T129/><D129/><U80/><E80/><V16/><F128/><W19/><G23/><N who="0" m="13687" /><D34/><U20/><E20/><V46/><F46/><W30/><G30/><T60/><D60/><U79/><E79/><V5/><F5/><W82/><G82/><AGARI ba="1,1" hai="82,87,88,97,99" m="13687,42603,18505" machi="82" ten="30,2000,0" yaku="14,1,54,1" doraHai="32" who="0" fromWho="3" sc="392,33,251,0,77,0,270,-23" /><INIT seed="4,0,0,4,5,13" ten="425,251,77,247" oya="0" hai0="117,125,123,49,63,89,101,120,43,112,10,33,77" hai1="42,31,76,55,128,108,36,103,4,75,115,67,80" hai2="54,60,12,58,118,11,1,98,44,46,64,79,61" hai3="135,113,66,57,129,56,121,45,110,93,88,22,109"/><T73/><D117/><U68/><E55/><V83/><F1/><W32/><G113/><T17/><D33/><U5/><E103/><V41/><F118/><W105/><G121/><T21/><D112/><U72/><E115/><V15/><F98/><W34/><G135/><T126/><D10/><U29/><E67/><V111/><F111/><W96/><G129/><T81/><D63/><U82/><E42/><V91/><F91/><W90/><G110/><T51/><D89/><U97/><E36/><V124/><F124/><N who="0" m="47722" /><D101/><U130/><E108/><V84/><F15/><W132/><G132/><T25/><D43/><U100/><E100/><V6/><REACH who="2" step="1"/><F41/><REACH who="2" ten="425,251,67,247" step="2"/><W133/><G109/><T50/><AGARI ba="0,1" hai="17,21,25,49,50,51,73,77,81,120,123" m="47722" machi="50" ten="30,3000,0" yaku="18,1,52,1" doraHai="13" who="0" fromWho="0" sc="425,40,251,-10,67,-10,247,-10" /><INIT seed="4,1,0,2,1,89" ten="465,241,57,237" oya="0" hai0="66,0,119,37,97,62,7,125,4,99,41,30,114" hai1="17,116,16,111,27,128,93,96,11,45,132,35,32" hai2="109,3,87,85,5,12,103,100,61,51,106,56,134" hai3="101,118,83,70,78,14,54,43,13,15,76,44,9"/><T71/><D119/><U122/><E116/><V10/><F109/><W20/><G70/><T105/><D114/><U84/><E111/><V120/><F120/><W75/><G118/><T91/><D125/><U121/><E84/><V48/><F134/><W95/><G78/><T133/><D133/><U52/><E132/><V31/><F3/><W49/><G20/><T117/><D117/><U64/><E64/><V130/><F130/><W63/><G63/><T67/><D67/><U65/><E65/><V90/><F31/><W46/><G101/><N who="2" m="38985" /><F106/><W112/><G112/><T47/><D105/><U55/><E45/><V22/><F22/><W104/><G104/><T131/><D131/><U77/><E77/><V73/><F73/><W80/><G80/><T135/><D135/><U115/><E115/><V74/><F74/><W108/><G108/><T68/><D68/><U59/><E128/><V21/><F21/><W34/><G34/><T19/><D19/><U33/><E27/><V39/><F39/><W8/><REACH who="3" step="1"/><G95/><REACH who="3" ten="465,241,57,227" step="2"/><T69/><D69/><U6/><E35/><V38/><F38/><AGARI ba="1,1" hai="8,9,13,14,15,38,43,44,46,49,54,75,76,83" machi="38" ten="40,2600,0" yaku="1,1,2,1,53,0" doraHai="89" doraHaiUra="1" who="3" fromWho="2" sc="465,0,241,0,57,-29,227,39" /><INIT seed="5,0,0,0,5,97" ten="465,241,28,266" oya="1" hai0="13,72,120,115,47,99,35,74,30,106,117,38,78" hai1="116,43,27,33,3,126,64,66,41,121,133,94,70" hai2="4,62,87,109,18,49,58,112,45,63,40,75,108" hai3="9,81,96,60,83,80,25,118,15,0,48,95,56"/><U44/><E3/><V36/><F75/><W20/><G0/><T11/><D117/><U52/><E116/><V110/><F18/><W98/><G118/><T6/><D115/><U39/><E121/><V77/><F87/><W65/><G48/><T16/><D120/><U12/><E126/><V102/><F4/><W125/><G125/><T101/><D78/><U8/><E133/><V5/><F77/><W53/><G65/><T86/><D86/><U103/><E70/><V1/><F5/><W67/><G67/><N who="1" m="25642" /><E33/><V79/><F79/><W124/><G124/><T119/><D119/><U91/><E27/><V2/><F2/><W88/><G98/><T134/><D134/><U128/><E128/><V76/><F76/><W19/><REACH who="3" step="1"/><G80/><REACH who="3" ten="465,241,28,256" step="2"/><T54/><D38/><U7/><E39/><V132/><F1/><W131/><G131/><T127/><D127/><U89/><E43/><V114/><F132/><W22/><G22/><T23/><D54/><U107/><E41/><V42/><F102/><W100/><G100/><T50/><D50/><N who="1" m="28743" /><E107/><V111/><N who="2" m="27648" /><DORA hai="92" /><V29/><F29/><AGARI ba="0,1" hai="9,15,19,20,25,29,53,56,60,81,83,88,95,96" machi="29" ten="30,8000,1" yaku="1,1,7,1,8,1,52,1,54,1,53,0" doraHai="97,92" doraHaiUra="129,82" who="3" fromWho="2" sc="465,0,241,0,28,-80,256,90" owari="465,56.5,241,-15.9,-52,-55.2,346,14.6" /></mjloggm>