<mjloggm ver="2.3"><GO type="41" lobby="0"/><UN n0="%E2%93%9D%4C%75%63%6B%79%4A" n1="%E6%B2%BB%E9%83%A8%E5%B0%91%E8%BC%94" n2="%63%61%65" n3="%E6%B4%BB%74%73%75%62%75" dan="16,15,14,14" rate="2152.64,2086.03,1960.41,1979.56" sx="M,M,M,M"/><TAIKYOKU oya="0"/><INIT seed="0,0,0,1,4,8" ten="250,250,250,250" oya="0" hai0="93,4,37,24,33,25,10,119,51,61,46,109,95" hai1="17,58,105,107,41,131,39,16,83,89,32,12,81" hai2="26,66,90,15,94,44,117,126,80,6,100,113,73" hai3="60,69,56,87,28,82,11,54,101,110,48,40,127"/><T63/><D119/><U97/><E32/><V135/><F113/><W112/><G112/><T84/><D37/><U99/><E39/><V35/><F117/><W52/><G127/><T128/><D128/><U78/><E131/><V42/><F126/><W67/><G110/><T38/><D38/><U74/><E41/><V13/><F135/><W47/><G101/><T72/><D72/><U55/><E99/><V9/><F66/><W45/><G28/><T14/><D109/><U116/><E17/><V134/><F134/><W120/><G120/><T91/><D95/><U68/><E68/><V59/><F59/><W124/><G124/><T79/><D79/><U1/><E1/><V123/><F123/><W118/><G118/><T62/><REACH who="0" step="1"/><D33/><REACH who="0" ten="240,250,250,250" step="2"/><U132/><E132/><V23/><F35/><W92/><G92/><T0/><D0/><U19/><E116/><V130/><F130/><W43/><G82/><T31/><D31/><U70/><E107/><V27/><F73/><W76/><G76/><T7/><D7/><U102/><E83/><V53/><F80/><W22/><G87/><T133/><D133/><U75/><E75/><V65/><F100/><W98/><G98/><T96/><D96/><U129/><E129/><V2/><F2/><W21/><G69/><T121/><D121/><U85/><E74/><V71/><F94/><W64/><G48/><T108/><D108/><U104/><E104/><V114/><F114/><W36/><G36/><T77/><D77/><U30/><E105/><V125/><F125/><W3/><G3/><T29/><D29/><U49/><E30/><RYUUKYOKU ba="0,1" sc="240,30,250,-10,250,-10,250,-10" hai0="4,10,14,24,25,46,51,61,62,63,84,91,93" /><INIT seed="0,1,1,3,3,3" ten="270,240,240,240" oya="0" hai0="88,112,98,4,73,132,64,22,53,61,34,71,14" hai1="56,32,51,120,78,83,44,92,90,66,85,0,24" hai2="106,111,116,67,28,19,20,2,121,57,89,86,25" hai3="95,113,84,76,38,40,23,97,94,50,101,15,35"/><T11/><D112/><U103/><E0/><V47/><F116/><W77/><G35/><T26/><D132/><U99/><E120/><V63/><F106/><W42/><G38/><T81/><D34/><U134/><E134/><V41/><F111/><W102/><G113/><T91/><D53/><U127/><E127/><V70/><F2/><W123/><G123/><T87/><D73/><U7/><E32/><V114/><F114/><W58/><G58/><T65/><D65/><U46/><E24/><V72/><F72/><W82/><G77/><T29/><REACH who="0" step="1"/><D98/><REACH who="0" ten="260,240,240,240" step="2"/><U48/><E66/><V126/><F121/><W135/><G135/><T9/><D9/><U119/><E119/><V109/><F126/><W59/><G23/><T55/><D55/><U115/><E115/><V68/><F109/><W129/><G97/><T16/><D16/><U37/><E99/><V133/><F133/><W107/><G42/><T124/><D124/><U96/><E96/><V80/><F19/><W33/><G40/><T30/><D30/><U45/><E85/><V104/><REACH who="2" step="1"/><F104/><REACH who="2" ten="260,240,230,240" step="2"/><W100/><G107/><T49/><D49/><AGARI ba="1,3" hai="20,25,28,41,47,49,57,63,67,68,70,80,86,89" machi="49" ten="30,3900,0" yaku="1,1,2,1,7,1,53,0" doraHai="3" doraHaiUra="130" who="2" fromWho="0" sc="260,-42,240,0,230,72,240,0" /><INIT seed="1,0,0,4,2,57" ten="218,240,302,240" oya="1" hai0="64,6,35,33,92,94,51,83,68,20,129,80,54" hai1="59,62,48,71,38,110,85,117,100,114,105,5,4" hai2="56,53,103,134,9,122,84,120,46,43,113,112,74" hai3="29,42,10,25,26,40,32,76,89,11,17,99,18"/><U1/><E38/><N who="2" m="21879" /><F74/><W78/><G32/><T73/><D129/><U104/><E117/><V45/><F9/><W77/><G99/><T128/><D128/><U88/><E114/><N who="2" m="44139" /><F84/><W119/><G119/><T91/><D6/><U55/><E110/><V41/><F103/><W121/><G78/><T86/><D35/><U90/><E90/><V65/><F65/><W13/><G121/><T101/><D33/><U72/><E72/><V47/><F134/><W31/><G89/><T7/><D7/><U16/><E5/><V66/><F66/><W22/><G22/><T82/><D73/><U111/><E111/><V61/><F45/><W19/><G19/><T109/><D109/><U125/><E4/><V36/><AGARI ba="0,0" hai="36,41,47,53,56,61,120,122" m="44139,21879" machi="36" ten="30,7900,0" yaku="11,1,34,2,52,1" doraHai="57" who="2" fromWho="2" sc="218,-20,240,-39,302,79,240,-20" /><INIT seed="2,0,0,3,1,11" ten="198,201,381,220" oya="2" hai0="84,114,123,36,23,59,68,124,10,78,103,44,40" hai1="9,63,26,77,94,105,48,65,88,62,122,134,58" hai2="17,132,14,117,127,135,47,129,37,7,91,113,102" hai3="80,100,5,28,57,111,55,33,128,6,43,121,16"/><V2/><F117/><W35/><G121/><T108/><D114/><U115/><E115/><V104/><F113/><W72/><G43/><T3/><D68/><U60/><E105/><V19/><F129/><W67/><G67/><T130/><D103/><U0/><E122/><V79/><F79/><W93/><G128/><T51/><D108/><U83/><E134/><N who="2" m="51243" /><F127/><W119/><G111/><T61/><D23/><U110/><E110/><V15/><F91/><W106/><G106/><T22/><D22/><U107/><E107/><V38/><F2/><W86/><G119/><T96/><D124/><U81/><E26/><V24/><F24/><W66/><G33/><T92/><D3/><U101/><E101/><V52/><F7/><W18/><G28/><T116/><D123/><U8/><E48/><N who="2" m="28703" /><F102/><W46/><G35/><T87/><D78/><U49/><E49/><V118/><F104/><W42/><G100/><T74/><D130/><U75/><E81/><V41/><F41/><W12/><G18/><N who="2" m="6665" /><F118/><W109/><G109/><T21/><D116/><U82/><E82/><V34/><F34/><W50/><G93/><T70/><D92/><U90/><E90/><V126/><F126/><W131/><G131/><T85/><D40/><U20/><E20/><V25/><F25/><W29/><G29/><T133/><D133/><U97/><E0/><V125/><F125/><W73/><G42/><T89/><D21/><U64/><E64/><V112/><F112/><W1/><G1/><T45/><D89/><U39/><E39/><AGARI ba="0,0" hai="14,15,37,38,39" m="6665,28703,51243" machi="39" ten="30,11600,0" yaku="20,1,52,2,54,1" doraHai="11" who="2" fromWho="1" sc="198,0,201,-116,381,116,220,0" /><INIT seed="2,1,0,1,3,60" ten="198,85,497,220" oya="2" hai0="85,120,104,77,90,111,96,135,65,47,125,115,12" hai1="62,68,119,9,89,17,99,64,128,121,78,87,95" hai2="107,134,52,40,38,126,93,70,36,34,46,102,41" hai3="74,123,114,103,127,27,56,30,117,79,45,29,80"/><V92/><F70/><W129/><G123/><T69/><D115/><U76/><E119/><V11/><F34/><W6/><G117/><T61/><D120/><U3/><E121/><V91/><F134/><W75/><G127/><T32/><D135/><U133/><E133/><V82/><F126/><W23/><G129/><T0/><D0/><U116/><E116/><V57/><F11/><W51/><G114/><T88/><D125/><U26/><E128/><V122/><F107/><W97/><G6/><T4/><D32/><U132/><E132/><V113/><F122/><W71/><G56/><T108/><D47/><U105/><E26/><V2/><F2/><W1/><G71/><T118/><D77/><U58/><E68/><V124/><F124/><W83/><G1/><T131/><D85/><U20/><E3/><V84/><F113/><W22/><G80/><T33/><D33/><U72/><E72/><V18/><F18/><W24/><G83/><T53/><D53/><U10/><E105/><V28/><F28/><W55/><G79/><N who="1" m="30250" /><E87/><V15/><F15/><W43/><G55/><T50/><D131/><U112/><E112/><V67/><F67/><W13/><G13/><T54/><D12/><N who="1" m="7311" /><E10/><V14/><F14/><W63/><G75/><T66/><D66/><U19/><E20/><V35/><F35/><W49/><G74/><T21/><D21/><U100/><E19/><V59/><F102/><AGARI ba="1,0" hai="58,62,64,89,95,99,100,102" m="7311,30250" machi="102" ten="30,2000,0" yaku="8,1,52,1" doraHai="60" who="1" fromWho="2" sc="198,0,85,23,497,-23,220,0" /><INIT seed="3,0,0,2,0,38" ten="198,108,474,220" oya="3" hai0="10,53,128,99,80,74,24,44,61,81,122,51,35" hai1="2,104,82,85,102,7,33,52,27,39,0,1,101" hai2="4,42,118,29,65,72,95,77,107,84,58,3,119" hai3="91,97,129,115,16,111,110,20,87,56,63,28,69"/><W134/><G115/><T116/><D116/><U75/><E75/><V5/><F107/><W70/><G28/><T49/><D122/><U125/><E125/><V135/><F72/><W26/><G134/><T62/><D128/><U14/><E33/><V36/><F135/><W117/><G129/><T43/><D99/><U121/><E27/><V73/><F73/><W13/><G13/><T41/><D74/><U25/><E25/><V106/><F106/><W114/><G114/><T124/><D124/><U54/><E39/><V71/><F71/><W120/><G117/><T123/><D123/><U78/><E121/><V113/><F113/><W50/><G50/><T103/><D103/><U130/><E130/><V45/><F29/><W89/><G97/><T48/><D10/><U55/><REACH who="1" step="1"/><E104/><REACH who="1" ten="198,98,474,220" step="2"/><V79/><F118/><W12/><G26/><T126/><D24/><U76/><E76/><V67/><F119/><W86/><G120/><T6/><D35/><U15/><E15/><V112/><F112/><W32/><G32/><T108/><D126/><U46/><E46/><V66/><F77/><W9/><G111/><T31/><D108/><U11/><AGARI ba="0,1" hai="0,1,2,7,11,14,52,54,55,78,82,85,101,102" machi="11" ten="40,5200,0" yaku="1,1,0,1,54,1,53,0" doraHai="38" doraHaiUra="105" who="1" fromWho="1" sc="198,-13,98,62,474,-13,220,-26" /><INIT seed="4,0,0,5,1,36" ten="185,160,461,194" oya="0" hai0="73,22,93,0,130,107,7,135,74,42,85,92,84" hai1="101,59,15,20,70,69,111,24,104,133,34,65,75" hai2="50,43,79,90,100,94,118,38,89,23,120,25,127" hai3="8,16,98,64,3,68,78,81,91,54,112,44,60"/><T76/><D0/><U32/><E111/><V39/><F120/><W53/><G112/><T55/><D7/><U105/><E75/><V21/><F118/><W29/><G29/><T115/><D55/><U121/><E101/><V35/><F35/><N who="1" m="13353" /><E15/><V110/><F110/><W6/><G98/><T5/><D5/><U56/><E65/><V2/><F2/><W66/><G91/><T134/><D22/><U46/><E46/><V4/><F4/><W57/><G16/><T28/><D28/><U72/><E72/><V49/><F79/><W132/><G132/><T58/><D58/><N who="1" m="22059" /><E20/><V128/><F128/><W11/><G11/><T37/><D130/><U10/><E10/><V77/><F77/><W83/><G83/><T86/><D107/><N who="1" m="41035" /><E24/><V117/><F117/><W45/><G66/><T14/><D14/><U88/><E133/><N who="0" m="50697" /><D115/><U96/><E121/><V41/><F127/><W52/><REACH who="3" step="1"/><G57/><REACH who="3" ten="185,160,461,184" step="2"/><T109/><D109/><U129/><E129/><V87/><F25/><W40/><G40/><N who="2" m="15433" /><F38/><W18/><G18/><T106/><D76/><U9/><E9/><V119/><F39/><W102/><G102/><T13/><D37/><U51/><E51/><N who="2" m="19467" /><F119/><W131/><G131/><T71/><D42/><U126/><E126/><V80/><F100/><W99/><G99/><AGARI ba="0,1" hai="21,23,80,87,89,90,94,99" m="19467,15433" machi="99" ten="30,7700,0" yaku="8,1,52,3" doraHai="36" who="2" fromWho="3" sc="185,0,160,0,461,87,184,-77" /><INIT seed="5,0,0,3,4,97" ten="185,160,548,107" oya="1" hai0="61,69,92,47,111,75,108,117,113,31,45,55,101" hai1="96,18,80,124,94,6,67,19,40,52,54,11,29" hai2="10,7,84,88,118,78,125,21,50,4,48,73,37" hai3="65,13,68,134,126,112,2,123,129,127,107,35,93"/><U53/><E124/><V38/><F125/><W99/><RYUUKYOKU type="yao9" ba="0,0" sc="185,0,160,0,548,0,107,0" hai3="2,13,35,65,68,93,99,107,112,123,126,127,129,134" /><INIT seed="5,1,0,5,1,113" ten="185,160,548,107" oya="1" hai0="93,123,31,133,33,90,70,28,119,44,52,24,86" hai1="58,25,38,96,47,131,95,112,46,55,87,124,84" hai2="37,73,122,92,54,49,36,16,67,12,10,9,15" hai3="100,14,17,64,13,120,4,102,23,32,91,80,56"/><U72/><E72/><V50/><F73/><W62/><G120/><T85/><D123/><U21/><E112/><V2/><F2/><W29/><G32/><T98/><D70/><U35/><E35/><V104/><F104/><W69/><G69/><T0/><D0/><U125/><E131/><V116/><F116/><W83/><G29/><T101/><D133/><U82/><E38/><V89/><F122/><W11/><G91/><T115/><D115/><U51/><E87/><V127/><F67/><W68/><G68/><T74/><D74/><U20/><E20/><V66/><F66/><W5/><REACH who="3" step="1"/><G4/><REACH who="3" ten="185,160,548,97" step="2"/><T107/><D31/><N who="1" m="17839" /><E125/><V77/><F127/><W79/><G79/><T129/><D129/><U65/><E124/><V81/><F77/><W53/><G53/><T88/><D52/><U105/><E65/><V97/><F81/><AGARI ba="1,1" hai="5,11,13,14,17,23,56,62,64,80,81,83,100,102" machi="81" ten="40,2600,0" yaku="1,1,8,1,53,0" doraHai="113" doraHaiUra="27" who="3" fromWho="2" sc="185,0,160,0,548,-29,97,39" /><INIT seed="6,0,0,4,0,99" ten="185,160,519,136" oya="2" hai0="53,101,124,8,77,5,23,135,45,95,118,125,68" hai1="24,79,58,6,114,20,40,4,98,29,16,54,74" hai2="28,130,91,31,3,18,110,108,115,27,61,82,32" hai3="134,120,105,19,73,131,12,132,11,9,97,116,76"/><V96/><F3/><W119/><G73/><T10/><D68/><U13/><E114/><V64/><F130/><W66/><G66/><T117/><D77/><U65/><E65/><V1/><F1/><W70/><G70/><T103/><D23/><U72/><E40/><V44/><F44/><W26/><G76/><T128/><D135/><N who="3" m="51753" /><G105/><T106/><D106/><U22/><E74/><V113/><F18/><N who="3" m="8463" /><G97/><T81/><D81/><U83/><REACH who="1" step="1"/><E98/><REACH who="1" ten="185,150,519,136" step="2"/><V49/><F31/><W123/><G131/><T94/><D128/><U50/><AGARI ba="0,1" hai="4,6,13,16,20,22,24,29,50,54,58,72,79,83" machi="50" ten="20,8000,1" yaku="1,1,2,1,0,1,7,1,54,1,53,0" doraHai="99" doraHaiUra="57" who="1" fromWho="1" sc="185,-20,150,90,519,-40,136,-20" /><INIT seed="7,0,0,3,3,67" ten="165,240,479,116" oya="3" hai0="58,25,120,114,132,79,74,52,17,48,49,56,92" hai1="128,45,39,19,75,23,94,106,47,126,130,73,1" hai2="105,36,54,59,44,53,111,100,43,131,134,37,31" hai3="9,42,18,90,83,63,112,8,28,64,24,66,108"/><W99/><G112/><T60/><D114/><U96/><E106/><V127/><F100/><W113/><G113/><T115/><D115/><U82/><E1/><V104/><F111/><W118/><G118/><T110/><D110/><U7/><E7/><V29/><F131/><N who="1" m="50217" /><E126/><V46/><F127/><W84/><G108/><T101/><D74/><N who="1" m="28171" /><E82/><V133/><F59/><W11/><G42/><AGARI ba="0,0" hai="29,31,36,37,42,43,44,46,53,54,104,105,133,134" machi="42" ten="25,1600,0" yaku="22,2" doraHai="67" who="2" fromWho="3" sc="165,0,240,0,479,16,116,-16" owari="165,-23.5,240,4.0,495,59.5,100,-40.0" /></mjloggm>