<mjloggm ver="2.3"><GO type="137" lobby="0"/><UN n0="%61%32%30%35%31%33" n1="%4B%2D%4A%65%79" n2="%E3%81%99%E3%82%82%E3%82%93%E3%81%9F%E3%82%89" n3="%E2%93%9D%4C%75%63%6B%79%4A" dan="11,12,12,11" rate="1534.47,1569.50,1762.94,1765.98" sx="M,M,M,M"/><TAIKYOKU oya="0"/><INIT seed="0,0,0,3,1,135" ten="250,250,250,250" oya="0" hai0="131,98,124,36,25,112,39,29,62,51,17,123,9" hai1="49,55,74,32,101,132,94,46,86,129,66,133,6" hai2="16,104,12,67,72,78,80,91,54,81,122,84,40" hai3="38,64,15,87,95,107,2,50,63,8,77,92,53"/><T1/><D112/><U106/><E32/><V83/><F122/><W48/><G38/><T14/><D123/><U90/><E6/><V19/><F104/><W4/><G107/><T76/><D131/><U58/><E129/><V28/><F67/><W75/><G75/><T27/><D62/><U33/><E33/><V47/><F28/><W7/><G50/><T20/><D76/><U31/><E31/><V79/><F54/><W128/><G2/><T97/><D124/><U69/><E69/><V13/><F47/><W102/><G102/><T10/><D10/><U125/><E74/><V130/><F40/><W118/><G118/><T134/><D134/><N who="1" m="51819" /><E106/><V24/><F24/><W26/><G26/><T0/><D51/><U35/><E35/><V23/><F130/><W88/><G77/><T65/><D65/><U37/><E37/><V89/><F72/><W82/><G7/><T93/><D39/><U59/><E101/><V117/><F117/><W108/><G108/><T45/><D27/><U73/><E73/><V113/><F113/><W120/><G120/><T121/><D121/><U52/><E66/><V44/><F44/><W60/><G128/><T30/><D30/><U105/><E105/><V68/><F68/><W119/><G119/><T18/><D18/><U96/><E96/><V126/><F126/><W22/><G22/><T85/><D98/><U57/><E55/><V116/><F116/><W114/><G114/><T41/><D85/><U56/><N who="1" m="14336" /><DORA hai="100" /><U11/><E11/><N who="2" m="6175" /><F84/><W71/><G63/><T3/><D3/><U127/><AGARI ba="0,0" hai="46,49,52,86,90,94,125,127" m="14336,51819" machi="127" ten="50,8000,1" yaku="20,1,52,2,54,1" doraHai="135,100" who="1" fromWho="1" sc="250,-40,250,80,250,-20,250,-20" /><INIT seed="1,0,0,1,0,48" ten="210,330,230,230" oya="1" hai0="89,71,113,11,1,65,114,0,127,25,67,92,79" hai1="39,69,133,118,10,47,24,63,9,31,32,41,18" hai2="3,81,61,131,62,129,20,38,109,124,84,56,59" hai3="119,64,15,123,98,76,104,27,93,80,135,96,73"/><U103/><E118/><V60/><F3/><W46/><G64/><T12/><D127/><U130/><E130/><N who="2" m="49675" /><F38/><W125/><G27/><T37/><D37/><U44/><E133/><V91/><F124/><W13/><G123/><T85/><D71/><U134/><E134/><V99/><F99/><W16/><G135/><T51/><D25/><U2/><E103/><V74/><F74/><W86/><G119/><T83/><D113/><U75/><E75/><V34/><F34/><W126/><G15/><T111/><D111/><U95/><E47/><V7/><F7/><W97/><G104/><T107/><D114/><U53/><E2/><V101/><F101/><W4/><G4/><T70/><D70/><U87/><E69/><V106/><F106/><W17/><G17/><T8/><D8/><U21/><E32/><V110/><F20/><W14/><G14/><T22/><D22/><U49/><E39/><V33/><F33/><W54/><G73/><T40/><D107/><U108/><E108/><AGARI ba="0,0" hai="56,59,60,61,62,81,84,91,108,109,110" m="49675" machi="108" ten="40,2600,0" yaku="14,1,19,1" doraHai="48" who="2" fromWho="1" sc="210,0,330,-26,230,26,230,0" /><INIT seed="2,0,0,0,2,1" ten="210,304,256,230" oya="2" hai0="69,20,9,59,131,25,53,132,31,61,41,77,126" hai1="52,73,0,67,110,46,102,29,135,3,129,83,6" hai2="119,100,38,108,22,65,35,115,14,127,18,54,62" hai3="101,51,39,82,64,12,84,79,117,89,49,27,28"/><V17/><F119/><W112/><G117/><T121/><D121/><U109/><E67/><V37/><F115/><W124/><G39/><T118/><D118/><U114/><E102/><V78/><F35/><W2/><G2/><T24/><D24/><U45/><E114/><V125/><F100/><W19/><G124/><N who="2" m="47689" /><F78/><W85/><G64/><T93/><D126/><U103/><E129/><V107/><F107/><W63/><G63/><T48/><D131/><U13/><E135/><V71/><F54/><W50/><G101/><T58/><D132/><U70/><E70/><V74/><F74/><W30/><G27/><T98/><D69/><U76/><E103/><V120/><F120/><W43/><G43/><T15/><D41/><U42/><E29/><V94/><F94/><W7/><G112/><T72/><D72/><U56/><E13/><N who="2" m="9519" /><F108/><N who="1" m="41577" /><E3/><V21/><AGARI ba="0,0" hai="14,18,21,37,38,62,65,71" m="9519,47689" machi="21" ten="30,1500,0" yaku="18,1" doraHai="1" who="2" fromWho="2" sc="210,-5,304,-5,256,15,230,-5" /><INIT seed="2,1,0,4,0,30" ten="205,299,271,225" oya="2" hai0="133,66,32,68,4,16,126,135,20,38,14,36,70" hai1="8,120,27,53,89,99,110,51,41,123,69,40,94" hai2="80,15,97,79,39,85,22,44,108,104,19,105,88" hai3="5,116,87,81,93,114,100,132,59,90,77,67,45"/><V129/><F129/><W117/><G5/><T31/><D126/><U52/><E69/><V98/><F108/><W11/><G11/><T71/><D66/><U109/><E27/><V78/><F39/><W115/><G45/><T10/><D31/><U9/><E51/><V134/><F44/><W13/><G13/><T119/><D119/><N who="3" m="45641" /><G59/><T57/><D57/><U75/><E75/><V86/><F22/><W121/><G67/><T101/><D101/><U63/><E63/><V37/><F37/><W65/><G65/><T112/><D112/><N who="3" m="43049" /><G100/><T54/><D54/><U21/><E21/><V58/><F58/><W96/><G132/><N who="0" m="50763" /><D32/><U84/><E84/><N who="2" m="50183" /><F19/><W91/><G91/><T18/><D18/><U7/><E7/><V128/><F15/><AGARI ba="1,0" hai="4,10,14,15,16,20,36,38,68,70,71" m="50763" machi="15" ten="40,2600,0" yaku="20,1,54,1" doraHai="30" who="0" fromWho="2" sc="205,29,299,0,271,-29,225,0" /><INIT seed="3,0,0,5,3,12" ten="234,299,242,225" oya="3" hai0="124,118,52,91,107,128,73,105,35,34,60,53,86" hai1="18,100,20,64,111,70,83,112,0,49,96,123,82" hai2="90,120,43,121,117,51,24,15,57,98,122,87,116" hai3="29,85,30,8,45,17,126,2,67,92,28,19,119"/><W132/><G119/><N who="2" m="45641" /><F98/><W42/><G126/><T81/><D118/><U48/><E112/><V65/><F24/><W127/><G127/><T80/><D124/><U13/><E123/><V108/><F43/><W7/><G67/><T74/><D128/><U76/><E0/><V69/><F15/><W1/><G132/><T75/><D60/><U129/><E129/><V113/><F90/><W4/><G92/><T46/><D46/><U78/><E111/><V9/><F9/><N who="3" m="2295" /><G45/><T56/><D56/><U94/><E64/><V71/><F87/><W97/><G97/><T106/><REACH who="0" step="1"/><D81/><REACH who="0" ten="224,299,242,225" step="2"/><U114/><E114/><V62/><F113/><W27/><G42/><T61/><D61/><U133/><E133/><V25/><F108/><W33/><G85/><T55/><AGARI ba="0,1" hai="34,35,52,53,55,73,74,75,80,86,91,105,106,107" machi="55" ten="50,12000,2" yaku="1,1,0,1,29,2,54,1,53,1" doraHai="12" doraHaiUra="84" who="0" fromWho="0" sc="224,130,299,-30,242,-30,225,-60" /><INIT seed="4,0,0,5,3,72" ten="354,269,212,165" oya="0" hai0="29,99,48,93,17,75,96,134,91,0,108,106,79" hai1="121,110,50,51,103,131,88,42,40,95,30,84,46" hai2="35,89,41,82,100,111,1,122,120,7,73,25,38" hai3="105,78,126,39,12,31,65,68,64,63,107,62,104"/><T83/><D0/><U129/><E110/><V32/><F89/><W45/><G126/><T102/><D29/><U127/><E30/><V109/><F100/><W8/><G39/><T47/><D17/><U61/><E121/><V80/><F25/><W52/><G31/><T22/><D22/><U133/><E61/><V57/><F57/><W53/><G45/><T70/><D108/><U117/><E117/><V114/><F73/><W119/><G119/><T6/><D6/><U56/><E103/><V76/><F7/><W60/><G78/><T18/><D18/><U10/><E10/><V27/><F27/><W23/><G23/><T21/><D21/><U54/><E127/><V77/><F41/><W124/><G124/><T36/><D134/><U67/><E67/><V128/><F38/><W20/><G20/><T90/><D36/><U9/><E9/><V14/><F14/><W58/><REACH who="3" step="1"/><G63/><REACH who="3" ten="354,269,212,155" step="2"/><T69/><REACH who="0" step="1"/><D91/><REACH who="0" ten="344,269,212,155" step="2"/><U85/><E133/><V135/><F135/><W49/><G49/><T86/><D86/><U43/><REACH who="1" step="1"/><E85/><REACH who="1" ten="344,259,212,155" step="2"/><V115/><F1/><W125/><G125/><T97/><D97/><U92/><E92/><V55/><F111/><W5/><AGARI ba="0,3" hai="5,8,12,52,53,58,60,62,64,65,68,104,105,107" machi="5" ten="30,7900,0" yaku="1,1,0,1,54,1,53,1" doraHai="72" doraHaiUra="3" who="3" fromWho="3" sc="344,-39,259,-20,212,-20,155,109" /><INIT seed="5,0,0,3,1,106" ten="305,239,192,264" oya="1" hai0="61,14,2,79,133,75,40,7,78,110,66,128,35" hai1="11,105,30,118,131,4,29,49,70,86,1,117,132" hai2="74,107,58,130,46,53,100,89,87,26,69,52,6" hai3="116,135,54,12,101,45,21,63,112,25,42,59,96"/><U72/><E105/><V44/><F69/><W134/><G12/><T16/><D133/><U68/><E132/><V129/><F6/><W76/><G112/><T97/><D110/><U121/><E121/><V98/><F26/><W114/><G114/><T28/><D128/><N who="2" m="49258" /><F53/><W104/><G76/><T48/><D7/><U64/><E131/><V41/><F41/><W102/><G102/><T17/><D17/><U10/><E10/><V56/><F56/><W22/><G116/><T8/><D2/><U85/><E117/><V82/><F74/><W88/><G22/><T18/><D18/><U36/><E36/><V13/><F13/><W5/><G5/><T62/><D97/><U0/><E118/><V123/><F123/><W94/><G42/><T19/><D19/><U60/><E49/><AGARI ba="0,0" hai="44,46,49,52,58,82,87,89,98,100,107" m="49258" machi="49" ten="30,2000,0" yaku="19,1,54,1" doraHai="106" who="2" fromWho="1" sc="305,0,239,-20,192,20,264,0" /><INIT seed="6,0,0,5,4,107" ten="305,219,212,264" oya="2" hai0="20,23,40,0,19,50,115,99,109,12,126,120,64" hai1="98,125,93,128,100,48,53,63,47,7,117,101,83" hai2="39,124,52,38,34,65,123,80,95,113,110,90,116" hai3="112,119,121,122,43,5,71,106,62,77,131,104,96"/><V84/><F123/><W73/><G43/><T102/><D120/><N who="3" m="46185" /><G5/><T54/><D109/><U85/><E117/><V51/><F113/><W22/><G22/><T127/><D115/><U44/><E125/><N who="0" m="47625" /><D40/><U8/><E128/><V105/><F116/><W86/><G86/><T55/><D0/><U91/><E63/><V45/><F105/><W70/><G62/><T29/><D64/><U46/><REACH who="1" step="1"/><E100/><REACH who="1" ten="305,209,212,264" step="2"/><V35/><F124/><W60/><G60/><T75/><D102/><U37/><E37/><V1/><F110/><W13/><G131/><T2/><D50/><U59/><E59/><V88/><F65/><W21/><G119/><T94/><D55/><U76/><E76/><V32/><REACH who="2" step="1"/><F1/><AGARI ba="0,1" hai="1,7,8,44,46,47,48,53,83,85,91,93,98,101" machi="1" ten="30,2000,0" yaku="1,1,7,1,53,0" doraHai="107" doraHaiUra="57" who="1" fromWho="2" sc="305,0,209,30,212,-20,264,0" /><INIT seed="7,0,0,5,0,105" ten="305,239,192,264" oya="3" hai0="48,115,106,112,25,51,85,20,11,132,64,2,91" hai1="23,107,98,121,8,128,3,125,33,53,103,126,60" hai2="47,22,79,100,130,127,67,76,32,45,134,116,83" hai3="50,102,9,86,87,92,66,90,95,58,56,104,61"/><W7/><G104/><T72/><D106/><U93/><E121/><V81/><F116/><W30/><G30/><T17/><D64/><U52/><E33/><V75/><F32/><W57/><G50/><T12/><D2/><U4/><E23/><V97/><F67/><W31/><G31/><T26/><D132/><U84/><E128/><V74/><F134/><W78/><G78/><T14/><D72/><U24/><E24/><N who="0" m="9321" /><D115/><U82/><E107/><V73/><F22/><W62/><G102/><T37/><D37/><U131/><E131/><V77/><F45/><W18/><G18/><N who="0" m="8479" /><D112/><U40/><E40/><V94/><F47/><W41/><G41/><T118/><D118/><U96/><E96/><V19/><F19/><W36/><G36/><T71/><D71/><U109/><E109/><V34/><F34/><W29/><G29/><T88/><D91/><U133/><E133/><V89/><F130/><W15/><G66/><T80/><AGARI ba="0,0" hai="14,17,20,48,51,80,85,88" m="8479,9321" machi="80" ten="30,2000,0" yaku="8,1,54,1" doraHai="105" who="0" fromWho="0" sc="305,20,239,-5,192,-5,264,-10" owari="325,42.5,234,-16.6,187,-31.3,254,5.4" /></mjloggm>