<mjloggm ver="2.3"><GO type="9" lobby="0"/><UN n0="%4E%6F%4E%61%6D%65" n1="%E3%81%B2%E3%81%95%51" n2="%E2%93%9D%4C%75%63%6B%79%4A" n3="%E3%82%B3%E3%83%9F%E3%83%A4%E3%83%9E%E3%82%B5%E3%83%B3" dan="0,12,7,11" rate="1500.00,1727.62,1683.80,1743.66" sx="M,M,M,M"/><TAIKYOKU oya="0"/><INIT seed="0,0,0,2,5,21" ten="250,250,250,250" oya="0" hai0="130,77,103,34,23,57,36,44,94,46,76,104,58" hai1="86,90,27,47,125,31,129,87,41,72,48,80,59" hai2="19,111,50,6,64,126,14,131,113,1,51,99,67" hai3="135,37,83,97,110,107,30,74,68,35,71,61,26"/><T65/><D104/><U70/><E70/><V10/><F113/><W123/><G110/><T101/><D34/><U16/><E72/><V121/><F121/><W43/><G135/><T62/><D130/><U20/><E125/><V42/><F131/><W0/><G123/><T89/><D36/><U122/><E129/><V52/><F111/><W40/><G40/><T106/><D106/><U109/><E109/><V82/><F126/><W88/><G71/><T73/><D73/><U120/><E59/><V32/><F32/><W85/><G74/><T28/><D89/><U49/><E49/><V66/><F99/><W102/><G43/><T117/><D117/><U112/><E112/><V92/><F92/><W133/><G133/><T13/><D13/><U38/><E38/><V105/><F105/><W8/><G8/><T3/><D3/><U24/><REACH who="1" step="1"/><E87/><REACH who="1" ten="250,240,250,250" step="2"/><V124/><F51/><W17/><G37/><T29/><D29/><U100/><E100/><V22/><F124/><W118/><G118/><T75/><D75/><U81/><E81/><V108/><F82/><W54/><G0/><T127/><D127/><U78/><E78/><V91/><F108/><W25/><G68/><T115/><D58/><U119/><E119/><V2/><F91/><W79/><G79/><T55/><D115/><U69/><E69/><V15/><REACH who="2" step="1"/><F42/><REACH who="2" ten="250,240,240,250" step="2"/><W53/><REACH who="3" step="1"/><G61/><REACH who="3" ten="250,240,240,240" step="2"/><T93/><D103/><U7/><E7/><V98/><F98/><W11/><G11/><T45/><D101/><U56/><E56/><AGARI ba="0,3" hai="1,2,6,10,14,15,19,22,50,52,56,64,66,67" machi="56" ten="40,8000,1" yaku="1,1,54,1,53,3" doraHai="21" doraHaiUra="63" who="2" fromWho="1" sc="250,0,240,-80,240,110,240,0" /><INIT seed="1,0,0,4,3,11" ten="250,160,350,240" oya="1" hai0="135,13,14,38,40,81,55,33,89,23,18,96,88" hai1="127,60,64,9,41,126,113,119,124,100,118,109,46" hai2="30,74,128,98,51,80,106,75,6,130,103,68,21" hai3="22,134,95,72,37,114,67,48,24,76,0,111,52"/><U87/><E100/><V32/><F51/><W42/><G114/><T58/><D135/><U77/><E77/><V5/><F21/><W115/><G115/><T86/><D33/><U36/><E113/><V28/><F68/><W66/><G0/><T27/><D38/><U125/><E9/><V78/><F75/><W57/><G134/><T91/><D40/><U62/><N who="1" m="31744" /><DORA hai="120" /><U117/><E87/><V43/><F43/><W10/><G10/><T105/><D105/><U101/><E101/><V93/><F106/><W12/><G12/><T84/><D84/><U34/><E34/><V61/><F61/><N who="1" m="23657" /><E64/><V122/><F32/><W97/><G42/><T123/><D123/><U47/><E47/><V54/><F122/><W104/><G37/><T49/><D96/><U70/><E70/><V29/><REACH who="2" step="1"/><F54/><REACH who="2" ten="250,160,340,240" step="2"/><W31/><G52/><T79/><AGARI ba="0,1" hai="13,14,18,23,27,49,55,58,79,81,86,88,89,91" machi="79" ten="30,8000,1" yaku="0,1,8,1,52,2,54,1" doraHai="11,120" who="0" fromWho="0" sc="250,90,160,-40,340,-20,240,-20" /><INIT seed="2,0,0,0,3,13" ten="340,120,320,220" oya="2" hai0="124,107,47,10,54,30,40,20,46,89,48,102,99" hai1="26,0,127,106,58,135,108,103,14,53,15,45,82" hai2="12,134,9,62,114,110,98,76,69,105,55,36,112" hai3="50,67,72,120,29,73,133,109,92,27,88,126,101"/><V95/><F105/><W85/><G120/><T6/><D124/><U38/><E0/><V129/><F36/><W24/><G109/><T70/><D70/><U42/><E108/><V118/><F110/><W28/><G126/><T131/><D131/><U100/><E127/><V59/><F118/><W11/><G133/><T93/><D30/><U111/><E111/><V39/><F39/><W51/><G67/><T1/><D20/><U121/><E121/><V91/><F129/><W84/><G11/><T97/><D97/><U128/><E128/><V113/><F76/><W132/><G132/><T75/><D75/><U5/><E135/><V90/><F134/><W41/><G101/><T115/><D115/><U123/><E123/><V96/><F69/><W130/><G130/><T79/><D79/><U80/><E26/><V56/><F59/><W64/><G64/><T8/><D8/><U37/><E37/><V34/><F34/><W83/><G41/><T122/><D122/><U43/><E43/><V35/><F35/><W66/><G66/><T63/><D63/><U31/><E31/><V3/><F3/><W16/><G92/><T94/><D89/><U104/><E15/><V19/><REACH who="2" step="1"/><F98/><REACH who="2" ten="340,120,310,220" step="2"/><W49/><G73/><T25/><D25/><U86/><E58/><V18/><F18/><W7/><G72/><T52/><D54/><U44/><E106/><V61/><F61/><W57/><G57/><T21/><D21/><U116/><E116/><V119/><F119/><W77/><G24/><T125/><D125/><U74/><E104/><V17/><F17/><W2/><G16/><RYUUKYOKU ba="0,1" sc="340,15,120,-15,310,15,220,-15" hai0="1,6,10,40,46,47,48,52,93,94,99,102,107" hai2="9,12,19,55,56,62,90,91,95,96,112,113,114" /><BYE who="0" /><INIT seed="2,1,1,1,0,37" ten="355,105,325,205" oya="2" hai0="11,29,90,100,118,119,88,51,95,44,59,94,9" hai1="36,8,47,30,84,64,89,103,133,49,26,116,57" hai2="128,45,76,109,114,54,126,125,78,68,99,24,4" hai3="63,92,111,16,31,12,69,40,50,93,7,127,81"/><V97/><F68/><W113/><G111/><T17/><D17/><U104/><E116/><V102/><F114/><W20/><G113/><T14/><D14/><U62/><E133/><V123/><F123/><W38/><G127/><N who="2" m="48649" /><F4/><W22/><G38/><T66/><D66/><U41/><E8/><V107/><F128/><W131/><G131/><T21/><D21/><U6/><E6/><V35/><F99/><W82/><G69/><T112/><D112/><U28/><E26/><V33/><F109/><W52/><G63/><T58/><D58/><U122/><E122/><V53/><F54/><W15/><G40/><T105/><D105/><U25/><E25/><V110/><F110/><W56/><G7/><T96/><D96/><U87/><E87/><V32/><F24/><N who="3" m="16775" /><G12/><T120/><D120/><U86/><E86/><V121/><F121/><W115/><G115/><T132/><D132/><U77/><E77/><V74/><F74/><W13/><G13/><T23/><D23/><U130/><E103/><V71/><F71/><W60/><G60/><T5/><D5/><U83/><E104/><V42/><F53/><W67/><G67/><T46/><D46/><U134/><E134/><V124/><N who="2" m="48657" /><V91/><DORA hai="70" /><F91/><W101/><G101/><T2/><D2/><U80/><E130/><V55/><F55/><W48/><G48/><AGARI ba="1,1" hai="32,33,35,42,45,48,76,78,97,102,107" m="48657" machi="48" ten="50,4800,0" yaku="18,1,52,1" doraHai="37,70" who="2" fromWho="3" sc="355,0,105,0,325,61,205,-51" /><INIT seed="2,2,0,5,0,134" ten="355,105,386,154" oya="2" hai0="18,124,3,127,2,30,46,7,108,56,76,85,133" hai1="130,25,109,34,41,90,91,20,78,120,117,45,33" hai2="82,84,36,16,87,75,49,67,71,13,88,61,79" hai3="52,102,0,113,68,10,64,37,114,23,72,55,95"/><V118/><F118/><W104/><G72/><T39/><D39/><U122/><E117/><V132/><F132/><W28/><G37/><T43/><D43/><U48/><E78/><V66/><F36/><W53/><G104/><T80/><D80/><U119/><E119/><V105/><F105/><W86/><G0/><T121/><D121/><N who="1" m="46699" /><E109/><V83/><F67/><W73/><G73/><T12/><D12/><U15/><E15/><V74/><REACH who="2" step="1"/><F49/><REACH who="2" ten="355,105,376,154" step="2"/><W22/><G64/><T4/><D4/><U93/><E130/><V26/><F26/><W65/><G65/><T1/><D1/><U24/><E24/><V106/><F106/><W92/><G68/><T11/><D11/><AGARI ba="2,1" hai="11,13,16,61,66,71,74,75,79,82,83,84,87,88" machi="11" ten="30,12000,1" yaku="1,1,7,1,54,2,53,1" doraHai="134" doraHaiUra="63" who="2" fromWho="0" sc="355,-126,105,0,376,136,154,0" /><INIT seed="2,3,0,2,3,21" ten="229,105,512,154" oya="2" hai0="123,50,95,130,49,121,100,131,89,29,125,5,86" hai1="11,99,69,128,15,134,133,66,45,20,4,33,57" hai2="78,32,71,84,34,120,48,17,122,82,88,107,111" hai3="87,114,18,3,38,73,91,44,14,65,119,0,83"/><V59/><F71/><W42/><G119/><T37/><D37/><U56/><E33/><V129/><F107/><W7/><G114/><T77/><D77/><U110/><E69/><V93/><F129/><W43/><G43/><T135/><D135/><U30/><E128/><V102/><F102/><W76/><G65/><T70/><D70/><U67/><E45/><V25/><F111/><W101/><G101/><T63/><D63/><U27/><E110/><V8/><F34/><W13/><G13/><T39/><D39/><U109/><E109/><V96/><F8/><W16/><G18/><T52/><D52/><U74/><E74/><V116/><F116/><W47/><G47/><T97/><D97/><U41/><E41/><V127/><F127/><W115/><G115/><T28/><D28/><U103/><E67/><V51/><F59/><W2/><G91/><T80/><D80/><U64/><E64/><V55/><F32/><W24/><G24/><T53/><D53/><U81/><E81/><V10/><F10/><W118/><G118/><T108/><D108/><U132/><REACH who="1" step="1"/><E66/><REACH who="1" ten="229,95,512,154" step="2"/><V46/><F55/><W126/><G126/><T19/><D19/><U90/><E90/><V124/><F124/><W105/><G105/><AGARI ba="3,1" hai="4,11,15,20,27,30,56,57,99,103,105,132,133,134" machi="105" ten="40,8000,1" yaku="1,1,20,1,52,1,53,1" doraHai="21" doraHaiUra="92" who="1" fromWho="3" sc="229,0,95,99,512,0,154,-89" /><INIT seed="3,0,0,3,1,55" ten="229,194,512,65" oya="3" hai0="62,132,50,118,10,90,37,111,93,0,17,16,20" hai1="7,30,123,6,19,41,36,9,60,32,47,71,14" hai2="97,105,72,134,109,25,26,42,95,61,70,12,3" hai3="110,74,69,131,51,44,81,92,121,79,46,52,28"/><W73/><G121/><T39/><D39/><U113/><E123/><V96/><F3/><W133/><G69/><T122/><D122/><U27/><E113/><V54/><F72/><W53/><G133/><T18/><D18/><U98/><E98/><V57/><F109/><W94/><G131/><T88/><D88/><U76/><E76/><V66/><F134/><W77/><G110/><T38/><D38/><U63/><E71/><V119/><F119/><W128/><G28/><T130/><D130/><U23/><E6/><V89/><F42/><W84/><G128/><T24/><D24/><U127/><REACH who="1" step="1"/><E127/><REACH who="1" ten="229,184,512,65" step="2"/><V115/><F115/><W48/><G84/><T85/><D85/><U49/><E49/><V34/><F97/><W65/><REACH who="3" step="1"/><G65/><REACH who="3" ten="229,184,512,55" step="2"/><T21/><D21/><U108/><E108/><V43/><F70/><W87/><G87/><T106/><D106/><U33/><E33/><V129/><F34/><W45/><G45/><T99/><D99/><U1/><AGARI ba="0,2" hai="1,7,9,14,19,23,27,30,32,36,41,47,60,63" machi="1" ten="20,8000,1" yaku="1,1,0,1,7,1,24,2,53,0" doraHai="55" doraHaiUra="101" who="1" fromWho="1" sc="229,-20,184,100,512,-20,55,-40" /><INIT seed="4,0,0,3,5,56" ten="209,284,492,15" oya="0" hai0="8,61,112,105,75,64,39,73,132,1,28,6,125" hai1="86,57,134,36,82,87,35,55,101,133,93,50,118" hai2="92,54,122,76,124,49,119,94,42,115,79,95,43" hai3="26,66,121,114,108,29,2,91,102,78,85,5,123"/><T19/><D19/><U45/><E118/><V25/><F122/><N who="3" m="46603" /><G108/><T97/><D97/><U99/><E35/><V131/><F131/><W113/><G78/><N who="2" m="29737" /><F115/><N who="3" m="44043" /><G102/><T107/><D107/><U103/><E36/><V51/><F124/><W11/><G66/><T47/><D47/><U31/><E31/><V17/><F119/><W59/><G59/><T104/><D104/><U117/><E117/><V69/><F69/><W38/><G91/><T129/><D129/><U3/><E3/><V98/><F98/><W33/><G85/><T53/><D53/><U96/><E45/><N who="2" m="28015" /><F49/><W30/><G38/><T18/><D18/><U100/><E100/><V52/><F52/><W23/><G30/><T58/><D58/><U4/><E86/><V48/><F48/><W22/><AGARI ba="0,0" hai="2,5,11,22,23,26,29,33" m="44043,46603" machi="22" ten="40,8000,1" yaku="13,1,15,1,34,2" doraHai="56" who="3" fromWho="3" sc="209,-40,284,-20,492,-20,15,80" /><INIT seed="5,0,0,3,2,94" ten="169,264,472,95" oya="1" hai0="75,8,51,124,79,121,80,72,20,112,56,61,2" hai1="45,102,4,11,125,15,92,7,34,68,55,114,17" hai2="132,6,122,0,126,84,97,101,33,66,54,22,88" hai3="98,93,12,50,71,63,53,3,111,59,129,65,118"/><U64/><E34/><V16/><F122/><W76/><G111/><T113/><D113/><U5/><E64/><V78/><F33/><W104/><G129/><T116/><D116/><U131/><E68/><V62/><F132/><W119/><G104/><T120/><D120/><U107/><E107/><V99/><F78/><W19/><G76/><T38/><D38/><U81/><E114/><V9/><F54/><W21/><REACH who="3" step="1"/><G3/><REACH who="3" ten="169,264,472,85" step="2"/><T10/><D10/><N who="1" m="6391" /><E131/><V90/><F126/><W73/><G73/><T60/><D60/><U31/><E125/><V24/><F101/><AGARI ba="0,1" hai="12,19,21,50,53,59,63,65,71,93,98,101,118,119" machi="101" ten="40,5200,0" yaku="1,1,52,1,53,1" doraHai="94" doraHaiUra="58" who="3" fromWho="2" sc="169,0,264,0,472,-52,85,62" /><INIT seed="6,0,0,3,2,58" ten="169,264,420,147" oya="2" hai0="72,12,86,96,107,122,104,129,117,92,48,62,102" hai1="28,132,80,133,105,98,130,103,9,18,50,123,30" hai2="5,51,35,100,78,83,33,59,68,82,70,11,38" hai3="119,90,111,1,13,56,120,44,79,36,40,20,95"/><V41/><F100/><W94/><G119/><T46/><D46/><U66/><E80/><V4/><F59/><W76/><G111/><T32/><D32/><U21/><E123/><V118/><F118/><W71/><G71/><T97/><D97/><U63/><E50/><V39/><F11/><W57/><G1/><T125/><D125/><U34/><E34/><V109/><F51/><W85/><G95/><T114/><D114/><U115/><E115/><V42/><REACH who="2" step="1"/><F78/><REACH who="2" ten="169,264,410,147" step="2"/><W16/><G120/><T15/><D15/><U61/><E132/><V101/><F101/><W49/><REACH who="3" step="1"/><G57/><REACH who="3" ten="169,264,410,137" step="2"/><T106/><D106/><U53/><E133/><V47/><F47/><W7/><G7/><T54/><D54/><AGARI ba="0,2" hai="13,16,20,36,40,44,49,54,56,76,79,85,90,94" machi="54" ten="40,8000,1" yaku="1,1,25,2,54,1,53,1" doraHai="58" doraHaiUra="37" who="3" fromWho="0" sc="169,-80,264,0,410,0,137,100" /><INIT seed="7,0,0,1,1,23" ten="89,264,410,237" oya="3" hai0="85,29,30,93,56,112,98,100,57,90,14,11,1" hai1="24,135,134,106,126,59,18,92,62,42,3,71,77" hai2="88,49,45,44,122,130,6,10,37,48,108,76,19" hai3="0,81,4,110,5,13,50,103,34,7,131,79,47"/><W22/><G131/><T8/><D8/><U28/><E106/><V39/><F76/><W91/><G34/><T27/><D27/><U128/><E3/><V124/><F124/><W40/><G0/><T86/><D86/><U69/><E126/><V21/><F122/><W84/><G110/><T109/><D109/><U118/><E118/><V75/><F75/><W89/><G103/><T70/><D70/><U115/><E115/><V114/><F114/><W15/><G22/><T78/><D78/><U41/><E77/><V105/><F105/><W99/><G99/><T83/><D83/><U102/><E18/><V104/><F104/><W43/><G43/><N who="1" m="16394" /><E128/><V63/><F63/><W65/><G65/><T101/><D101/><U132/><E92/><V12/><F130/><W97/><G97/><T111/><D111/><U26/><E102/><V54/><F88/><AGARI ba="0,0" hai="4,5,7,13,15,40,47,50,79,81,84,88,89,91" machi="88" ten="40,3900,0" yaku="8,1,54,1" doraHai="23" who="3" fromWho="2" sc="89,0,264,0,410,-39,237,39" /><INIT seed="7,1,0,4,4,85" ten="89,264,371,276" oya="3" hai0="59,13,65,76,19,132,0,53,24,97,69,61,130" hai1="115,28,35,21,25,122,118,91,6,94,60,62,3" hai2="1,96,80,38,55,106,18,14,100,124,98,119,95" hai3="43,10,58,7,47,45,93,15,87,78,109,73,70"/><W68/><G73/><T64/><D64/><U83/><E122/><V99/><F1/><W57/><G109/><T101/><D101/><U2/><E115/><V84/><F38/><W86/><G47/><T111/><D111/><U113/><E113/><V131/><F131/><W134/><G134/><T66/><D66/><U17/><E118/><V36/><F36/><W4/><G4/><T71/><D71/><U16/><E83/><V51/><F124/><W23/><G23/><T11/><D11/><U75/><E75/><V63/><F63/><W114/><G70/><T44/><D44/><U126/><E126/><V123/><F123/><W56/><G68/><T89/><D89/><U31/><E31/><V5/><F5/><W135/><G135/><T72/><D72/><U112/><E112/><V90/><F119/><W92/><G114/><T129/><D129/><U48/><E48/><V127/><F106/><W74/><G74/><T37/><D37/><U42/><E42/><V32/><F32/><W116/><G116/><T27/><D27/><U81/><E81/><V128/><F128/><W125/><G125/><T39/><D39/><U12/><E2/><V50/><F127/><W117/><G117/><T79/><D79/><U54/><E54/><V102/><F55/><W22/><G22/><T88/><D88/><U30/><E30/><V120/><F120/><W29/><G29/><T49/><D49/><N who="2" m="18442" /><F102/><W110/><G110/><T41/><D41/><U103/><E103/><V108/><F108/><W26/><G43/><T107/><D107/><U9/><E17/><V40/><F40/><RYUUKYOKU ba="1,0" sc="89,-15,264,15,371,15,276,-15" hai1="3,6,9,12,16,21,25,28,35,60,62,91,94" hai2="14,18,80,84,90,95,96,98,99,100" owari="74,-42.6,279,7.9,386,48.6,261,-13.9" /></mjloggm>