<mjloggm ver="2.3"><GO type="41" lobby="0"/><UN n0="%E2%93%9D%4C%75%63%6B%79%4A" n1="%E9%AF%89%E5%A4%AA%E9%83%8E" n2="%E3%81%A1%E3%82%83%E3%81%B1%E3%82%80%E3%82%89" n3="%6B%69%6E%74%61%31%39%31" dan="13,13,14,13" rate="1939.56,1870.66,1896.45,1841.27" sx="M,M,M,M"/><TAIKYOKU oya="0"/><INIT seed="0,0,0,3,5,39" ten="250,250,250,250" oya="0" hai0="90,83,50,2,116,133,16,89,29,98,101,70,12" hai1="99,53,91,62,27,69,13,74,107,45,18,72,111" hai2="84,44,66,3,63,15,123,71,86,73,35,103,85" hai3="52,75,9,126,128,78,65,102,11,57,100,48,0"/><T55/><D116/><U79/><E27/><V92/><F73/><W5/><G126/><T67/><D2/><U96/><E96/><V119/><F123/><W54/><G128/><T108/><D133/><U118/><E118/><V82/><F3/><W97/><G65/><T114/><D114/><U76/><E76/><V131/><F131/><W37/><G97/><T26/><D108/><U20/><E79/><V21/><F35/><W80/><G9/><T56/><D70/><U61/><E61/><V68/><F68/><W64/><G64/><T19/><D67/><U28/><E28/><V31/><F119/><W104/><G104/><T6/><D6/><U122/><E69/><V47/><F82/><W32/><G32/><T87/><D90/><U88/><E91/><V124/><F124/><W14/><G14/><T120/><D120/><U109/><E72/><V110/><F110/><W130/><G130/><T36/><D36/><U23/><E74/><V41/><F41/><W4/><G4/><T121/><D12/><U134/><E13/><V129/><F129/><W132/><G132/><T95/><REACH who="0" step="1"/><D121/><REACH who="0" ten="240,250,250,250" step="2"/><U24/><E134/><V25/><F15/><W46/><REACH who="3" step="1"/><G37/><REACH who="3" ten="240,250,250,240" step="2"/><T127/><D127/><U77/><E111/><V58/><F71/><W117/><G117/><T106/><D106/><U1/><E107/><V33/><F33/><AGARI ba="0,2" hai="16,19,26,29,33,50,55,56,83,87,89,95,98,101" machi="33" ten="30,5800,0" yaku="1,1,7,1,54,1,53,0" doraHai="39" doraHaiUra="113" who="0" fromWho="2" sc="240,78,250,0,250,-58,240,0" /><INIT seed="0,1,0,2,0,8" ten="318,250,192,240" oya="0" hai0="63,72,68,80,86,39,101,120,135,100,62,16,85" hai1="110,66,95,49,54,40,14,130,92,112,55,4,50" hai2="35,12,121,79,46,41,34,78,81,27,90,91,134" hai3="0,125,42,75,127,84,37,9,56,89,65,98,44"/><T107/><BYE who="3" /><D120/><U17/><E112/><V76/><F134/><W124/><G124/><T21/><D39/><U129/><E4/><V111/><F121/><W94/><G94/><T115/><D115/><U126/><E66/><UN n3="%6B%69%6E%74%61%31%39%31" /><V133/><F133/><W105/><G75/><T15/><D135/><U113/><E113/><V10/><F111/><W51/><G89/><T28/><D72/><U45/><E40/><V93/><F27/><W73/><G84/><T83/><D68/><U77/><E77/><V132/><F132/><W22/><G73/><T53/><D28/><U64/><E64/><V29/><F29/><W108/><G22/><T96/><D101/><U70/><E70/><V82/><F35/><W116/><G116/><T69/><D69/><U1/><E1/><V30/><F30/><W118/><G118/><T97/><D97/><U131/><E110/><V7/><F34/><W25/><G25/><T47/><D47/><U2/><E2/><V33/><F33/><W109/><G51/><T122/><D122/><U60/><E60/><V38/><REACH who="2" step="1"/><F91/><REACH who="2" ten="318,250,182,240" step="2"/><W67/><G109/><T74/><D63/><U88/><E126/><N who="3" m="48138" /><G108/><T61/><D62/><U18/><E88/><V102/><F102/><N who="3" m="62679" /><G56/><T3/><D100/><U71/><E71/><V24/><F24/><W58/><G58/><T20/><D61/><U48/><E45/><V87/><AGARI ba="1,1" hai="7,10,12,38,41,46,76,78,79,81,82,87,90,93" machi="87" ten="30,4000,0" yaku="1,1,0,1,52,1,53,0" doraHai="8" doraHaiUra="104" who="2" fromWho="2" sc="318,-21,250,-11,182,53,240,-11" /><INIT seed="1,0,0,0,0,102" ten="297,239,235,229" oya="1" hai0="30,129,110,81,126,27,83,84,92,90,63,130,0" hai1="2,75,53,98,112,25,58,52,56,120,8,99,37" hai2="13,29,44,76,113,23,115,41,101,125,57,66,109" hai3="20,96,45,46,122,133,18,38,100,50,1,6,91"/><U108/><E120/><V94/><F125/><W71/><G122/><T10/><D126/><U78/><E37/><V14/><F109/><W54/><G71/><T104/><D63/><U55/><E112/><N who="2" m="43083" /><F76/><W47/><G133/><T97/><D10/><U123/><E123/><V82/><F82/><N who="0" m="31242" /><D0/><U12/><E78/><V42/><F29/><W131/><G91/><T114/><D27/><U36/><E75/><V64/><F23/><W69/><G69/><T59/><D59/><U70/><E70/><V40/><F57/><W85/><G85/><T9/><D9/><U43/><E2/><V87/><F44/><W117/><G117/><T21/><D21/><U34/><E58/><V11/><F11/><W4/><G131/><N who="0" m="50187" /><D30/><U48/><E56/><V128/><F128/><W107/><G1/><T135/><D114/><U65/><E65/><N who="2" m="25195" /><F87/><W33/><G33/><T118/><D118/><U72/><E72/><V132/><F132/><W28/><G28/><T16/><D135/><U105/><E34/><V62/><F62/><W73/><G73/><T7/><D7/><U22/><E43/><V15/><F94/><W5/><REACH who="3" step="1"/><G38/><REACH who="3" ten="297,239,235,219" step="2"/><T60/><D60/><U134/><E36/><V39/><F39/><W88/><G88/><T89/><D90/><U77/><E134/><V3/><F3/><W49/><G49/><T103/><D16/><U111/><E48/><V121/><F121/><W79/><G79/><T68/><D68/><U93/><E77/><V35/><F35/><W31/><G31/><T24/><D110/><U106/><E111/><V95/><F95/><W61/><G61/><RYUUKYOKU ba="0,1" sc="297,10,239,-30,235,10,219,10" hai0="24,84,89,92,97,103,104" hai2="13,14,15,40,41,42,101" hai3="4,5,6,18,20,45,46,47,50,54,96,100,107" /><INIT seed="2,1,1,1,1,63" ten="307,209,245,229" oya="2" hai0="3,37,57,93,31,40,78,111,50,88,49,29,9" hai1="98,74,128,51,108,110,33,72,103,90,107,55,133" hai2="64,59,115,34,54,53,52,27,117,104,6,12,130" hai3="23,10,67,76,99,19,44,83,112,1,79,95,127"/><V96/><F117/><W24/><G112/><T106/><D106/><U30/><E128/><V25/><F130/><W113/><G113/><T45/><D78/><U102/><E102/><V70/><F115/><W125/><G44/><T56/><D111/><N who="1" m="42539" /><E90/><V100/><F70/><W18/><G79/><T28/><D3/><U123/><E123/><V46/><F46/><W77/><G76/><T81/><D9/><U114/><E114/><V121/><F121/><W89/><G18/><T119/><D81/><U71/><E71/><V118/><F118/><W36/><G36/><T65/><D119/><U16/><E133/><V94/><F104/><W66/><G1/><T85/><REACH who="0" step="1"/><D57/><REACH who="0" ten="297,209,245,229" step="2"/><U26/><E16/><V15/><F34/><W11/><G11/><T2/><D2/><U32/><E32/><V126/><F126/><N who="3" m="48139" /><G10/><T43/><D43/><U86/><E86/><AGARI ba="1,2" hai="19,23,24,66,67,77,83,86,89,95,99" m="48139" machi="86" ten="30,3900,0" yaku="18,1,52,2" doraHai="63" who="3" fromWho="1" sc="297,0,209,-42,245,0,229,62" /><INIT seed="3,0,0,2,1,18" ten="297,167,245,291" oya="3" hai0="49,17,77,119,94,115,97,48,8,86,93,133,65" hai1="122,53,39,73,60,50,109,28,83,70,124,101,42" hai2="2,104,35,54,78,130,72,6,38,128,102,76,55" hai3="100,90,0,117,66,121,40,59,120,103,30,57,127"/><W32/><G117/><T79/><D119/><U75/><E122/><V85/><F35/><W23/><G32/><T21/><D115/><U46/><E109/><V58/><F38/><W74/><G0/><T5/><D65/><U44/><E124/><V116/><F116/><W45/><G127/><T36/><D36/><U114/><E114/><V92/><F104/><W67/><G74/><T68/><D68/><U111/><E83/><V108/><F108/><W131/><G131/><N who="2" m="50217" /><F2/><W51/><G120/><T118/><D133/><U64/><E101/><N who="3" m="38986" /><G90/><N who="0" m="53591" /><D5/><U113/><E113/><V7/><F72/><W123/><G123/><T41/><D8/><U20/><E111/><V47/><F47/><W37/><G37/><T98/><D41/><U88/><E88/><N who="2" m="53263" /><F102/><W132/><G132/><T62/><D93/><U135/><E135/><V107/><F107/><W82/><G82/><T96/><D118/><U95/><REACH who="1" step="1"/><E95/><REACH who="1" ten="297,157,245,291" step="2"/><V87/><F76/><W27/><G121/><T99/><D79/><U31/><E31/><V61/><F78/><W4/><G4/><N who="2" m="1577" /><F87/><W52/><G40/><T134/><D77/><U26/><AGARI ba="0,1" hai="20,26,28,39,42,44,46,50,53,60,64,70,73,75" machi="26" ten="30,7900,0" yaku="1,1,0,1,52,1,53,1" doraHai="18" doraHaiUra="56" who="1" fromWho="1" sc="297,-20,157,89,245,-20,291,-39" /><INIT seed="4,0,0,4,3,6" ten="277,246,225,252" oya="0" hai0="39,58,124,108,121,104,90,18,43,92,131,65,52" hai1="50,115,8,38,26,114,93,91,2,70,56,33,22" hai2="134,88,75,44,120,118,67,72,42,27,73,47,133" hai3="12,59,83,46,25,132,30,99,111,32,89,4,62"/><T35/><D121/><U66/><E38/><V28/><F120/><W0/><G111/><T48/><D104/><U78/><E78/><V103/><F118/><W98/><G132/><N who="2" m="50793" /><F103/><W74/><G0/><T13/><D35/><U116/><E33/><N who="2" m="20639" /><F67/><W135/><G135/><T10/><D131/><U127/><E70/><V126/><F126/><W80/><G80/><T45/><D108/><U54/><E66/><V61/><F61/><W96/><G46/><N who="2" m="17449" /><F42/><W107/><G107/><T1/><D65/><U11/><E2/><V68/><F68/><W125/><G125/><T106/><D106/><U79/><E79/><V24/><F24/><W3/><G3/><T102/><D1/><U57/><E57/><V128/><F128/><W5/><G12/><T29/><D29/><U77/><E77/><V20/><F20/><W86/><REACH who="3" step="1"/><G74/><REACH who="3" ten="277,246,225,242" step="2"/><T84/><D124/><U100/><E127/><V95/><F75/><W51/><G51/><T69/><D69/><U122/><E122/><V15/><F15/><W81/><G81/><T94/><REACH who="0" step="1"/><D102/><REACH who="0" ten="267,246,225,242" step="2"/><U112/><E100/><V101/><F101/><W97/><N who="3" m="24576" /><DORA hai="76" /><W9/><G9/><T31/><D31/><N who="1" m="17879" /><E116/><V105/><F105/><W40/><G40/><T53/><D53/><AGARI ba="0,2" hai="4,5,25,30,32,53,59,62,83,86,89" m="24576" machi="53" ten="50,3200,0" yaku="1,1,52,1,53,0" doraHai="6,76" doraHaiUra="37,119" who="3" fromWho="0" sc="267,-32,246,0,225,0,242,52" /><INIT seed="5,0,0,3,3,114" ten="235,246,225,294" oya="1" hai0="32,112,108,80,45,6,102,75,60,67,110,91,30" hai1="116,14,8,56,106,71,85,50,92,129,58,2,33" hai2="94,119,135,133,99,66,107,22,15,126,39,40,123" hai3="109,26,25,74,105,19,84,118,20,63,90,124,55"/><U37/><E71/><V49/><F123/><W38/><G109/><T41/><D102/><U100/><E37/><V27/><F39/><W46/><G105/><T29/><D6/><U44/><E33/><V83/><F107/><W95/><G74/><T122/><D112/><U134/><E2/><V70/><F126/><W82/><G124/><T3/><D3/><U93/><E134/><N who="2" m="51211" /><F83/><W1/><G1/><T72/><D122/><U0/><E0/><V128/><F128/><W87/><G38/><T69/><D75/><U79/><E106/><V31/><F15/><W23/><G118/><T42/><D42/><U18/><E116/><V61/><F49/><W10/><G10/><T57/><D110/><U101/><E101/><N who="2" m="60663" /><F40/><W36/><G36/><T103/><D41/><U86/><E86/><V43/><F43/><W7/><G7/><T24/><D72/><U132/><E132/><V51/><F51/><N who="3" m="29175" /><G63/><T97/><D60/><U130/><E130/><V77/><F77/><W11/><G11/><T81/><D108/><U68/><E68/><V111/><F111/><W28/><G82/><T13/><D81/><U104/><E104/><V96/><F96/><AGARI ba="0,0" hai="19,20,23,25,26,28,84,87,90,95,96" m="29175" machi="96" ten="30,1000,0" yaku="8,1" doraHai="114" who="3" fromWho="2" sc="235,0,246,0,225,-10,294,10" /><INIT seed="6,0,0,3,3,44" ten="235,246,215,304" oya="2" hai0="52,97,94,92,62,68,113,86,19,42,75,28,56" hai1="59,20,61,29,67,15,41,34,74,84,114,111,103" hai2="9,93,12,110,43,22,73,89,85,11,128,23,4" hai3="132,104,119,95,35,83,118,76,7,39,122,58,117"/><V71/><F71/><W98/><G35/><T100/><D75/><U45/><E111/><V81/><F128/><W112/><G122/><T129/><D129/><U50/><E74/><V54/><F110/><W1/><G39/><T38/><D113/><U124/><E114/><V105/><F105/><W13/><G1/><T134/><D134/><U106/><E34/><V21/><F43/><W123/><G123/><T26/><D68/><U107/><E103/><V10/><F73/><W135/><G112/><T90/><D38/><U72/><E72/><V3/><F3/><W109/><G58/><T31/><D42/><U78/><E124/><V130/><F130/><W51/><G109/><T46/><D46/><U126/><E126/><V133/><F133/><N who="3" m="51275" /><G13/><T108/><D108/><U120/><E120/><V37/><F37/><W63/><G63/><T32/><REACH who="0" step="1"/><D32/><REACH who="0" ten="225,246,215,304" step="2"/><U127/><E127/><V16/><F4/><W0/><G118/><T60/><D60/><U102/><E45/><V82/><F54/><W48/><G7/><T131/><D131/><U101/><E41/><V8/><AGARI ba="0,1" hai="8,9,10,11,12,16,21,22,23,81,82,85,89,93" machi="8" ten="30,6000,0" yaku="0,1,8,1,54,1" doraHai="44" who="2" fromWho="2" sc="225,-20,246,-20,215,70,304,-20" /><INIT seed="6,1,0,1,1,36" ten="205,226,285,284" oya="2" hai0="27,56,72,79,52,84,61,63,105,47,103,134,128" hai1="17,135,35,86,119,81,11,44,127,23,53,126,78" hai2="101,111,14,88,96,4,132,37,58,25,1,10,38" hai3="118,6,114,68,28,85,16,115,55,29,18,122,121"/><V89/><F132/><W26/><G68/><T112/><D134/><U13/><E135/><V42/><F111/><W9/><G55/><T106/><D72/><U124/><E119/><V8/><F42/><W24/><G85/><T12/><D112/><N who="3" m="43049" /><G118/><T83/><D128/><U51/><REACH who="1" step="1"/><E35/><REACH who="1" ten="205,216,285,284" step="2"/><V75/><F75/><W104/><G122/><T33/><D33/><U98/><E98/><V123/><F123/><W32/><G121/><T34/><D34/><U99/><E99/><V107/><F38/><W110/><G110/><T66/><D103/><U87/><E87/><V0/><F37/><W20/><G104/><T69/><D106/><U2/><E2/><AGARI ba="1,1" hai="2,6,9,16,18,20,24,26,28,29,32" m="43049" machi="2" ten="30,8000,1" yaku="15,1,11,1,34,2,54,1" doraHai="36" who="3" fromWho="1" sc="205,0,216,-83,285,0,284,93" /><INIT seed="7,0,0,5,3,90" ten="205,133,285,377" oya="3" hai0="123,47,86,104,106,57,55,121,17,134,118,132,70" hai1="41,87,135,60,126,39,112,119,24,29,88,38,19" hai2="109,23,9,7,22,69,37,100,80,11,115,58,14" hai3="92,124,97,44,16,78,32,67,31,64,49,93,105"/><W34/><G105/><T28/><D28/><U46/><E38/><V10/><F37/><W99/><G31/><T127/><D70/><U62/><E135/><N who="0" m="51753" /><D118/><U131/><E126/><V8/><F109/><W103/><G124/><T95/><D47/><U59/><E131/><V122/><F122/><N who="0" m="46602" /><D17/><U83/><E119/><V20/><F69/><W35/><G78/><T71/><D71/><U108/><E112/><V18/><F100/><W110/><G110/><T25/><D25/><U0/><E0/><N who="2" m="103" /><F58/><W13/><G44/><T94/><D127/><U6/><E6/><N who="2" m="3383" /><F80/><W81/><G49/><N who="0" m="30959" /><D86/><U40/><E40/><V133/><F133/><W76/><G16/><T107/><AGARI ba="0,0" hai="94,95,104,106,107" m="30959,46602,51753" machi="107" ten="40,5200,0" yaku="20,1,52,2" doraHai="90" who="0" fromWho="0" sc="205,52,133,-13,285,-13,377,-26" owari="257,-14.3,120,-38.0,272,7.2,351,45.1" /></mjloggm>