<mjloggm ver="2.3"><GO type="41" lobby="0"/><UN n0="%51%43%31%35%31%32%37" n1="%E6%9B%B8" n2="%E3%80%90%E8%BF%85%5F%30%35%31%30%E3%80%91" n3="%E2%93%9D%4C%75%63%6B%79%4A" dan="15,15,14,18" rate="1931.83,2047.88,1822.95,2167.38" sx="M,M,M,M"/><TAIKYOKU oya="0"/><INIT seed="0,0,0,1,5,99" ten="250,250,250,250" oya="0" hai0="42,84,17,57,97,10,69,40,67,23,73,75,54" hai1="5,116,12,74,80,91,0,24,72,33,65,61,117" hai2="125,7,70,31,130,103,123,88,106,135,68,21,44" hai3="47,59,55,9,71,102,82,66,27,98,128,3,112"/><T124/><D124/><U111/><E12/><V4/><F125/><W133/><G112/><T81/><D75/><U78/><E91/><V121/><F130/><W38/><G71/><T22/><D73/><U29/><E74/><V11/><F135/><W94/><G128/><T93/><D10/><U64/><E64/><V2/><F4/><W113/><G113/><T26/><D23/><U36/><E111/><V50/><F68/><W105/><G66/><T129/><D67/><U6/><E6/><V118/><F70/><W87/><G133/><T109/><D109/><U49/><E49/><V63/><F63/><W62/><G27/><T8/><D69/><N who="1" m="42159" /><E36/><V16/><F31/><W15/><G3/><T83/><D8/><AGARI ba="0,0" hai="0,5,8,24,29,33,72,78,80,116,117" m="42159" machi="8" ten="30,1000,0" yaku="23,1" doraHai="99" who="1" fromWho="0" sc="250,-10,250,10,250,0,250,0" /><INIT seed="1,0,0,0,4,80" ten="240,260,250,250" oya="1" hai0="123,114,11,8,42,57,19,110,44,1,17,41,87" hai1="77,111,3,74,68,38,13,30,40,106,90,47,129" hai2="94,107,78,16,83,113,103,86,127,112,50,62,82" hai3="72,12,91,132,63,108,104,51,25,70,117,0,92"/><U21/><E129/><V84/><F62/><W43/><G0/><T45/><D110/><U58/><E106/><V67/><F67/><W33/><G72/><T36/><D114/><N who="2" m="44138" /><F127/><W85/><G104/><T69/><D69/><U46/><E68/><V89/><F50/><W18/><G132/><T101/><D101/><U9/><E47/><V54/><F54/><W65/><G108/><T96/><D96/><U56/><E111/><V5/><F5/><W26/><G117/><T55/><D55/><U75/><E75/><V15/><F107/><W128/><G33/><T120/><D57/><U35/><E35/><V118/><F118/><W135/><G135/><T116/><D116/><U6/><E90/><V125/><F125/><W10/><REACH who="3" step="1"/><G128/><REACH who="3" ten="240,260,250,240" step="2"/><T133/><D133/><U20/><E3/><V52/><F103/><W124/><G124/><T76/><D1/><U29/><E74/><V95/><F52/><W93/><G93/><T121/><D121/><U32/><E32/><V64/><F64/><W60/><G60/><T39/><D76/><U97/><E77/><V34/><F34/><W130/><G130/><T100/><D100/><U105/><E105/><V7/><F7/><W131/><G131/><T79/><D79/><U98/><E6/><V31/><F31/><W22/><G22/><AGARI ba="0,1" hai="15,16,22,78,82,83,84,86,89,94,95" m="44138" machi="22" ten="30,7700,0" yaku="11,1,52,2,54,1" doraHai="80" who="2" fromWho="3" sc="240,0,260,0,250,87,240,-77" /><INIT seed="2,0,0,4,1,119" ten="240,260,337,163" oya="2" hai0="102,134,93,15,31,124,65,71,89,38,90,27,17" hai1="21,97,116,13,126,6,10,0,66,77,112,109,33" hai2="23,81,11,2,122,105,67,47,117,108,130,54,44" hai3="75,19,43,53,80,128,106,72,123,25,95,79,20"/><V73/><F117/><W42/><G106/><T69/><D124/><U12/><E116/><V16/><F105/><W63/><G75/><T5/><D38/><U3/><E77/><V41/><F130/><W46/><G128/><T22/><D134/><U9/><E66/><V125/><F125/><W7/><G7/><T84/><D5/><U114/><E97/><V50/><F67/><W96/><G123/><T39/><D39/><U29/><E109/><V132/><F132/><W76/><G79/><T135/><D135/><U94/><E94/><V131/><F131/><W100/><REACH who="3" step="1"/><G46/><REACH who="3" ten="240,260,337,153" step="2"/><T34/><D71/><U78/><E78/><V24/><F122/><W64/><G64/><T99/><D65/><U104/><E104/><V92/><F108/><W85/><G85/><T121/><D69/><U87/><E87/><V82/><F73/><W30/><G30/><T62/><D121/><U107/><E107/><V103/><F47/><W18/><G18/><T56/><D84/><U60/><E126/><V120/><F120/><W26/><G26/><T57/><D57/><AGARI ba="0,1" hai="19,20,25,42,43,53,57,63,72,76,80,95,96,100" machi="57" ten="40,5200,0" yaku="1,1,53,2" doraHai="119" doraHaiUra="37" who="3" fromWho="0" sc="240,-52,260,0,337,0,153,62" /><INIT seed="3,0,0,0,3,22" ten="188,260,337,215" oya="3" hai0="109,56,13,122,68,126,78,67,133,16,94,115,27" hai1="23,3,29,105,103,92,4,59,17,57,69,35,71" hai2="47,125,31,28,36,101,0,43,32,119,50,106,74" hai3="15,38,44,85,116,33,83,118,107,64,21,54,84"/><W26/><G33/><T124/><D115/><U110/><E105/><V6/><F119/><W86/><G107/><T61/><D109/><U24/><E110/><V112/><F50/><W98/><G64/><T9/><D133/><U135/><E135/><V65/><F31/><W75/><G15/><T128/><D128/><U117/><E117/><V53/><F53/><W82/><G75/><T49/><D78/><U25/><E103/><V8/><F65/><W93/><G38/><T39/><D39/><U37/><E37/><V95/><F95/><W80/><G44/><T2/><D2/><U97/><E4/><V134/><F134/><W11/><G11/><T18/><D94/><U5/><E5/><V99/><F112/><W76/><G54/><T91/><D91/><U62/><E3/><V108/><F108/><W104/><G104/><T12/><D122/><U88/><E59/><V55/><F55/><AGARI ba="0,0" hai="17,23,24,25,29,35,55,57,62,69,71,88,92,97" machi="55" ten="30,12000,2" yaku="7,1,25,2,52,2,54,1" doraHai="22" who="1" fromWho="2" sc="188,0,260,120,337,-120,215,0" /><INIT seed="4,0,0,2,0,97" ten="188,380,217,215" oya="0" hai0="16,132,11,108,40,18,44,76,68,109,115,92,21" hai1="70,130,30,93,73,80,15,82,83,78,34,43,54" hai2="87,51,120,19,24,20,45,99,12,57,119,114,38" hai3="39,53,81,5,55,127,6,116,8,60,77,62,61"/><T66/><D132/><U131/><E70/><V26/><F120/><W111/><G111/><N who="0" m="42571" /><D76/><U125/><E43/><V52/><F114/><W106/><G116/><T67/><D68/><U100/><E15/><V64/><F119/><W85/><G106/><T74/><D74/><U69/><E54/><V63/><F99/><W58/><G127/><T25/><D115/><U135/><E30/><V48/><F38/><W32/><G32/><T2/><D92/><U126/><E34/><V104/><F104/><W22/><G39/><N who="0" m="21535" /><D2/><U47/><E47/><V13/><F51/><W89/><G77/><T0/><D0/><U1/><E69/><V128/><F128/><N who="1" m="49193" /><E1/><V112/><F112/><W49/><G8/><T10/><D10/><U29/><E29/><V71/><F71/><W50/><REACH who="3" step="1"/><G22/><REACH who="3" ten="188,380,217,205" step="2"/><T117/><D117/><U123/><E125/><V110/><F110/><W35/><G35/><T36/><D36/><U134/><E126/><V79/><F26/><W46/><AGARI ba="0,1" hai="5,6,46,49,50,53,55,58,60,61,62,81,85,89" machi="46" ten="30,4000,0" yaku="1,1,0,1,8,1,53,0" doraHai="97" doraHaiUra="121" who="3" fromWho="3" sc="188,-20,380,-10,217,-10,205,50" /><INIT seed="5,0,0,4,2,20" ten="168,370,207,255" oya="1" hai0="68,120,39,105,51,48,8,0,73,16,40,108,135" hai1="28,95,29,63,115,2,122,41,81,32,99,132,36" hai2="110,116,123,42,82,76,101,54,92,77,57,25,12" hai3="90,84,15,11,88,23,103,79,3,72,27,106,109"/><U126/><E122/><V35/><F123/><W75/><G3/><T102/><D51/><U26/><E2/><V62/><F110/><W59/><G109/><T129/><D48/><U118/><E118/><V131/><F116/><W111/><G111/><T10/><D40/><U64/><E115/><V80/><F131/><W97/><G59/><T133/><D102/><U22/><E132/><V119/><F119/><W114/><G79/><T69/><D69/><U100/><E126/><V18/><F42/><W6/><G114/><T66/><D66/><U61/><E81/><V9/><F77/><W19/><REACH who="3" step="1"/><G90/><REACH who="3" ten="168,370,207,245" step="2"/><T44/><D108/><U34/><E64/><V33/><F76/><W60/><G60/><T87/><D0/><U94/><E63/><V127/><F127/><W31/><G31/><T43/><D120/><U96/><E28/><V45/><F45/><W134/><G134/><T56/><D44/><U117/><E61/><V49/><F62/><W38/><G38/><T53/><D39/><U70/><E117/><V14/><F57/><W93/><AGARI ba="0,1" hai="6,11,15,19,23,27,72,75,84,88,93,97,103,106" machi="93" ten="20,12000,2" yaku="1,1,0,1,7,1,52,1,54,1,53,1" doraHai="20" doraHaiUra="85" who="3" fromWho="3" sc="168,-30,370,-60,207,-30,245,130" /><INIT seed="6,0,0,4,2,52" ten="138,310,177,375" oya="2" hai0="76,19,64,113,49,126,82,63,56,79,31,80,102" hai1="78,55,86,14,107,98,135,93,51,122,85,127,0" hai2="88,104,106,2,46,123,23,5,81,115,124,50,44" hai3="40,18,25,129,77,84,128,36,29,21,39,71,118"/><V61/><F123/><W32/><G71/><T103/><D113/><U42/><E0/><V96/><F115/><W58/><G40/><T75/><D126/><U92/><E135/><V120/><F120/><W74/><G84/><T38/><D38/><N who="3" m="14377" /><G77/><T72/><D31/><U3/><E3/><V87/><F124/><W95/><G95/><T121/><D121/><U111/><E111/><V45/><F50/><W94/><G94/><T35/><D35/><U131/><E131/><N who="3" m="50250" /><G74/><T13/><REACH who="0" step="1"/><D49/><REACH who="0" ten="128,310,177,375" step="2"/><U117/><E51/><V53/><F96/><W24/><G118/><T91/><D91/><U105/><E127/><V101/><F101/><W26/><G32/><T125/><D125/><U132/><E122/><V83/><F23/><AGARI ba="0,1" hai="13,19,23,56,63,64,72,75,76,79,80,82,102,103" machi="23" ten="30,7700,0" yaku="1,1,7,1,9,1,52,1,53,0" doraHai="52" doraHaiUra="69" who="0" fromWho="2" sc="128,87,310,0,177,-77,375,0" /><INIT seed="7,0,0,1,0,7" ten="215,310,100,375" oya="3" hai0="99,102,59,8,107,18,129,11,65,35,15,25,131" hai1="115,2,73,57,42,67,74,128,31,33,87,134,77" hai2="108,10,116,45,89,23,60,30,54,36,69,4,20" hai3="106,66,6,37,46,72,58,3,117,34,91,0,32"/><W85/><G58/><T53/><D35/><N who="3" m="13353" /><G85/><T80/><D80/><U135/><E42/><V109/><F116/><W61/><G91/><T21/><D65/><U83/><E2/><V56/><F89/><W110/><G6/><T114/><D25/><U132/><E115/><V125/><F125/><W50/><G50/><N who="0" m="31159" /><D114/><U12/><E128/><AGARI ba="0,0" hai="8,11,15,18,21,99,102,107,128,129,131" m="31159" machi="128" ten="30,3900,0" yaku="19,1,52,2" doraHai="7" who="0" fromWho="1" sc="215,39,310,-39,100,0,375,0" owari="254,-14.6,271,7.1,100,-40.0,375,47.5" /></mjloggm>