<mjloggm ver="2.3"><GO type="41" lobby="0"/><UN n0="%E2%93%9D%4C%75%63%6B%79%4A" n1="%E3%83%88%E3%83%83%E3%82%B7%E3%82%A4%E9%9B%80%E8%8D%98%E5%B7%A1%E3%82%8A" n2="%E3%81%BC%E3%81%86%E3%81%A1%E3%82%83%E3%82%93" n3="%E3%81%AF%E3%81%90%E3%82%8C%E3%83%A1%E3%82%BF%E3%83%9C" dan="18,15,13,13" rate="2222.57,2115.01,1917.82,1894.21" sx="M,M,M,M"/><TAIKYOKU oya="0"/><INIT seed="0,0,0,1,5,107" ten="250,250,250,250" oya="0" hai0="51,87,47,65,96,83,42,124,71,135,114,127,1" hai1="24,50,30,59,33,41,39,116,6,76,123,70,115" hai2="100,4,72,103,0,60,8,20,79,99,66,18,121" hai3="36,48,7,112,113,117,45,26,102,73,85,119,14"/><T58/><D1/><U10/><E116/><V94/><F121/><W82/><G26/><T104/><D114/><U120/><E115/><V11/><F11/><W12/><G12/><T89/><D135/><U32/><E70/><V29/><F100/><W54/><G102/><T28/><D71/><U110/><E33/><V67/><F66/><W16/><G7/><T74/><D28/><U111/><E76/><V68/><F29/><W9/><G36/><T108/><D108/><N who="1" m="41515" /><E39/><V13/><REACH who="2" step="1"/><F79/><REACH who="2" ten="250,250,240,250" step="2"/><N who="3" m="44399" /><G112/><T86/><D65/><U5/><E10/><V62/><F62/><W91/><G113/><T78/><D89/><U21/><E30/><V105/><F105/><W75/><G119/><T133/><D133/><U134/><E134/><V27/><F27/><W90/><G90/><T38/><D104/><U128/><E24/><V22/><F22/><W98/><G117/><T2/><D2/><U88/><E21/><V106/><F106/><W80/><G98/><T84/><REACH who="0" step="1"/><D96/><REACH who="0" ten="240,250,240,250" step="2"/><U130/><E120/><V132/><F132/><W52/><G54/><AGARI ba="0,2" hai="38,42,47,51,54,58,74,78,83,84,86,87,124,127" machi="54" ten="40,12000,1" yaku="1,1,2,1,52,1,53,1" doraHai="107" doraHaiUra="69" who="0" fromWho="3" sc="240,140,250,0,240,0,250,-120" /><INIT seed="0,1,0,0,5,125" ten="380,250,240,130" oya="0" hai0="79,108,70,30,7,39,82,113,74,57,77,121,131" hai1="106,110,25,67,122,101,16,75,90,95,20,14,73" hai2="61,107,4,42,126,96,10,109,54,6,62,45,36" hai3="127,40,49,100,130,19,63,116,69,5,0,76,115"/><T87/><D70/><U133/><E122/><V91/><F109/><W21/><G116/><T99/><D39/><U52/><E110/><V31/><F126/><W18/><G127/><T119/><D108/><U23/><E133/><V84/><F31/><W103/><G115/><T81/><D7/><U123/><E123/><V17/><F17/><W43/><G76/><T13/><D121/><U93/><E106/><V51/><F6/><W105/><G49/><T9/><D119/><U35/><E35/><V128/><F128/><W135/><G135/><T29/><D113/><U11/><E67/><V33/><F33/><W28/><G28/><T60/><D99/><U120/><E120/><V85/><F85/><W41/><G5/><T46/><D46/><U92/><E101/><V134/><F96/><W3/><G63/><T47/><D47/><U58/><E90/><V53/><F107/><W102/><G69/><T124/><D131/><U72/><REACH who="1" step="1"/><E25/><REACH who="1" ten="380,240,240,130" step="2"/><V129/><F134/><W112/><G105/><T104/><D104/><U22/><E22/><V66/><F129/><W48/><G130/><T15/><D124/><U56/><E56/><V59/><F66/><W89/><G89/><T88/><D88/><U44/><E44/><V71/><F71/><W118/><G118/><T8/><D9/><U24/><E24/><V27/><F27/><W55/><G112/><T2/><D8/><U78/><E78/><V132/><F132/><W26/><REACH who="3" step="1"/><G18/><REACH who="3" ten="380,240,240,120" step="2"/><T83/><D79/><U111/><E111/><V114/><F91/><W1/><G1/><T50/><D2/><U37/><E37/><RYUUKYOKU ba="1,2" sc="380,-15,240,15,240,-15,120,15" hai1="11,14,16,20,23,52,58,72,73,75,92,93,95" hai3="0,3,19,21,26,40,41,43,48,55,100,102,103" /><INIT seed="1,2,2,4,3,133" ten="365,255,225,135" oya="1" hai0="90,11,96,55,61,84,117,13,123,120,59,0,10" hai1="27,62,44,28,43,68,49,88,135,118,112,104,33" hai2="103,79,119,31,54,114,35,17,116,70,132,25,51" hai3="46,18,23,39,29,78,38,107,76,99,127,100,16"/><U122/><E135/><V131/><F70/><W85/><G29/><T67/><D117/><U24/><E118/><V108/><F108/><W3/><G3/><T60/><D96/><U102/><E112/><V52/><F132/><W89/><G127/><T63/><D0/><U45/><E122/><N who="0" m="46633" /><D67/><U15/><E27/><V50/><F131/><W8/><G8/><N who="0" m="3115" /><D13/><U98/><E15/><V40/><F40/><W105/><G105/><T126/><D126/><U6/><E6/><V47/><F17/><W125/><G125/><T9/><N who="0" m="3123" /><T4/><DORA hai="48" /><D4/><U91/><E45/><V111/><F111/><W2/><G2/><T95/><AGARI ba="2,2" hai="55,59,60,61,63,84,90,95" m="3123,46633" machi="95" ten="40,2700,0" yaku="13,1,52,1" doraHai="133,48" who="0" fromWho="0" sc="365,53,255,-15,225,-9,135,-9" /><INIT seed="2,0,0,2,2,22" ten="418,240,216,126" oya="2" hai0="45,20,102,46,7,131,23,121,2,118,13,36,133" hai1="124,129,79,60,123,92,76,24,82,80,8,95,87" hai2="44,115,27,97,68,94,120,111,71,28,53,43,41" hai3="70,107,49,26,127,81,25,74,6,77,14,88,75"/><V126/><F115/><W16/><G74/><T58/><D121/><U63/><E123/><V106/><F106/><W125/><G70/><T64/><D2/><U116/><E116/><V108/><F120/><W69/><G69/><N who="2" m="26697" /><F126/><N who="3" m="48139" /><G107/><T119/><D7/><U85/><E124/><V1/><F53/><W90/><G6/><T67/><D13/><U100/><E8/><V31/><F31/><W117/><G49/><T11/><D11/><U19/><E129/><V47/><F1/><W30/><G117/><T37/><D58/><U56/><E100/><N who="2" m="60471" /><F44/><W42/><G42/><T52/><D102/><U99/><E99/><V89/><F89/><N who="3" m="34411" /><G30/><T105/><D105/><U103/><E103/><V86/><F86/><W59/><G59/><T93/><D93/><U84/><E84/><V57/><F57/><W113/><G113/><T112/><D112/><U104/><E104/><V55/><F55/><W15/><G15/><T12/><D12/><U40/><E40/><V91/><F91/><W72/><G72/><T61/><D52/><U39/><E56/><V130/><F130/><W10/><AGARI ba="0,0" hai="10,14,16,25,26,75,77,81" m="34411,48139" machi="10" ten="30,8000,1" yaku="18,1,52,2,54,2" doraHai="22" who="3" fromWho="3" sc="418,-20,240,-20,216,-40,126,80" /><INIT seed="3,0,0,3,3,6" ten="398,220,176,206" oya="3" hai0="127,40,34,78,113,12,130,132,115,54,88,66,100" hai1="70,121,109,84,72,64,68,131,10,50,91,87,101" hai2="48,36,73,13,7,33,15,77,3,42,117,27,41" hai3="108,38,97,89,26,55,56,119,32,65,14,102,118"/><W37/><G65/><T23/><D34/><U103/><E121/><V110/><F110/><W75/><G75/><T107/><D40/><U116/><E109/><V81/><F117/><W112/><G112/><T111/><D78/><U123/><E116/><V85/><F42/><W93/><G108/><T29/><D100/><U39/><E123/><V25/><F85/><W44/><G37/><T105/><D127/><U83/><E72/><V60/><F48/><W0/><G0/><T8/><D130/><U18/><E131/><V45/><F60/><W133/><G133/><T53/><D66/><U24/><E39/><V52/><F52/><N who="0" m="20074" /><D23/><U125/><E125/><V46/><F46/><W128/><G128/><T135/><D29/><U49/><E64/><V67/><F67/><W57/><G57/><T61/><D61/><U134/><E134/><N who="0" m="51241" /><D88/><U5/><E68/><V11/><F33/><W35/><G35/><T126/><D126/><U17/><E70/><V43/><F43/><W122/><G44/><T124/><D124/><U82/><E91/><V59/><F59/><W86/><G38/><T92/><D92/><U99/><E103/><V30/><F30/><W51/><G122/><T98/><D98/><U106/><E99/><V4/><F4/><W71/><G71/><T120/><D120/><U74/><E101/><V19/><F15/><W2/><G14/><T90/><D111/><U96/><E5/><V62/><F62/><W58/><G58/><T28/><D28/><U76/><E50/><V1/><F1/><W21/><G2/><T69/><D69/><U31/><E49/><RYUUKYOKU ba="0,0" sc="398,-10,220,-10,176,30,206,-10" hai2="3,7,11,13,19,25,27,36,41,45,73,77,81" /><INIT seed="4,1,0,5,4,121" ten="388,210,206,196" oya="0" hai0="111,9,17,65,128,76,18,77,123,41,4,92,93" hai1="2,13,126,19,74,112,27,101,116,29,102,72,20" hai2="134,104,35,114,86,44,82,51,110,132,7,32,60" hai3="48,90,109,75,1,49,129,61,135,105,16,85,127"/><T8/><D123/><U108/><E116/><V53/><F104/><W28/><G75/><T83/><D65/><U52/><E108/><V24/><F114/><W78/><G78/><T3/><D128/><U33/><E112/><V71/><F7/><W117/><G117/><T15/><D77/><U118/><E118/><V79/><F24/><W36/><G36/><T38/><D111/><U89/><E2/><V87/><F87/><W107/><G28/><T80/><D83/><U14/><E126/><V37/><F37/><W100/><G61/><T133/><D133/><N who="2" m="51306" /><F110/><W81/><G1/><T130/><D130/><U30/><E30/><V98/><F98/><W106/><G129/><T113/><D18/><U131/><E131/><V119/><F119/><W88/><G100/><T99/><D99/><U56/><E13/><V95/><F95/><W62/><G135/><T40/><D113/><U91/><E74/><V43/><F43/><W59/><G127/><T50/><D41/><U63/><REACH who="1" step="1"/><E72/><REACH who="1" ten="388,200,206,196" step="2"/><V5/><F5/><W54/><G109/><T21/><D4/><U0/><E0/><V46/><F46/><W47/><G47/><N who="0" m="25959" /><D3/><U55/><E55/><V34/><F35/><W25/><REACH who="3" step="1"/><G90/><AGARI ba="1,1" hai="14,19,20,27,29,33,52,56,63,89,90,91,101,102" machi="90" ten="40,2600,0" yaku="1,1,54,1,53,0" doraHai="121" doraHaiUra="6" who="1" fromWho="3" sc="388,0,200,39,206,0,196,-29" /><INIT seed="5,0,0,2,2,19" ten="388,239,206,167" oya="1" hai0="58,53,132,119,110,59,121,84,94,81,20,68,34" hai1="36,130,47,80,44,95,16,65,105,89,7,43,27" hai2="12,122,2,76,73,99,77,72,18,90,117,120,134" hai3="96,48,39,15,104,75,126,83,64,30,101,0,124"/><U17/><E105/><V42/><F2/><W8/><G39/><T37/><D68/><U106/><E106/><V92/><F42/><W69/><G48/><T113/><D34/><U55/><E130/><V26/><F26/><W51/><G51/><T62/><D113/><U35/><E65/><V91/><F18/><W135/><G135/><T127/><D127/><U123/><E123/><V46/><F12/><W103/><G103/><T61/><D119/><U22/><E35/><V21/><F21/><W98/><G98/><T125/><D110/><U116/><E116/><V111/><F46/><W23/><G0/><T25/><D125/><U33/><E33/><V115/><F117/><W112/><G112/><T45/><D132/><U32/><E32/><V70/><F70/><W56/><G69/><T128/><D128/><U79/><E7/><V67/><F67/><W49/><G64/><T93/><D45/><U29/><E55/><V57/><F57/><W60/><G60/><T50/><D37/><U13/><E47/><V40/><F40/><W6/><G126/><T131/><D121/><U109/><E109/><V66/><F66/><W85/><G75/><T107/><D107/><U10/><E80/><V74/><F111/><W24/><G124/><T97/><D131/><U4/><REACH who="1" step="1"/><E79/><REACH who="1" ten="388,229,206,167" step="2"/><N who="2" m="30283" /><F134/><W88/><G49/><T1/><D50/><U63/><E63/><V78/><F115/><W38/><G38/><T118/><D118/><U14/><E14/><V71/><F71/><W108/><G108/><T41/><D62/><U114/><E114/><V86/><F78/><W31/><G56/><RYUUKYOKU ba="0,1" sc="388,-30,229,10,206,10,167,10" hai1="4,10,13,16,17,22,27,29,36,43,44,89,95" hai2="72,73,74,86,90,91,92,99,120,122" hai3="6,8,15,23,24,30,31,83,85,88,96,101,104" /><INIT seed="5,1,1,1,3,35" ten="358,239,216,177" oya="1" hai0="76,87,86,10,54,39,120,107,56,65,129,94,116" hai1="28,4,119,47,90,41,103,98,73,106,121,11,9" hai2="102,30,25,83,19,117,82,66,62,22,96,75,43" hai3="127,68,63,112,91,130,15,89,110,17,69,59,72"/><U122/><E119/><V113/><F117/><W70/><G110/><T132/><D116/><U79/><E28/><V124/><F124/><W126/><G72/><T23/><D39/><U31/><E31/><V37/><F113/><W5/><G5/><T114/><D107/><U21/><E21/><V49/><F37/><W3/><G3/><T88/><D129/><U71/><E71/><N who="3" m="18178" /><W0/><DORA hai="80" /><G0/><T40/><D40/><U12/><E11/><V92/><F75/><W18/><G18/><T50/><D132/><U105/><E105/><V38/><F38/><W1/><G1/><T93/><D120/><U123/><E90/><V46/><REACH who="2" step="1"/><F19/><REACH who="2" ten="358,239,206,177" step="2"/><W135/><G135/><T125/><D125/><N who="3" m="47625" /><G130/><T51/><D114/><U61/><E73/><V81/><F81/><W74/><G74/><T118/><D118/><U111/><E123/><V95/><F95/><W78/><G78/><T108/><D76/><U27/><E79/><V36/><F36/><W57/><G112/><T14/><D94/><U134/><E122/><V67/><F67/><N who="3" m="39407" /><G59/><AGARI ba="1,2" hai="22,25,30,43,46,49,59,62,66,82,83,92,96,102" machi="59" ten="30,12000,2" yaku="1,1,7,1,25,2,8,1,53,1" doraHai="35,80" doraHaiUra="7,53" who="2" fromWho="3" sc="358,0,239,0,206,143,177,-123" /><INIT seed="6,0,0,2,4,43" ten="358,239,349,54" oya="2" hai0="98,50,107,10,77,68,64,48,11,130,86,53,39" hai1="128,57,52,36,2,132,109,65,92,95,70,115,41" hai2="32,135,103,96,113,22,134,56,111,60,74,67,131" hai3="28,45,3,129,83,7,91,0,15,85,18,87,84"/><V104/><F113/><W37/><G129/><T12/><D39/><U102/><E115/><V82/><F131/><W76/><G28/><T117/><D130/><U122/><E128/><V71/><F111/><W5/><G3/><T106/><D64/><U49/><E109/><V4/><F22/><W62/><G62/><T78/><D98/><U42/><E2/><V58/><F4/><W38/><G38/><T33/><D86/><U89/><E132/><N who="2" m="50731" /><F32/><W16/><G85/><T51/><D68/><U26/><E122/><V124/><F124/><W120/><G120/><T59/><D117/><U20/><E102/><V88/><F74/><W21/><G18/><T110/><D33/><U112/><E112/><V75/><F75/><W121/><G121/><T14/><D110/><U61/><E89/><V24/><F24/><W133/><G133/><T54/><D51/><U105/><E105/><V17/><F17/><W123/><G123/><T72/><D72/><U114/><E114/><V27/><F27/><W99/><G99/><T55/><D55/><U8/><E8/><V30/><F30/><W47/><G37/><T1/><D1/><U94/><REACH who="1" step="1"/><E36/><REACH who="1" ten="358,229,349,54" step="2"/><V46/><F46/><N who="3" m="17419" /><G0/><T13/><D11/><U79/><E79/><V126/><F126/><W44/><N who="3" m="17427" /><W80/><AGARI ba="0,1" hai="5,7,15,16,21,76,80,83,84,87,91" m="17427" machi="80" ten="40,12000,2" yaku="4,1,8,1,52,4,54,1" doraHai="43" who="3" fromWho="3" sc="358,-30,229,-30,349,-60,54,130" /><INIT seed="7,0,0,0,2,48" ten="328,199,289,184" oya="3" hai0="130,135,54,35,111,118,67,22,83,41,17,88,116" hai1="26,44,108,122,84,56,103,97,20,106,6,134,98" hai2="93,133,50,43,38,113,73,36,37,89,66,87,10" hai3="13,39,62,68,14,79,40,32,63,34,121,3,61"/><W74/><G121/><T25/><D67/><U42/><E122/><V23/><F73/><W30/><G3/><T71/><D41/><U124/><E108/><V81/><F66/><W2/><G2/><T101/><D101/><U8/><E134/><V27/><F10/><W131/><G68/><T91/><D35/><U99/><E124/><V104/><F104/><W9/><G34/><T96/><D54/><U107/><E84/><V7/><F7/><W90/><G90/><T59/><D59/><U21/><E56/><V119/><F119/><W100/><G100/><T31/><D130/><U49/><E107/><V33/><F33/><W82/><G131/><T77/><D91/><U80/><E80/><V57/><F133/><W64/><G64/><T70/><D111/><U72/><E72/><V120/><F113/><W47/><REACH who="3" step="1"/><G9/><REACH who="3" ten="328,199,289,174" step="2"/><T95/><D71/><U123/><E123/><V117/><F120/><W29/><G29/><T12/><D70/><U5/><E21/><V28/><F117/><W58/><G58/><T110/><D110/><U51/><E8/><V69/><F69/><W94/><G94/><T112/><D135/><U86/><E103/><V129/><F129/><W76/><G76/><T115/><D118/><U1/><E106/><V45/><F57/><W125/><G125/><T19/><D116/><U46/><E1/><V0/><F0/><W105/><G105/><T60/><D31/><U102/><E102/><V109/><F109/><W18/><G18/><T4/><D19/><N who="1" m="12575" /><E6/><V16/><F16/><W114/><G114/><N who="0" m="43563" /><D4/><U55/><E5/><V92/><AGARI ba="0,1" hai="23,27,28,36,37,38,43,45,50,81,87,89,92,93" machi="92" ten="40,2700,0" yaku="5,1,0,1" doraHai="48" who="2" fromWho="2" sc="328,-7,199,-7,289,37,174,-13" owari="321,12.1,192,-20.8,326,42.6,161,-33.9" /></mjloggm>