<mjloggm ver="2.3"><GO type="137" lobby="0"/><UN n0="%E3%81%8A%E3%81%8F%E3%82%89%30" n1="%E3%81%B2%E3%81%B5%E3%81%BF%E3%81%95%E3%82%93" n2="%49%4E%4F%4F%41" n3="%E2%93%9D%4C%75%63%6B%79%4A" dan="12,12,13,12" rate="1667.88,1701.18,1693.72,1824.51" sx="M,M,M,M"/><TAIKYOKU oya="0"/><INIT seed="0,0,0,2,0,106" ten="250,250,250,250" oya="0" hai0="90,23,31,0,102,109,123,105,47,50,67,55,3" hai1="121,133,61,52,29,41,64,65,88,4,71,51,131" hai2="25,20,45,32,81,116,93,17,11,114,16,76,69" hai3="85,39,9,56,27,14,127,92,26,82,110,5,34"/><T40/><D123/><U112/><E121/><V48/><F116/><W94/><G39/><T125/><D125/><U103/><E112/><V96/><F114/><W118/><G118/><T66/><D105/><U10/><E103/><V78/><F69/><W6/><G110/><T130/><D102/><U73/><E73/><V84/><F32/><W18/><G127/><T37/><D130/><U89/><E133/><V60/><F60/><W97/><G56/><T70/><D3/><U80/><E65/><V72/><F72/><W87/><G87/><T100/><D0/><U24/><E80/><V33/><F33/><W74/><G74/><T38/><D100/><U46/><E131/><V119/><F119/><W68/><G68/><T83/><D37/><U107/><E107/><V101/><F11/><W36/><G36/><T113/><D70/><U129/><E41/><N who="2" m="24623" /><F17/><W21/><G6/><T77/><D90/><AGARI ba="0,0" hai="16,20,25,76,78,81,84,90,93,96,101" m="24623" machi="90" ten="30,2000,0" yaku="8,1,54,1" doraHai="106" who="2" fromWho="0" sc="250,-20,250,0,250,20,250,0" /><INIT seed="1,0,0,1,0,51" ten="230,250,270,250" oya="1" hai0="123,64,135,62,49,43,126,89,111,113,21,120,134" hai1="76,116,131,124,37,97,108,39,96,22,67,112,70" hai2="29,103,93,44,79,109,95,92,129,54,133,19,102" hai3="10,30,12,66,20,28,23,130,55,53,114,40,88"/><U118/><E76/><V104/><F109/><W4/><G114/><T87/><D113/><U47/><E22/><N who="3" m="8234" /><G66/><T45/><D111/><U115/><E97/><V78/><F104/><W58/><G40/><T46/><D21/><U13/><E13/><V8/><F29/><N who="3" m="11371" /><G130/><T110/><D110/><U73/><E73/><V34/><F34/><W1/><G1/><T99/><D99/><U5/><E5/><V100/><F129/><W65/><G65/><T63/><D126/><U101/><E131/><V2/><F2/><W15/><G58/><N who="0" m="36951" /><D63/><N who="1" m="40319" /><E124/><V52/><F133/><N who="0" m="50698" /><D46/><U125/><E125/><V107/><F107/><W9/><G88/><T75/><D75/><U91/><E91/><V132/><F132/><W122/><G122/><T80/><AGARI ba="0,0" hai="43,45,49,80,87,89,120,123" m="50698,36951" machi="80" ten="30,1100,0" yaku="20,1" doraHai="51" who="0" fromWho="0" sc="230,11,250,-5,270,-3,250,-3" /><INIT seed="2,0,0,0,4,10" ten="241,245,267,247" oya="2" hai0="56,1,40,11,68,21,48,107,115,59,54,96,50" hai1="15,62,130,45,65,57,102,91,116,122,117,35,3" hai2="6,71,135,118,46,37,47,80,5,123,97,4,126" hai3="63,105,26,82,111,84,53,131,0,106,16,66,30"/><V109/><F123/><W7/><G0/><T52/><D115/><U85/><E122/><V95/><F118/><W90/><G7/><T89/><D68/><U8/><E35/><V113/><F109/><W14/><G111/><T98/><D107/><U75/><E3/><V87/><F113/><W31/><G131/><T38/><D21/><U55/><E102/><V100/><F135/><W121/><G121/><T88/><D40/><U41/><E75/><V44/><F126/><W86/><G53/><T124/><D38/><U79/><E79/><V119/><F119/><W73/><G73/><T132/><D1/><U101/><E101/><V28/><F71/><W77/><G26/><T18/><D124/><U133/><E133/><V94/><F28/><W114/><G106/><T20/><D11/><U128/><E117/><V36/><REACH who="2" step="1"/><F95/><REACH who="2" ten="241,245,257,247" step="2"/><W83/><G114/><T42/><D132/><U134/><E116/><V92/><F92/><W127/><G127/><T69/><D69/><U23/><E134/><V51/><F51/><W76/><G105/><T112/><D112/><U103/><E130/><V27/><F27/><W108/><G108/><T58/><D42/><U32/><E128/><V104/><F104/><W78/><G31/><T17/><D59/><U60/><E41/><V70/><F70/><W74/><G30/><T39/><D39/><U125/><E57/><V67/><F67/><W72/><G74/><T24/><D18/><U19/><E65/><V110/><F110/><W93/><G72/><T33/><D33/><U99/><E125/><V22/><F22/><N who="3" m="11543" /><G93/><T43/><D43/><RYUUKYOKU ba="0,1" sc="241,10,245,-30,257,10,247,10" hai0="17,20,24,48,50,52,54,56,58,88,89,96,98" hai2="4,5,6,36,37,44,46,47,80,87,94,97,100" hai3="63,66,76,77,78,82,83,84,86,90" /><INIT seed="2,1,1,5,1,123" ten="251,215,267,257" oya="2" hai0="15,96,2,108,27,116,14,106,135,81,115,107,92" hai1="47,54,105,94,77,75,87,40,33,95,6,113,65" hai2="79,101,36,70,24,128,20,86,0,28,21,35,50" hai3="42,61,109,3,29,129,51,102,126,93,57,124,19"/><V103/><F128/><W43/><G3/><T100/><D2/><U62/><E113/><V130/><F130/><W45/><G29/><T46/><D116/><U68/><E105/><V37/><F70/><W12/><G129/><T114/><D135/><U69/><E33/><V25/><F0/><W32/><G32/><T58/><D46/><U125/><E125/><N who="3" m="48234" /><G93/><T60/><D115/><U73/><E73/><V89/><F79/><W13/><G102/><T44/><D114/><U4/><E75/><V83/><F35/><W26/><G43/><T59/><D59/><U49/><E69/><V90/><F37/><W8/><G13/><T133/><D133/><U122/><E122/><V84/><F36/><W63/><G26/><T134/><D134/><U64/><E64/><V52/><F25/><W55/><G63/><T11/><D108/><AGARI ba="1,1" hai="8,12,19,42,45,51,55,57,61,108,109" m="48234" machi="108" ten="30,3900,0" yaku="18,1,52,2" doraHai="123" who="3" fromWho="0" sc="251,-42,215,0,267,0,257,52" /><INIT seed="3,0,0,0,3,56" ten="209,215,267,309" oya="3" hai0="57,111,21,67,119,11,8,6,125,45,90,74,113" hai1="116,100,34,112,55,85,31,50,126,51,97,49,127" hai2="83,131,101,0,109,41,92,80,132,69,1,122,135" hai3="4,114,14,46,110,105,35,117,62,40,95,44,108"/><W22/><G105/><T52/><D119/><U33/><E112/><V2/><F122/><W121/><G121/><T123/><D113/><U9/><E116/><V96/><F109/><N who="3" m="42091" /><G114/><T32/><D32/><U89/><E31/><V133/><F69/><W102/><G35/><T106/><D106/><U88/><E9/><V70/><F70/><W19/><G117/><T77/><D125/><N who="1" m="47627" /><E55/><V26/><F131/><W72/><G72/><T10/><D123/><U43/><E43/><V124/><F124/><W30/><G30/><T103/><D103/><U48/><N who="1" m="12288" /><DORA hai="39" /><U12/><E12/><V29/><REACH who="2" step="1"/><F41/><REACH who="2" ten="209,215,257,309" step="2"/><W76/><G40/><T27/><D111/><U68/><E68/><V64/><F64/><W16/><G46/><T42/><D67/><U18/><E18/><V17/><F17/><W94/><G19/><T84/><D45/><U81/><E89/><V86/><F86/><W53/><G44/><T61/><D42/><U78/><E78/><V82/><F82/><W120/><G120/><T60/><D77/><U107/><AGARI ba="0,1" hai="33,34,81,85,88,97,100,107" m="12288,47627" machi="107" ten="50,3200,0" yaku="18,1,54,1" doraHai="56,39" who="1" fromWho="1" sc="209,-8,215,42,257,-8,309,-16" /><INIT seed="4,0,0,3,3,47" ten="201,257,249,293" oya="0" hai0="121,118,73,93,33,67,23,101,130,30,40,113,91" hai1="27,124,0,126,135,133,100,123,85,64,62,102,36" hai2="114,14,116,1,90,4,42,44,48,61,110,38,115" hai3="75,8,51,15,19,117,127,128,108,82,32,17,69"/><T63/><D121/><U59/><E0/><V31/><F116/><W25/><G69/><T97/><D118/><U45/><E85/><V105/><F110/><W66/><G66/><T98/><D113/><N who="2" m="43018" /><F105/><W37/><G37/><T68/><D73/><U107/><E27/><V112/><F1/><W3/><G127/><N who="1" m="48682" /><E123/><V53/><F31/><W99/><G3/><T134/><D130/><U132/><E107/><V106/><F106/><W11/><G128/><T21/><D134/><N who="1" m="34307" /><U71/><DORA hai="56" /><E102/><V92/><F112/><W122/><G25/><T72/><D72/><U6/><E100/><V54/><F38/><W77/><G122/><T104/><REACH who="0" step="1"/><D40/><REACH who="0" ten="191,257,249,293" step="2"/><N who="1" m="22663" /><E6/><V109/><F109/><W52/><G108/><T55/><D55/><U96/><E96/><N who="2" m="57367" /><F53/><W119/><G99/><T120/><D120/><U70/><AGARI ba="0,1" hai="59,62,64,70,71" m="22663,34307,48682" machi="70" ten="50,8000,1" yaku="18,1,20,1,34,2,52,1" doraHai="47,56" who="1" fromWho="1" sc="191,-40,257,90,249,-20,293,-20" /><INIT seed="5,0,0,2,4,32" ten="151,347,229,273" oya="1" hai0="80,64,23,72,118,99,94,10,16,24,86,43,71" hai1="102,61,35,42,90,0,13,58,14,21,2,18,26" hai2="36,111,57,40,33,49,19,66,48,125,69,56,127" hai3="112,103,126,114,27,46,106,9,110,4,85,119,38"/><U11/><E42/><V41/><F33/><W6/><G110/><T55/><D118/><U20/><E102/><V95/><F111/><W108/><G6/><T31/><D72/><U62/><E90/><V87/><F87/><W130/><G130/><T82/><D43/><N who="2" m="16458" /><F95/><W84/><G126/><N who="2" m="48137" /><F19/><W120/><G120/><T77/><D82/><U93/><E93/><V134/><F134/><W121/><G121/><T60/><D55/><U65/><E62/><N who="2" m="40151" /><F36/><W1/><G38/><T30/><REACH who="0" step="1"/><D10/><REACH who="0" ten="141,347,229,273" step="2"/><U116/><E116/><V105/><F105/><W15/><G106/><T54/><D54/><U7/><E35/><V37/><F37/><W132/><G119/><T8/><D8/><U117/><E117/><V74/><F74/><W107/><G9/><T50/><D50/><AGARI ba="0,1" hai="48,49,50,56,57" m="40151,48137,16458" machi="50" ten="30,3900,0" yaku="18,1,34,2" doraHai="32" who="2" fromWho="0" sc="141,-39,347,0,229,49,273,0" /><INIT seed="6,0,0,1,0,45" ten="102,347,278,273" oya="2" hai0="59,83,29,49,60,62,123,8,132,31,114,135,72" hai1="35,61,66,94,55,92,22,120,74,47,51,0,3" hai2="26,28,84,103,67,39,77,104,117,101,124,115,17" hai3="131,30,78,42,23,25,19,111,80,88,90,20,107"/><V130/><F117/><W15/><G111/><T93/><D123/><U5/><E74/><V122/><F122/><W95/><G107/><T57/><D114/><U63/><E35/><V24/><F115/><W128/><G42/><T10/><D93/><U127/><E127/><V119/><F124/><W16/><G30/><T13/><D13/><U2/><E63/><V71/><F119/><W125/><G125/><T34/><D83/><U85/><E120/><V75/><F75/><W9/><G9/><T1/><D72/><U82/><E5/><V116/><F116/><W52/><G52/><T81/><D81/><U108/><E22/><N who="2" m="15383" /><F39/><W48/><G48/><T79/><D79/><U37/><E108/><V36/><F36/><W91/><REACH who="3" step="1"/><G95/><REACH who="3" ten="102,347,278,263" step="2"/><T38/><D38/><U89/><E37/><V6/><F104/><W76/><G76/><T134/><D134/><U113/><E113/><V40/><F130/><W121/><G121/><T14/><D14/><U102/><E102/><V32/><F103/><W43/><G43/><T99/><D99/><U118/><E118/><V46/><F101/><W106/><G106/><T69/><D1/><U64/><E64/><V68/><F67/><W58/><G58/><T56/><D56/><U86/><E66/><V4/><F68/><W21/><G21/><T110/><D110/><U33/><E94/><V65/><F71/><W53/><G53/><T109/><D69/><U98/><E92/><V50/><F65/><W100/><G100/><T11/><D109/><U54/><E55/><V7/><F32/><W18/><G18/><T126/><D126/><RYUUKYOKU ba="0,1" sc="102,-10,347,-10,278,-10,263,30" hai3="15,16,19,20,23,25,78,80,88,90,91,128,131" /><INIT seed="7,1,1,5,4,125" ten="92,337,268,293" oya="3" hai0="68,124,115,9,110,21,20,91,44,71,116,17,39" hai1="69,87,42,118,14,15,62,121,75,111,97,27,100" hai2="90,119,19,132,57,95,32,83,24,122,135,4,35" hai3="23,18,52,103,36,76,46,112,16,104,88,117,89"/><W64/><G117/><T22/><D124/><U2/><E75/><V56/><F122/><W99/><G64/><T70/><D116/><U60/><E42/><V130/><F119/><W86/><G112/><T63/><D115/><U58/><E2/><V109/><F109/><W74/><G89/><T28/><D110/><U78/><E69/><V128/><F4/><W43/><G52/><T11/><D63/><U72/><E72/><V1/><F1/><W13/><G74/><T80/><D28/><U65/><E121/><V30/><F19/><W120/><G120/><T5/><D91/><U6/><E62/><V53/><F83/><W59/><G59/><N who="2" m="22601" /><F35/><W102/><G103/><T31/><D80/><N who="1" m="47511" /><E6/><V107/><F53/><W96/><G99/><T73/><D73/><U49/><E118/><V45/><F45/><W48/><G18/><T131/><D31/><U29/><E49/><V34/><F34/><W10/><G76/><T84/><D17/><U81/><E81/><V127/><F127/><W126/><G126/><T41/><D84/><U51/><E51/><V85/><F107/><W133/><G133/><AGARI ba="1,1" hai="24,30,32,85,90,95,128,130,132,133,135" m="22601" machi="133" ten="30,3900,0" yaku="20,1,52,2" doraHai="125" who="2" fromWho="3" sc="92,0,337,0,268,52,293,-42" owari="92,-40.8,337,43.7,320,12.0,251,-14.9" /></mjloggm>