<mjloggm ver="2.3"><GO type="41" lobby="0"/><UN n0="%61%73%61%64%61%31%32" n1="%E2%93%9D%4C%75%63%6B%79%4A" n2="%E3%82%88%E3%81%97%E3%82%84%E3%82%8B%E8%94%B5" n3="%E3%83%A9%E3%82%B9%E3%82%AD%E3%83%B3%E3%82%B0" dan="15,18,14,14" rate="2062.25,2228.51,1961.88,1948.38" sx="M,M,M,M"/><TAIKYOKU oya="0"/><INIT seed="0,0,0,1,5,72" ten="250,250,250,250" oya="0" hai0="8,104,7,67,58,74,95,119,71,80,62,116,78" hai1="53,50,86,25,127,20,31,59,134,44,57,19,30" hai2="56,5,32,55,49,22,13,90,26,121,73,14,0" hai3="131,126,61,87,125,40,54,117,98,84,96,39,64"/><T99/><D58/><U29/><E127/><V91/><F32/><W93/><G117/><T132/><D132/><U120/><E120/><V124/><F124/><W60/><G131/><T122/><D122/><U135/><REACH who="1" step="1"/><E86/><REACH who="1" ten="250,240,250,250" step="2"/><V43/><F121/><W36/><G126/><T23/><D23/><U66/><E66/><V83/><F0/><W76/><G125/><T129/><D129/><U82/><E82/><V105/><F5/><W69/><G87/><T77/><D104/><U6/><E6/><V37/><F105/><W113/><G64/><T42/><D42/><U41/><E41/><V79/><F43/><W45/><G84/><T123/><D123/><U92/><E92/><V24/><F37/><W18/><G40/><T33/><D33/><U133/><AGARI ba="0,1" hai="19,20,25,29,30,31,44,50,53,57,59,133,134,135" machi="133" ten="40,8000,1" yaku="1,1,0,1,20,1,53,1" doraHai="72" doraHaiUra="47" who="1" fromWho="1" sc="250,-40,240,90,250,-20,250,-20" /><INIT seed="1,0,0,3,3,88" ten="210,330,230,230" oya="1" hai0="134,121,20,17,119,37,47,74,75,68,115,105,70" hai1="86,1,58,5,36,128,135,111,125,99,9,34,52" hai2="39,65,15,42,103,32,72,98,118,92,95,53,79" hai3="132,117,73,50,2,91,83,24,67,14,43,80,116"/><U113/><E113/><V55/><F118/><W90/><G2/><T41/><D119/><U56/><E36/><V38/><F32/><W66/><G132/><T28/><D115/><U31/><E135/><V120/><F120/><W61/><G24/><T78/><D134/><U129/><E58/><V25/><F65/><W122/><G122/><T71/><D121/><U108/><E86/><V76/><F72/><W33/><G33/><T64/><D105/><U3/><E125/><V127/><F25/><W69/><G14/><T101/><D101/><U106/><E3/><V29/><F29/><W26/><G26/><T63/><D28/><U107/><E31/><V6/><F42/><W112/><G112/><T51/><D20/><U102/><E107/><V18/><F6/><W40/><G50/><T110/><D17/><U93/><E106/><V104/><F104/><W131/><G61/><T85/><D110/><N who="1" m="42027" /><E34/><V45/><F127/><W126/><G126/><T13/><D13/><U10/><E10/><V89/><F39/><W94/><G73/><T124/><D124/><U84/><E84/><N who="2" m="52263" /><F38/><W49/><G49/><AGARI ba="0,0" hai="1,5,9,49,52,56,93,99,102,128,129" m="42027" machi="49" ten="30,11600,0" yaku="14,1,10,1,52,1,54,1" doraHai="88" who="1" fromWho="3" sc="210,0,330,116,230,0,230,-116" /><INIT seed="1,1,0,3,3,25" ten="210,446,230,114" oya="1" hai0="32,2,116,103,117,89,83,38,67,33,74,64,36" hai1="29,4,82,68,53,79,73,10,9,39,30,5,61" hai2="27,47,58,50,3,69,14,128,7,131,76,15,46" hai3="134,95,121,8,35,65,99,24,45,75,126,112,22"/><U42/><E53/><V70/><F3/><W19/><G121/><T11/><D103/><U28/><E39/><V94/><F76/><W48/><G75/><T105/><D105/><U6/><REACH who="1" step="1"/><E42/><REACH who="1" ten="210,436,230,114" step="2"/><V86/><F131/><W132/><G112/><T72/><D38/><U93/><E93/><V23/><F128/><W44/><G126/><T31/><D36/><U87/><E87/><V57/><F86/><W56/><G134/><T88/><D83/><U92/><E92/><V49/><F94/><W71/><G132/><T34/><D74/><U119/><E119/><V98/><F98/><W59/><G99/><T60/><D72/><U84/><E84/><V125/><F125/><W40/><G95/><T26/><D116/><U54/><E54/><V129/><F129/><W21/><G40/><T90/><D117/><U101/><E101/><V63/><F47/><W85/><G85/><T118/><D118/><U18/><E18/><V41/><F7/><W104/><G19/><T102/><D102/><U110/><E110/><V113/><F113/><W12/><G45/><T135/><D135/><U124/><E124/><V43/><F43/><W81/><G44/><T66/><D60/><U96/><E96/><V77/><F41/><W115/><G115/><T1/><D11/><U80/><E80/><V13/><F46/><W120/><G81/><T37/><D37/><U55/><E55/><V0/><F63/><W111/><G111/><T109/><D109/><U52/><E52/><V17/><F50/><W114/><G48/><T133/><D133/><U51/><E51/><V16/><F49/><RYUUKYOKU ba="1,1" sc="210,15,436,15,230,-15,114,-15" hai0="1,2,26,31,32,33,34,64,66,67,88,89,90" hai1="4,5,6,9,10,28,29,30,61,68,73,79,82" /><INIT seed="1,2,1,5,5,87" ten="225,451,215,99" oya="1" hai0="31,129,113,29,81,64,88,15,66,47,119,131,124" hai1="93,0,58,95,12,79,94,121,4,42,92,45,51" hai2="78,17,9,26,30,60,130,123,27,106,73,69,23" hai3="109,65,135,44,34,28,32,112,40,77,54,76,125"/><U43/><E121/><V14/><F123/><W98/><G112/><T71/><D113/><U127/><E0/><V105/><F130/><N who="0" m="49674" /><D119/><U53/><E127/><V99/><F99/><W37/><G125/><T122/><D122/><U3/><E3/><V111/><F111/><W63/><G109/><T80/><D124/><U132/><E132/><V48/><F78/><W68/><G135/><T101/><D101/><U62/><N who="1" m="23552" /><DORA hai="74" /><U19/><E4/><V6/><F73/><W114/><G114/><T108/><D108/><U49/><E79/><V115/><F115/><W11/><G98/><T25/><D47/><U46/><E19/><V18/><F6/><W21/><G11/><T33/><D29/><U84/><E84/><V86/><F86/><W61/><G21/><T107/><D107/><U85/><E85/><V90/><F90/><W70/><G28/><T13/><D88/><U2/><E2/><V75/><F75/><W128/><G128/><T7/><D71/><U8/><E8/><V1/><F1/><W104/><G104/><T20/><D7/><U57/><E58/><V39/><F39/><W117/><G117/><T36/><D36/><U103/><E12/><N who="0" m="4681" /><D33/><U52/><REACH who="1" step="1"/><E103/><REACH who="1" ten="225,441,215,99" step="2"/><V102/><F102/><W35/><REACH who="3" step="1"/><G70/><REACH who="3" ten="225,441,215,89" step="2"/><T22/><D22/><U38/><E38/><V126/><F126/><W133/><G133/><T120/><D120/><U24/><E24/><V67/><F106/><W10/><G10/><T50/><D25/><U89/><E89/><V110/><F105/><W41/><G41/><AGARI ba="2,3" hai="41,42,43,45,46,49,51,52,53,57,62" m="23552" machi="41" ten="50,12000,1" yaku="1,1,8,1,54,1,53,1" doraHai="87,74" doraHaiUra="116,56" who="1" fromWho="3" sc="225,0,441,156,215,0,89,-126" owari="225,2.5,597,69.7,215,-18.5,-37,-53.7" /></mjloggm>