<mjloggm ver="2.3"><GO type="41" lobby="0"/><UN n0="%E3%80%8C%E8%B6%85%E5%AE%88%E5%82%99%E9%BA%BB%E9%9B%80%E3%80%8D" n1="%E8%9B%8D%E7%83%8F%E8%B3%8A" n2="%E2%93%9D%4C%75%63%6B%79%4A" n3="%E7%AB%9C%E7%8E%8B%E3%81%AE%E9%A1%8E" dan="13,13,17,15" rate="1883.66,1892.44,2137.28,2005.09" sx="M,M,M,F"/><TAIKYOKU oya="0"/><INIT seed="0,0,0,5,4,82" ten="250,250,250,250" oya="0" hai0="38,118,50,133,67,97,15,16,114,39,24,96,31" hai1="121,35,135,40,117,134,5,98,64,122,55,70,73" hai2="4,37,129,89,66,44,125,123,48,3,87,47,79" hai3="8,119,53,27,30,94,26,14,11,100,72,18,92"/><T113/><D118/><U111/><E73/><V130/><F123/><N who="1" m="47113" /><E35/><V54/><F66/><W103/><G72/><T0/><D0/><U77/><E77/><V33/><F33/><W86/><G119/><T57/><D133/><N who="1" m="50699" /><E5/><V1/><F79/><W25/><G30/><T101/><D113/><U60/><E117/><V115/><F115/><W84/><G53/><T42/><D114/><U61/><E98/><V131/><F125/><W88/><G11/><T6/><D6/><U78/><E78/><V128/><N who="2" m="32768" /><DORA hai="58" /><V13/><F37/><W105/><G105/><T10/><D97/><U62/><E111/><V83/><F47/><W127/><G127/><T2/><D2/><U126/><E126/><V85/><F87/><W12/><G14/><T91/><D91/><AGARI ba="0,0" hai="8,12,18,25,26,27,84,86,88,91,92,94,100,103" machi="91" ten="40,8000,1" yaku="9,1,8,1,52,2,54,1" doraHai="82,58" who="3" fromWho="0" sc="250,-80,250,0,250,0,250,80" /><INIT seed="1,0,0,2,0,72" ten="170,250,250,330" oya="1" hai0="6,82,132,87,21,51,77,91,109,32,96,5,88" hai1="81,52,112,122,107,94,133,97,8,43,60,19,16" hai2="44,36,50,93,134,80,113,45,23,56,7,125,28" hai3="15,95,33,78,46,54,48,111,100,104,79,9,10"/><U11/><E122/><V108/><F7/><W34/><G111/><T39/><D32/><U58/><E107/><V26/><F108/><W120/><G120/><T29/><D39/><U40/><E112/><V25/><F113/><W41/><G104/><T30/><D109/><U59/><E133/><V20/><F134/><W73/><G73/><T128/><D132/><U61/><E81/><V63/><F125/><W127/><G127/><T47/><D128/><U76/><E97/><V110/><F36/><W102/><G33/><T13/><D96/><U1/><E1/><V35/><F35/><W135/><G34/><T24/><D30/><U86/><E94/><V27/><F45/><W98/><G102/><T106/><D106/><U85/><REACH who="1" step="1"/><E52/><REACH who="1" ten="170,240,250,330" step="2"/><N who="2" m="34183" /><F93/><W0/><G135/><T131/><D131/><U62/><E62/><V17/><F80/><W75/><G54/><N who="0" m="30079" /><D5/><U64/><E64/><V119/><F110/><W130/><G0/><T53/><D53/><U65/><E65/><V83/><F83/><W71/><G130/><T55/><D55/><U74/><E74/><V92/><F92/><W31/><G75/><T49/><D49/><U66/><E66/><V126/><F50/><W115/><G48/><T117/><D117/><U69/><E69/><V105/><F105/><W38/><G71/><T37/><D37/><U103/><E103/><V129/><F129/><W123/><G100/><T124/><D124/><U3/><E3/><V114/><F126/><W57/><G98/><T84/><D84/><U18/><E18/><V99/><F99/><W118/><G115/><T101/><D101/><RYUUKYOKU ba="0,1" sc="170,15,240,15,250,-15,330,-15" hai0="6,13,21,24,29,77,82,87,88,91" hai1="8,11,16,19,40,43,58,59,60,61,76,85,86" /><INIT seed="1,1,1,3,2,49" ten="185,255,235,315" oya="1" hai0="70,54,87,80,43,63,67,93,116,126,89,42,112" hai1="18,62,0,64,56,6,36,115,109,40,91,3,8" hai2="23,55,107,102,69,122,44,129,31,24,127,90,130" hai3="105,66,125,35,124,32,133,71,131,97,13,2,86"/><U52/><E115/><V85/><F69/><W4/><G2/><T110/><D112/><U108/><E0/><V39/><F122/><W37/><G37/><T83/><D116/><U99/><E36/><V26/><F102/><W92/><G66/><T103/><D110/><N who="1" m="42603" /><E40/><V22/><F107/><W14/><G71/><T104/><D126/><U21/><E99/><V81/><F127/><W46/><G105/><T134/><D134/><U20/><E91/><V118/><F118/><W27/><G97/><T61/><D104/><U84/><E84/><V117/><F117/><W34/><G86/><T29/><D29/><U45/><E18/><V77/><F90/><W7/><G133/><T82/><REACH who="0" step="1"/><D103/><REACH who="0" ten="175,255,235,315" step="2"/><U15/><E3/><V41/><F130/><W72/><G131/><T53/><D53/><U128/><E128/><V100/><F100/><W94/><G125/><T59/><AGARI ba="1,2" hai="42,43,54,59,61,63,67,70,80,82,83,87,89,93" machi="59" ten="30,12000,2" yaku="1,1,0,1,52,1,53,3" doraHai="49" doraHaiUra="78" who="0" fromWho="0" sc="175,143,255,-61,235,-31,315,-31" /><INIT seed="2,0,0,0,0,74" ten="318,194,204,284" oya="2" hai0="42,98,26,93,61,34,1,11,17,65,114,89,124" hai1="82,78,64,62,110,67,2,22,10,122,127,4,20" hai2="79,36,109,120,100,35,32,56,117,63,107,13,101" hai3="129,119,99,76,80,51,39,6,95,83,8,7,91"/><V9/><F120/><W30/><G119/><T88/><D114/><U25/><E122/><V5/><F117/><W60/><G129/><T18/><D124/><U68/><E127/><V31/><F36/><W128/><G128/><T3/><D42/><U14/><E110/><V123/><F123/><W59/><G39/><T54/><D54/><U71/><E2/><V104/><F109/><W77/><G30/><T72/><D72/><U108/><E108/><V132/><F132/><W41/><G51/><T57/><D89/><U116/><E116/><V115/><F115/><W38/><G41/><T29/><REACH who="0" step="1"/><D1/><REACH who="0" ten="308,194,204,284" step="2"/><U121/><E121/><V103/><F79/><N who="3" m="30283" /><G38/><T75/><D75/><U24/><E67/><V48/><F48/><W69/><G69/><T55/><D55/><U86/><REACH who="1" step="1"/><E71/><REACH who="1" ten="308,184,204,284" step="2"/><V111/><F111/><W37/><G37/><T46/><D46/><U126/><E126/><V44/><F44/><W23/><G59/><T130/><D130/><U97/><E97/><V53/><F56/><W70/><G99/><T45/><D45/><U28/><E28/><V21/><F31/><W133/><G70/><T12/><D12/><U43/><E43/><V96/><F13/><W106/><G133/><T33/><D33/><U0/><E0/><V81/><F35/><W87/><G7/><AGARI ba="0,2" hai="3,7,11,17,18,26,29,34,57,61,65,88,93,98" machi="7" ten="40,5200,0" yaku="1,1,54,1,53,1" doraHai="74" doraHaiUra="84" who="0" fromWho="3" sc="308,72,184,0,204,0,284,-52" /><INIT seed="3,0,0,3,2,6" ten="380,184,204,232" oya="3" hai0="27,37,124,127,44,20,135,53,81,109,10,17,29" hai1="70,99,132,100,55,35,80,111,110,77,28,102,128" hai2="93,24,39,57,34,3,104,101,133,91,26,60,0" hai3="30,59,13,123,65,130,118,83,117,18,119,85,105"/><W9/><G130/><T122/><D122/><U15/><E70/><V21/><F39/><W78/><G123/><T32/><D109/><N who="1" m="41483" /><E128/><V54/><F104/><W126/><G105/><T63/><D135/><U114/><E114/><V86/><F133/><W107/><G107/><T11/><D81/><U115/><E115/><V113/><F113/><W67/><G126/><N who="0" m="48171" /><D63/><U88/><E132/><V16/><REACH who="2" step="1"/><F101/><REACH who="2" ten="380,184,194,232" step="2"/><W64/><REACH who="3" step="1"/><G30/><AGARI ba="0,1" hai="0,3,16,21,24,26,30,34,54,57,60,86,91,93" machi="30" ten="40,5200,0" yaku="1,1,2,1,54,1,53,0" doraHai="6" doraHaiUra="68" who="2" fromWho="3" sc="380,0,184,0,194,62,232,-52" /><INIT seed="4,0,0,4,0,27" ten="380,184,256,180" oya="0" hai0="119,91,25,131,42,0,70,114,21,47,107,71,106" hai1="14,110,88,83,85,53,35,58,19,124,57,33,59" hai2="11,111,52,61,24,62,46,48,6,108,81,8,2" hai3="74,78,80,51,49,135,31,125,30,134,84,105,64"/><T23/><D119/><U66/><E110/><V123/><F123/><W18/><G105/><T121/><D121/><U118/><E118/><V127/><F127/><W126/><G64/><T132/><D0/><U40/><E124/><N who="3" m="47722" /><G18/><T50/><D114/><U72/><E72/><V130/><F130/><W39/><G39/><T76/><D131/><U79/><E66/><V95/><F81/><W63/><G63/><T38/><D132/><N who="3" m="50729" /><G74/><T77/><D91/><U60/><E40/><V17/><F95/><W129/><G129/><T86/><D38/><U4/><E4/><V16/><F17/><W98/><G98/><T93/><D107/><U96/><E35/><V90/><F62/><W97/><G97/><T82/><D106/><U68/><E33/><V116/><F61/><W32/><G32/><T43/><D43/><U7/><E7/><V120/><F120/><W41/><G41/><T133/><D133/><U69/><E68/><V115/><F116/><W101/><G101/><T128/><D128/><U10/><E69/><V1/><F111/><W67/><G67/><T87/><D71/><U20/><E10/><V113/><F108/><W5/><G5/><T122/><D70/><U109/><E109/><V28/><F2/><W3/><G3/><T34/><D122/><U104/><E104/><V99/><F11/><W37/><G37/><T45/><D34/><U73/><E96/><V54/><F54/><W13/><G13/><T103/><D42/><U22/><E22/><N who="2" m="15383" /><F16/><W100/><G100/><T56/><D103/><U65/><E65/><V36/><F36/><W55/><G55/><RYUUKYOKU ba="0,0" sc="380,-30,184,10,256,10,180,10" hai1="14,19,20,53,57,58,59,60,73,79,83,85,88" hai2="1,6,8,46,48,52,90,99,113,115" hai3="30,31,49,51,78,80,84" /><INIT seed="5,1,0,5,0,3" ten="350,194,266,190" oya="1" hai0="79,52,94,63,0,17,16,121,34,103,128,102,112" hai1="20,66,98,76,46,23,124,2,36,96,111,99,129" hai2="53,47,123,106,15,119,127,135,9,25,85,40,77" hai3="68,101,24,6,32,117,88,14,49,8,29,28,26"/><U130/><E2/><V95/><F106/><W100/><G68/><T55/><D34/><U4/><E76/><V74/><F123/><W91/><G117/><T122/><D0/><U78/><E78/><V60/><F127/><W54/><G100/><T116/><D112/><U31/><E124/><V110/><F110/><W82/><G101/><T41/><D116/><U72/><E72/><V114/><F135/><W11/><G82/><T134/><D79/><U57/><E31/><V87/><F25/><W33/><REACH who="3" step="1"/><G11/><REACH who="3" ten="350,194,266,180" step="2"/><T83/><D102/><U104/><E104/><V43/><F9/><W67/><G67/><T61/><D83/><U12/><E111/><V81/><F81/><W132/><G132/><T48/><D134/><U64/><E64/><V118/><F119/><W65/><G65/><T75/><D103/><U108/><E108/><V80/><F80/><W89/><G89/><T120/><D75/><U13/><E66/><V71/><F74/><W70/><G70/><T1/><D120/><U27/><E27/><V105/><F71/><W7/><G7/><T21/><D121/><U73/><E73/><V18/><F118/><W97/><G97/><T37/><D122/><U58/><E4/><V35/><F77/><W84/><G84/><T86/><D86/><U93/><E93/><V38/><F95/><W10/><G10/><T69/><D94/><U131/><E23/><V125/><F87/><W109/><G109/><T51/><D21/><U115/><E20/><V107/><F85/><W44/><AGARI ba="1,1" hai="6,8,14,24,26,28,29,32,33,44,49,54,88,91" machi="44" ten="20,12000,2" yaku="1,1,0,1,7,1,9,1,52,1,54,1,53,1" doraHai="3" doraHaiUra="45" who="3" fromWho="3" sc="350,-31,194,-61,266,-31,180,133" /><INIT seed="6,0,0,3,0,118" ten="319,133,235,313" oya="2" hai0="7,67,104,23,80,134,78,19,64,101,33,95,87" hai1="57,34,115,99,63,41,42,25,97,16,107,47,93" hai2="2,58,9,37,3,13,8,1,109,20,91,46,89" hai3="43,119,112,61,111,84,108,15,116,94,49,83,48"/><V44/><F109/><W105/><G105/><T132/><D33/><U129/><E107/><V22/><F58/><W10/><G112/><T92/><D7/><U88/><E115/><V130/><F13/><W124/><G124/><T121/><D121/><U100/><E129/><V117/><F117/><W40/><G111/><T103/><D104/><U59/><E34/><V73/><F73/><W62/><G108/><T29/><D29/><U30/><E30/><V53/><F53/><W18/><G94/><N who="0" m="35883" /><D134/><U52/><E100/><N who="0" m="38473" /><D132/><U4/><E4/><V69/><F37/><W126/><G126/><T54/><D54/><U90/><E90/><V98/><F3/><W77/><G116/><T14/><AGARI ba="0,0" hai="14,19,23,64,67,78,80,87" m="38473,35883" machi="14" ten="30,1100,0" yaku="8,1" doraHai="118" who="0" fromWho="0" sc="319,11,133,-3,235,-5,313,-3" /><INIT seed="7,0,0,1,1,66" ten="330,130,230,310" oya="3" hai0="5,31,114,117,96,58,82,128,32,65,68,54,28" hai1="37,124,77,78,43,76,81,49,110,8,63,56,111" hai2="62,112,135,119,9,26,94,47,87,3,93,99,122" hai3="16,12,102,107,40,57,91,72,4,39,23,130,118"/><W97/><G118/><T13/><D117/><U33/><E33/><V129/><F119/><W127/><G72/><T18/><D5/><U25/><E37/><V120/><F47/><W105/><G130/><T17/><D128/><U20/><E124/><V83/><F26/><W95/><G127/><T104/><D114/><U50/><E43/><V133/><F62/><W0/><G40/><T75/><D75/><U73/><E73/><V30/><F30/><W103/><G39/><T10/><D82/><U131/><E131/><V100/><F9/><N who="3" m="4135" /><G0/><T123/><D123/><N who="2" m="47146" /><F3/><W109/><G107/><T69/><D18/><U89/><E110/><V48/><F48/><W15/><G105/><T46/><D46/><U67/><E111/><V24/><F24/><W90/><G109/><T45/><D45/><U14/><E89/><N who="3" m="33802" /><G57/><T106/><D106/><U64/><E81/><V42/><F42/><W6/><G6/><T92/><D104/><U19/><REACH who="1" step="1"/><E67/><REACH who="1" ten="330,120,230,310" step="2"/><V2/><F83/><W101/><AGARI ba="0,1" hai="15,16,23,95,97,101,102,103" m="33802,4135" machi="101" ten="30,3000,0" yaku="8,1,54,1" doraHai="66" who="3" fromWho="3" sc="330,-10,120,-10,230,-10,310,40" owari="320,12.0,110,-39.0,220,-18.0,350,45.0" /></mjloggm>