<mjloggm ver="2.3"><GO type="41" lobby="0"/><UN n0="%61%72%69%75%6D%61%35%39" n1="%E3%82%BF%E3%83%83%E3%83%97" n2="%E6%B7%B1%E5%A4%9C%E9%A3%9F%E5%A0%82" n3="%E2%93%9D%4C%75%63%6B%79%4A" dan="14,16,13,13" rate="1959.71,2078.80,1871.88,1945.46" sx="M,M,M,M"/><TAIKYOKU oya="0"/><INIT seed="0,0,0,0,1,101" ten="250,250,250,250" oya="0" hai0="94,105,131,13,106,7,1,100,107,2,70,79,118" hai1="87,112,30,99,34,0,62,32,33,23,93,119,82" hai2="115,109,83,17,78,43,8,41,67,122,26,113,72" hai3="5,4,71,121,36,68,40,38,25,45,98,20,35"/><T134/><D118/><U15/><E119/><V74/><F122/><W37/><G35/><T132/><D70/><U88/><E0/><V61/><F109/><W16/><G121/><T104/><D79/><U126/><E126/><V21/><F74/><W81/><G81/><T77/><D77/><U65/><E112/><V18/><F115/><W39/><REACH who="3" step="1"/><G98/><REACH who="3" ten="250,250,250,240" step="2"/><N who="0" m="59479" /><D131/><U49/><E33/><V55/><F113/><W47/><G47/><T66/><D66/><U135/><E135/><N who="0" m="51753" /><D107/><U64/><E64/><V123/><F123/><W63/><G63/><T102/><D102/><U28/><E62/><V50/><F67/><W42/><G42/><T133/><D133/><U14/><E65/><V48/><F61/><W80/><G80/><T54/><D54/><U114/><E114/><V3/><F50/><W51/><G51/><T6/><D13/><U84/><E14/><N who="2" m="7367" /><F72/><W57/><G57/><T60/><D60/><U75/><E75/><V127/><F127/><W10/><G10/><T95/><D95/><U89/><E49/><V125/><F125/><W92/><G92/><T31/><D31/><U73/><E73/><V129/><F129/><W128/><G128/><T116/><D116/><U96/><E30/><V22/><F3/><AGARI ba="0,1" hai="1,2,3,6,7,104,105,106" m="51753,59479" machi="3" ten="40,12000,1" yaku="20,1,52,3" doraHai="101" who="0" fromWho="2" sc="250,130,250,0,250,-120,240,0" /><INIT seed="0,1,0,5,5,96" ten="380,250,130,240" oya="0" hai0="115,84,108,6,9,42,89,71,82,59,15,101,53" hai1="34,120,90,23,7,111,41,55,131,67,126,104,68" hai2="26,70,19,87,64,32,62,5,134,8,10,16,72" hai3="56,97,20,2,129,30,65,99,80,12,123,112,14"/><T28/><D115/><U50/><E120/><V63/><F72/><W110/><G2/><T38/><D71/><U107/><E34/><V33/><F134/><W93/><G112/><T31/><D108/><U94/><E111/><V35/><F87/><W119/><G119/><T128/><D128/><U13/><E41/><V48/><F48/><W60/><G99/><T18/><D38/><U78/><E78/><V17/><F63/><W103/><G110/><T52/><D42/><U122/><E122/><V98/><F98/><W83/><G129/><T3/><D101/><U61/><E131/><V106/><F106/><W118/><G118/><T81/><D81/><N who="3" m="31305" /><G123/><T58/><D3/><U0/><E0/><N who="2" m="39" /><F62/><W39/><G39/><T37/><D6/><U27/><E126/><V73/><F73/><W77/><G77/><T113/><D113/><U133/><E13/><N who="2" m="7223" /><F64/><W46/><G46/><T36/><D36/><U51/><E7/><V86/><F86/><W24/><AGARI ba="1,0" hai="12,14,20,24,30,56,60,65,93,97,103" m="31305" machi="24" ten="30,4000,0" yaku="25,1,8,1,52,1" doraHai="96" who="3" fromWho="3" sc="380,-21,250,-11,130,-11,240,43" /><INIT seed="1,0,0,5,5,97" ten="359,239,119,283" oya="1" hai0="70,99,89,41,45,61,68,71,73,11,96,0,33" hai1="37,66,128,63,118,50,126,4,129,57,30,75,15" hai2="105,91,56,120,34,58,121,117,48,42,17,53,10" hai3="40,69,31,74,23,39,38,49,21,6,104,113,122"/><U51/><E75/><V1/><F105/><W82/><G69/><T108/><D33/><U20/><E37/><V114/><F117/><W107/><G6/><T43/><D73/><U134/><E118/><V28/><F114/><W47/><G113/><T52/><D108/><U12/><E126/><V85/><F42/><W101/><G122/><T8/><D0/><U94/><E134/><V135/><F135/><W18/><G31/><T67/><D89/><U133/><E133/><V132/><F132/><W115/><G23/><T79/><D79/><U123/><E123/><V112/><F112/><W110/><G107/><T65/><D99/><U125/><E94/><V5/><F17/><W2/><G2/><T22/><D96/><U95/><E95/><V92/><REACH who="2" step="1"/><F58/><REACH who="2" ten="359,239,109,283" step="2"/><W76/><G115/><T106/><D106/><U111/><E57/><V72/><F72/><W102/><G104/><T19/><D43/><U88/><E125/><V90/><F90/><W84/><G74/><T32/><D71/><U93/><E88/><V116/><F116/><W29/><G110/><T64/><D70/><U119/><E111/><V54/><F54/><W124/><G124/><T44/><D68/><U27/><E119/><V3/><F3/><W77/><G77/><T109/><D109/><U14/><E4/><V100/><F100/><N who="3" m="38507" /><G18/><T59/><D41/><U13/><N who="1" m="3072" /><DORA hai="80" /><U9/><E129/><V127/><F127/><W131/><G131/><T62/><D19/><U24/><E128/><V55/><F55/><W7/><G7/><T103/><D103/><U35/><E9/><V16/><F16/><RYUUKYOKU ba="0,1" sc="359,-15,239,-15,109,15,283,15" hai2="1,5,10,28,34,48,53,56,85,91,92,120,121" hai3="21,29,38,39,40,47,49,76,82,84" /><INIT seed="2,1,1,4,3,16" ten="344,224,124,298" oya="2" hai0="121,116,78,125,19,117,130,91,105,124,77,101,71" hai1="48,56,30,25,45,38,65,80,42,70,21,12,9" hai2="31,126,61,134,63,11,95,14,51,50,23,36,69" hai3="59,97,115,113,41,49,98,103,66,89,72,1,57"/><V85/><F36/><W40/><G1/><T22/><D71/><U133/><E133/><V52/><F69/><W8/><G72/><T86/><D121/><U76/><E70/><V43/><F134/><W99/><G8/><T94/><D130/><U109/><E109/><V102/><F126/><N who="0" m="48746" /><D19/><U79/><E65/><V92/><F43/><N who="3" m="16459" /><G89/><T119/><D22/><U60/><E38/><V75/><F75/><W129/><G129/><T17/><D17/><U62/><E56/><N who="3" m="21578" /><G49/><N who="2" m="18441" /><F52/><W32/><G32/><T44/><D44/><U55/><E55/><V20/><F31/><W132/><G66/><T37/><D37/><U110/><E110/><V0/><F0/><W82/><G82/><T88/><D91/><U106/><E106/><V47/><F47/><W28/><G28/><T64/><D64/><U93/><E93/><N who="2" m="35915" /><F102/><W83/><G132/><T114/><D114/><N who="3" m="43529" /><G83/><T87/><D87/><N who="1" m="48519" /><E79/><V39/><F85/><W46/><G46/><T73/><D73/><U107/><E107/><AGARI ba="1,1" hai="97,98,99,103,107" m="43529,21578,16459" machi="107" ten="30,1000,0" yaku="11,1" doraHai="16" who="3" fromWho="1" sc="344,0,224,-13,124,0,298,23" /><INIT seed="3,0,0,3,2,103" ten="344,211,124,321" oya="3" hai0="108,99,92,72,82,33,56,102,116,26,131,63,111" hai1="93,69,67,19,59,31,112,129,25,30,51,86,94" hai2="113,24,120,2,121,60,132,55,75,134,133,54,34" hai3="95,0,27,96,109,89,23,16,68,21,97,58,48"/><W13/><G68/><T61/><D116/><U80/><E112/><V49/><F75/><W43/><G0/><T81/><D33/><U98/><E129/><V73/><F73/><W83/><G109/><N who="0" m="42059" /><D131/><U101/><E69/><V119/><F119/><W22/><G83/><N who="0" m="31755" /><D72/><U32/><E31/><N who="2" m="19815" /><F2/><W36/><G36/><T65/><D63/><U45/><E19/><V76/><F76/><W29/><G43/><T130/><D130/><U128/><E128/><V77/><F77/><W18/><G48/><T3/><D26/><U135/><E135/><N who="2" m="34563" /><V90/><DORA hai="39" /><F90/><W10/><G58/><T7/><D3/><U42/><E59/><N who="2" m="34935" /><F113/><W124/><G124/><T28/><D7/><U37/><E67/><V15/><F15/><W110/><G110/><T12/><D12/><U105/><REACH who="1" step="1"/><E37/><REACH who="1" ten="344,201,124,321" step="2"/><V1/><F1/><W79/><G29/><AGARI ba="0,1" hai="28,29,56,61,65,92,99,102" m="31755,42059" machi="29" ten="30,1000,0" yaku="14,1" doraHai="103,39" who="0" fromWho="3" sc="344,20,201,0,124,0,321,-10" /><INIT seed="4,0,0,1,1,20" ten="364,201,124,311" oya="0" hai0="93,128,69,132,94,38,13,78,12,41,19,68,99" hai1="26,8,31,62,111,36,17,92,135,112,63,40,109" hai2="84,64,103,120,3,87,89,24,15,6,75,107,114" hai3="119,104,27,51,39,71,98,56,2,86,96,90,123"/><T129/><D132/><U102/><E135/><V0/><F120/><W61/><G39/><T9/><D78/><U113/><E36/><V28/><F114/><N who="1" m="44137" /><E40/><V79/><F75/><W65/><G2/><T133/><D133/><U53/><E17/><V91/><F79/><W83/><G119/><T35/><D35/><N who="1" m="20983" /><E8/><V47/><F64/><W34/><G123/><T45/><D13/><U100/><E100/><V130/><F130/><N who="0" m="50282" /><D94/><U14/><E14/><V106/><F103/><AGARI ba="0,0" hai="9,12,19,38,41,45,68,69,93,99,103" m="50282" machi="103" ten="30,1500,0" yaku="19,1" doraHai="20" who="0" fromWho="2" sc="364,15,201,0,124,-15,311,0" /><INIT seed="4,1,0,2,3,125" ten="379,201,109,311" oya="0" hai0="88,101,56,19,109,29,28,27,118,134,17,123,34" hai1="104,126,105,111,108,36,77,14,3,68,90,119,116" hai2="73,70,42,99,128,38,54,32,13,120,74,59,96" hai3="43,44,81,0,20,5,95,115,79,45,117,97,37"/><T69/><D69/><U63/><E3/><V8/><F70/><W64/><G115/><T65/><D123/><U75/><E36/><V23/><F120/><W46/><G117/><N who="1" m="45130" /><E14/><V21/><F32/><W6/><G64/><T107/><D118/><U52/><E52/><V131/><F38/><W89/><G20/><N who="2" m="7753" /><F42/><W66/><G66/><T106/><D109/><N who="1" m="42059" /><E63/><N who="2" m="36343" /><F73/><W127/><G127/><T85/><D65/><U47/><E47/><V35/><F35/><W124/><G124/><T92/><D56/><U132/><E68/><V91/><F91/><W113/><G113/><T16/><D29/><U93/><E126/><V22/><N who="2" m="7761" /><V76/><DORA hai="2" /><F76/><W130/><G0/><T82/><REACH who="0" step="1"/><D134/><REACH who="0" ten="369,201,109,311" step="2"/><U129/><E132/><V60/><F60/><W48/><G37/><T53/><D53/><U100/><E100/><V57/><F57/><W15/><G43/><T50/><D50/><U67/><E67/><V114/><F114/><W9/><G48/><T61/><D61/><U103/><E103/><V30/><F30/><W49/><G49/><T94/><D94/><U72/><E93/><V58/><F58/><W10/><G95/><T98/><AGARI ba="1,1" hai="16,17,19,27,28,34,82,85,88,92,98,101,106,107" machi="98" ten="30,12000,1" yaku="1,1,0,1,54,2,53,1" doraHai="125,2" doraHaiUra="31,55" who="0" fromWho="0" sc="369,133,201,-41,109,-41,311,-41" /><INIT seed="4,2,0,3,1,60" ten="502,160,68,270" oya="0" hai0="125,11,8,65,78,15,86,75,25,5,123,28,31" hai1="95,109,119,39,59,73,7,130,46,90,40,88,132" hai2="61,52,64,116,2,96,111,32,0,87,98,3,30" hai3="102,113,91,117,56,110,101,67,57,66,99,126,124"/><T23/><D123/><U19/><E109/><V1/><N who="2" m="0" /><DORA hai="10" /><V44/><F111/><W62/><G110/><T4/><D125/><N who="3" m="48233" /><G117/><T128/><D75/><U9/><E119/><V82/><F116/><W12/><G113/><T68/><D128/><U47/><E73/><V50/><F30/><W29/><G29/><T17/><D68/><U33/><E33/><V122/><F122/><W41/><G41/><T20/><D65/><N who="3" m="24585" /><G12/><N who="0" m="5127" /><D86/><U18/><E40/><V112/><F112/><W104/><G102/><T16/><D78/><U93/><E19/><V48/><F48/><W53/><G57/><T55/><D55/><U26/><E59/><V37/><F37/><W43/><G43/><T107/><D107/><U42/><E39/><V83/><F32/><W108/><G108/><T77/><D77/><U27/><E42/><V84/><F84/><W127/><N who="3" m="48241" /><W94/><DORA hai="58" /><G91/><T131/><D131/><U76/><E88/><V24/><F24/><AGARI ba="2,0" hai="5,11,15,16,17,20,23,24,25,28,31" m="5127" machi="24" ten="30,24000,3" yaku="8,1,35,5,52,2,54,1" doraHai="60,10,58" who="0" fromWho="2" sc="502,246,160,0,68,-246,270,0" owari="748,84.8,160,-24.0,-178,-67.8,270,7.0" /></mjloggm>