<mjloggm ver="2.3"><GO type="41" lobby="0"/><UN n0="%E2%93%9D%4C%75%63%6B%79%4A" n1="%E7%8C%9B%E5%8F%8D%E7%99%BA%E3%81%BE%E3%81%8F%E3%82%89" n2="%61%6D%65%74%68%79%73%74" n3="%E3%82%BC%E3%83%B3%E3%83%84%E3%83%9E%E3%82%B7%E3%83%BC%E3%83%B3" dan="17,15,13,15" rate="2148.44,2017.21,1872.88,2003.96" sx="M,M,M,M"/><TAIKYOKU oya="0"/><INIT seed="0,0,0,1,0,40" ten="250,250,250,250" oya="0" hai0="7,24,128,105,108,50,86,76,18,121,52,12,81" hai1="68,102,72,43,9,109,32,22,78,10,36,90,103" hai2="122,57,8,115,19,67,41,4,85,6,134,21,133" hai3="62,47,35,106,111,120,83,64,117,44,77,61,2"/><T87/><D121/><U55/><E32/><V25/><F115/><W13/><G117/><T1/><D105/><U124/><E109/><V28/><F122/><W56/><G120/><T49/><D1/><U63/><E124/><V37/><F67/><W135/><G2/><T99/><D128/><U70/><E90/><V51/><F37/><W60/><G111/><T118/><D108/><U89/><E89/><V16/><F85/><W96/><G135/><T98/><D118/><U3/><E22/><V104/><F104/><W31/><G13/><T123/><D50/><U116/><E55/><V30/><F19/><W17/><G17/><T29/><D7/><N who="1" m="1279" /><E10/><V113/><F57/><W125/><G125/><T5/><D5/><U101/><E63/><V93/><F93/><W11/><G11/><N who="0" m="6431" /><D87/><U94/><E94/><V33/><F33/><W79/><G35/><T69/><D69/><U88/><E88/><V54/><F54/><W112/><G112/><T45/><D123/><U65/><E65/><V114/><F51/><W46/><G79/><T59/><D59/><U119/><E119/><V71/><F71/><W20/><G106/><T92/><D92/><U75/><E116/><V80/><F6/><W130/><G96/><T66/><D66/><U27/><E75/><V26/><F114/><W14/><G130/><T39/><D39/><U74/><E74/><V48/><F4/><W132/><G132/><N who="2" m="50793" /><F113/><W53/><G64/><T38/><D38/><U0/><E0/><V127/><F127/><W15/><G77/><T84/><D86/><U97/><E72/><V42/><F8/><RYUUKYOKU ba="0,0" sc="250,30,250,-10,250,-10,250,-10" hai0="24,29,45,49,52,76,81,84,98,99" /><INIT seed="0,1,0,5,1,38" ten="280,240,240,240" oya="0" hai0="63,31,51,23,100,69,87,47,134,92,41,128,119" hai1="67,25,16,65,85,1,125,96,56,116,54,135,5" hai2="44,62,79,19,73,83,50,24,131,120,48,93,101" hai3="61,11,46,70,80,35,81,30,43,17,114,122,21"/><T107/><D119/><U4/><E116/><V3/><F120/><W117/><G117/><T88/><D134/><U15/><E135/><V94/><F3/><W76/><G114/><T28/><D128/><U34/><E125/><V22/><F131/><W2/><G122/><T113/><D113/><U66/><E1/><V130/><F130/><W71/><G35/><T127/><D127/><U57/><E96/><V77/><F77/><W45/><G30/><T8/><D107/><U109/><E109/><V40/><F101/><W29/><G29/><T60/><D69/><U133/><E133/><V37/><F62/><N who="0" m="23594" /><D8/><U115/><E115/><V10/><F50/><W126/><G126/><T42/><D100/><U123/><E123/><V7/><REACH who="2" step="1"/><F48/><REACH who="2" ten="280,240,230,240" step="2"/><W118/><G76/><T53/><D31/><U33/><E66/><V90/><F90/><W13/><G2/><T98/><D98/><U111/><E67/><V106/><F106/><W132/><G132/><T52/><D53/><U89/><E54/><V124/><F124/><W112/><G118/><T49/><D51/><U58/><E65/><V27/><F27/><AGARI ba="1,1" hai="23,27,28,41,42,47,49,52,87,88,92" m="23594" machi="27" ten="30,12000,1" yaku="8,1,52,2,54,2" doraHai="38" who="0" fromWho="2" sc="280,133,240,0,230,-123,240,0" /><INIT seed="0,2,0,0,1,132" ten="413,240,107,240" oya="0" hai0="31,14,15,8,102,111,65,58,95,119,26,78,70" hai1="122,106,129,118,30,16,72,75,35,56,117,27,6" hai2="66,87,20,48,134,128,77,47,123,68,108,24,37" hai3="19,49,90,9,130,73,97,98,7,114,93,103,89"/><T105/><D119/><U133/><E122/><V18/><F108/><W116/><G114/><T60/><D111/><U59/><E133/><V28/><F123/><W126/><G116/><T3/><D78/><U115/><E106/><V13/><F134/><W2/><G130/><T33/><D95/><U124/><E115/><V64/><F128/><W71/><G71/><T81/><D81/><U76/><E129/><V88/><F37/><W63/><G73/><T45/><D58/><U120/><E120/><V38/><F38/><W104/><G126/><T92/><D92/><U62/><E124/><V40/><F77/><W99/><G49/><T54/><D54/><U86/><E6/><V57/><F57/><W112/><G112/><T125/><D45/><U67/><E118/><V85/><F85/><W39/><G39/><T79/><D79/><U110/><E110/><V101/><F101/><W22/><G63/><T107/><D125/><U91/><E117/><V34/><REACH who="2" step="1"/><F68/><REACH who="2" ten="413,240,97,240" step="2"/><W94/><G103/><T100/><D102/><U36/><E36/><V50/><F50/><W96/><REACH who="3" step="1"/><G104/><REACH who="3" ten="413,240,97,230" step="2"/><T44/><D107/><U25/><E75/><V113/><F113/><W84/><G84/><T32/><D105/><U52/><E72/><V23/><F23/><W135/><G135/><T5/><D100/><U69/><E69/><V21/><F21/><W41/><G41/><T127/><D127/><U29/><E86/><V74/><F74/><W11/><G11/><T42/><D33/><U83/><E35/><V43/><F43/><W53/><G53/><T109/><D109/><U121/><E52/><RYUUKYOKU ba="2,2" sc="413,10,240,-30,97,10,230,10" hai0="3,5,8,14,15,26,31,32,42,44,60,65,70" hai2="13,18,20,24,28,34,40,47,48,64,66,87,88" hai3="2,7,9,19,22,89,90,93,94,96,97,98,99" /><INIT seed="0,3,2,3,0,114" ten="423,210,107,240" oya="0" hai0="94,33,71,55,134,131,110,41,9,122,119,59,36" hai1="3,51,116,92,1,46,70,85,102,135,29,87,82" hai2="2,58,76,130,73,132,95,0,6,39,20,93,15" hai3="52,117,21,65,129,89,17,83,125,84,30,38,19"/><T11/><D122/><U16/><E70/><V88/><F39/><W72/><G125/><T75/><D33/><U118/><E135/><V128/><F132/><W100/><G129/><N who="2" m="49769" /><F20/><W120/><G120/><T13/><D75/><U124/><E124/><V60/><F73/><W45/><G117/><T53/><D119/><U103/><E29/><V109/><F76/><W106/><G65/><T34/><D55/><U49/><E49/><V78/><BYE who="1" /><F78/><UN n1="%E7%8C%9B%E5%8F%8D%E7%99%BA%E3%81%BE%E3%81%8F%E3%82%89" /><W133/><G133/><T7/><D34/><U48/><E48/><V57/><BYE who="1" /><F95/><UN n1="%E7%8C%9B%E5%8F%8D%E7%99%BA%E3%81%BE%E3%81%8F%E3%82%89" /><W35/><G35/><T56/><D94/><U31/><E31/><V74/><F74/><W80/><G30/><T68/><D131/><U99/><E103/><V67/><F58/><W105/><G100/><T115/><D59/><U113/><E113/><V4/><F109/><W97/><G80/><T32/><D115/><U104/><E104/><V77/><F77/><W43/><G72/><T22/><D32/><U47/><E47/><V5/><F15/><W18/><G21/><T127/><D22/><U101/><E101/><V123/><F123/><W63/><G97/><AGARI ba="3,2" hai="0,2,4,5,6,57,60,67,88,93,97" m="49769" machi="97" ten="30,2000,0" yaku="19,1,54,1" doraHai="114" who="2" fromWho="3" sc="423,0,210,0,107,49,240,-29" /><INIT seed="1,0,0,5,2,61" ten="423,210,156,211" oya="1" hai0="16,82,68,0,108,24,123,42,63,12,25,116,126" hai1="3,13,31,60,112,128,4,81,101,87,51,58,78" hai2="1,67,92,39,95,76,117,122,2,35,30,48,77" hai3="114,86,79,57,134,91,118,27,40,47,119,120,20"/><U84/><E112/><V36/><F122/><W121/><G114/><T69/><D116/><N who="3" m="44585" /><G79/><T97/><D0/><U41/><E3/><V65/><F117/><W10/><G57/><T110/><D42/><U17/><E128/><V49/><REACH who="2" step="1"/><F30/><REACH who="2" ten="423,210,146,211" step="2"/><N who="3" m="17767" /><G134/><T133/><D123/><U26/><E31/><V115/><F115/><W8/><G121/><T129/><D133/><U59/><E26/><V44/><F44/><W37/><G120/><T56/><D25/><U113/><E113/><V135/><F135/><W80/><AGARI ba="0,1" hai="8,10,37,40,47,80,86,91" m="17767,44585" machi="80" ten="30,1100,0" yaku="12,1" doraHai="61" who="3" fromWho="3" sc="423,-3,210,-5,146,-3,211,21" /><INIT seed="2,0,0,2,2,73" ten="420,205,143,232" oya="2" hai0="39,92,9,31,131,67,15,115,29,129,58,111,74" hai1="11,18,81,80,70,38,95,124,42,114,33,79,88" hai2="87,89,118,48,84,34,125,126,13,106,54,26,122" hai3="100,65,56,57,104,40,78,7,20,28,69,14,101"/><V4/><F118/><W5/><G69/><T44/><D74/><U90/><E114/><V17/><F122/><W93/><G104/><T128/><D115/><U135/><E70/><V6/><F106/><W107/><G107/><T19/><D111/><U103/><E33/><V72/><F72/><W53/><G40/><N who="0" m="22559" /><D92/><U94/><E38/><V97/><F97/><N who="3" m="59439" /><G101/><T66/><D58/><U127/><E42/><V113/><F113/><W110/><G110/><T120/><D120/><U22/><E11/><V41/><F41/><W43/><G43/><T30/><AGARI ba="0,0" hai="9,15,19,29,30,31,66,67,128,129,131" m="22559" machi="30" ten="40,1500,0" yaku="19,1" doraHai="73" who="0" fromWho="0" sc="420,15,205,-4,143,-7,232,-4" /><INIT seed="3,0,0,3,3,104" ten="435,201,136,228" oya="3" hai0="59,80,102,76,93,68,64,129,60,55,23,122,98" hai1="92,90,71,4,113,17,10,105,95,50,88,32,127" hai2="100,8,11,106,131,130,57,86,67,6,44,40,125" hai3="2,61,134,15,34,84,39,111,121,19,27,110,13"/><W78/><G2/><T73/><D129/><U115/><E105/><V46/><F125/><W89/><G121/><T30/><D122/><U41/><E71/><V35/><F35/><W25/><G39/><T116/><D116/><U62/><E32/><V37/><F106/><W47/><G78/><T51/><D23/><U77/><E77/><V79/><F100/><W16/><G134/><T128/><D128/><U52/><E17/><N who="3" m="6730" /><G47/><T91/><REACH who="0" step="1"/><D30/><REACH who="0" ten="425,201,136,228" step="2"/><U123/><E123/><V103/><F131/><W33/><G33/><T54/><D54/><U18/><E52/><V94/><F130/><W42/><G34/><T21/><D21/><U12/><E115/><V135/><F135/><W82/><G42/><T132/><D132/><U56/><E113/><V53/><F53/><W97/><G27/><T108/><D108/><N who="3" m="41513" /><G25/><T83/><D83/><U1/><E127/><V65/><F40/><W24/><G24/><T99/><D99/><U107/><E41/><V38/><F38/><W66/><G97/><T72/><D72/><U20/><E20/><V48/><F37/><W63/><G63/><T3/><D3/><U29/><E62/><N who="2" m="38095" /><F48/><W31/><G31/><T133/><D133/><U43/><E29/><V14/><F67/><W117/><G117/><T96/><D96/><U75/><E43/><V87/><F87/><W36/><G36/><T120/><D120/><U101/><E1/><V119/><F119/><W118/><G118/><T0/><D0/><U49/><E49/><V7/><F86/><W112/><G112/><T22/><D22/><U69/><E50/><V124/><F124/><RYUUKYOKU ba="0,1" sc="425,15,201,-15,136,-15,228,15" hai0="51,55,59,60,64,68,73,76,80,91,93,98,102" hai3="13,15,61,66,82,84,89" /><INIT seed="3,1,1,4,1,72" ten="440,186,121,243" oya="3" hai0="66,37,67,107,68,58,50,101,114,127,106,69,125" hai1="39,88,108,74,53,129,103,119,81,132,47,28,83" hai2="15,2,117,87,41,78,16,118,4,51,91,24,18" hai3="97,64,31,102,124,86,131,115,113,63,13,19,34"/><W100/><G124/><N who="0" m="47691" /><D101/><U65/><E108/><V79/><F117/><W30/><G131/><T44/><D107/><U25/><E119/><V76/><F2/><W126/><G126/><T105/><D106/><U46/><E129/><V59/><F118/><W56/><G102/><T20/><D20/><U54/><E103/><V80/><F24/><W89/><G34/><T5/><D5/><U92/><E132/><V14/><F41/><W70/><G70/><N who="0" m="27243" /><D105/><U38/><E65/><N who="0" m="24585" /><D58/><U94/><E74/><V123/><F123/><W73/><G73/><T0/><D0/><U112/><E25/><V85/><F87/><W128/><G100/><T77/><D77/><N who="2" m="19714" /><V111/><DORA hai="90" /><F111/><W27/><G97/><T45/><D37/><U40/><E28/><V133/><F133/><W7/><G31/><T82/><D82/><U49/><E38/><V121/><F121/><W43/><G30/><T52/><D45/><U3/><E3/><V62/><F51/><W32/><G128/><T57/><D44/><U33/><E47/><V60/><F4/><W110/><G7/><T84/><D84/><U17/><E39/><V9/><F59/><W55/><G56/><T26/><D26/><U120/><E46/><V48/><F48/><W8/><G27/><T104/><D104/><U96/><E120/><V29/><F29/><W93/><G86/><T109/><D109/><U1/><E1/><V134/><F134/><W61/><G110/><T42/><D42/><U116/><E40/><V23/><AGARI ba="1,1" hai="9,14,15,16,18,23,60,62,80,85,91" m="19714" machi="23" ten="30,12000,2" yaku="8,1,52,4,54,1" doraHai="72,90" who="2" fromWho="2" sc="440,-31,186,-31,121,133,243,-61" /><INIT seed="4,0,0,0,2,47" ten="409,155,254,182" oya="0" hai0="57,92,39,130,74,46,106,18,126,11,72,77,114" hai1="102,63,5,112,118,37,38,40,89,15,64,132,52" hai2="83,6,20,2,131,23,1,17,82,117,44,27,96" hai3="26,79,123,121,76,75,12,122,13,119,65,61,71"/><T42/><D106/><U24/><E118/><V28/><F131/><W127/><G119/><T124/><D130/><U43/><E132/><V87/><F117/><W101/><G127/><N who="0" m="48683" /><D77/><N who="3" m="29769" /><G75/><N who="0" m="28715" /><D57/><N who="1" m="35239" /><E38/><V98/><F2/><W135/><G135/><T104/><D104/><U93/><E37/><V109/><F109/><W86/><G101/><T41/><D42/><U116/><E116/><V108/><F108/><W25/><G86/><T120/><D120/><N who="3" m="30721" /><W88/><DORA hai="73" /><G88/><T129/><D129/><U10/><E112/><V81/><F87/><W125/><G125/><T30/><D114/><U21/><E64/><V35/><F98/><W85/><G85/><T107/><D107/><U134/><E102/><V60/><F83/><W115/><G115/><T78/><D78/><U3/><E3/><V80/><F82/><W53/><G53/><T19/><D92/><U59/><E134/><V62/><F81/><W36/><G36/><T31/><D39/><U66/><E66/><V84/><F96/><W69/><G69/><T7/><D41/><U111/><E111/><V103/><F103/><W97/><G97/><T68/><D68/><U70/><E70/><V55/><F80/><W4/><G4/><T29/><D46/><U133/><E133/><V48/><F84/><W94/><G94/><T99/><D99/><U58/><E93/><V22/><F6/><W45/><G45/><T91/><D91/><U100/><E89/><V110/><F1/><AGARI ba="0,0" hai="1,7,11,18,19,29,30,31" m="28715,48683" machi="1" ten="40,2000,0" yaku="18,1" doraHai="47,73" who="0" fromWho="2" sc="409,20,155,0,254,-20,182,0" /><INIT seed="4,1,0,3,2,86" ten="429,155,234,182" oya="0" hai0="24,98,30,81,39,119,2,84,122,90,131,26,16" hai1="106,23,65,8,34,7,73,95,56,21,85,5,102" hai2="72,70,31,109,66,133,17,103,28,124,11,93,50" hai3="14,0,58,78,111,19,6,13,42,10,110,41,87"/><T69/><D122/><U20/><E73/><V12/><F109/><W127/><G127/><T52/><D119/><U44/><E34/><V4/><F133/><W135/><G135/><T15/><D2/><U101/><E106/><V108/><F108/><W18/><G58/><T36/><D69/><U54/><E65/><V89/><F72/><W29/><G29/><T99/><D131/><U59/><E44/><V123/><F123/><W134/><G134/><T125/><D125/><U107/><E107/><V120/><F124/><W43/><G78/><T94/><D99/><U80/><E95/><V32/><F103/><N who="1" m="39433" /><E8/><V112/><F112/><W92/><G0/><T71/><D71/><U38/><E38/><V22/><F120/><W113/><G113/><T75/><D75/><U27/><E27/><V40/><F32/><W82/><G6/><N who="1" m="2058" /><E54/><V1/><F66/><W35/><G35/><T105/><D105/><U64/><E64/><V49/><F70/><W47/><G47/><T97/><D98/><U51/><E51/><V45/><REACH who="2" step="1"/><F49/><REACH who="2" ten="429,155,224,182" step="2"/><W117/><G111/><T37/><D39/><U55/><E55/><V91/><F91/><AGARI ba="1,1" hai="20,21,23,56,59,80,85,91" m="2058,39433" machi="91" ten="30,2000,0" yaku="8,1,52,1" doraHai="86" who="1" fromWho="2" sc="429,0,155,33,224,-23,182,0" /><INIT seed="5,0,0,3,0,90" ten="429,188,201,182" oya="1" hai0="110,78,107,37,103,7,35,5,69,27,19,18,129" hai1="55,6,58,83,4,82,21,102,72,22,13,39,31" hai2="11,93,94,64,49,115,106,130,20,59,25,133,26" hai3="1,51,43,2,56,54,9,68,16,84,70,65,61"/><U111/><E39/><V126/><F106/><W34/><G34/><T73/><D69/><U14/><E111/><V112/><F133/><W80/><G70/><T28/><D37/><U48/><E102/><V88/><F130/><W42/><G1/><T119/><D78/><U41/><E41/><V104/><F104/><W118/><G118/><T77/><D77/><U40/><E40/><V125/><F11/><W120/><G120/><T81/><D81/><U96/><E96/><V0/><F0/><W50/><G50/><T74/><D119/><U113/><E113/><N who="2" m="43595" /><F25/><W105/><G105/><T47/><D110/><U53/><E72/><V62/><F49/><W135/><G135/><T44/><D107/><U15/><E55/><V76/><F76/><W23/><G9/><T57/><D129/><U121/><E121/><V127/><F88/><W10/><G10/><T87/><D103/><U97/><E97/><V45/><F45/><N who="3" m="28015" /><G2/><T109/><D47/><U128/><E128/><V132/><F132/><W60/><G60/><T122/><D122/><U33/><E33/><V12/><F12/><N who="3" m="9607" /><G68/><T114/><D114/><U124/><E31/><AGARI ba="0,0" hai="20,26,31,59,62,64,93,94,125,126,127" m="43595" machi="31" ten="40,8000,1" yaku="18,1,15,1,11,1,52,2" doraHai="90" who="2" fromWho="1" sc="429,0,188,-80,201,80,182,0" /><INIT seed="6,0,0,5,1,34" ten="429,108,281,182" oya="2" hai0="131,12,56,128,52,15,133,113,90,84,55,92,46" hai1="24,100,64,13,10,135,117,124,118,132,87,28,31" hai2="69,43,74,33,40,1,129,121,73,130,79,94,98" hai3="89,8,102,48,95,3,81,61,116,83,59,54,107"/><V27/><F121/><W5/><G116/><N who="1" m="44650" /><E100/><V35/><F69/><W134/><G134/><N who="1" m="51242" /><E87/><V25/><F79/><W11/><G11/><T60/><D113/><U109/><E64/><V37/><F94/><W6/><G6/><T53/><D133/><U22/><E109/><V50/><F50/><W65/><G102/><T122/><D122/><U0/><E124/><V16/><F98/><W72/><G107/><T17/><D46/><U41/><E41/><V82/><F82/><W39/><G72/><T112/><D112/><U62/><E62/><V47/><F47/><W45/><REACH who="3" step="1"/><G39/><REACH who="3" ten="429,108,281,172" step="2"/><T4/><D4/><N who="1" m="1287" /><E13/><V68/><F37/><W30/><G30/><AGARI ba="0,1" hai="22,24,28,30,31" m="1287,51242,44650" machi="30" ten="30,7700,0" yaku="20,1,34,2,52,1" doraHai="34" who="1" fromWho="3" sc="429,0,108,87,281,0,172,-77" /><INIT seed="7,0,0,2,5,119" ten="429,195,281,95" oya="3" hai0="114,27,71,52,35,112,100,57,54,26,69,39,110" hai1="1,68,118,134,59,51,73,21,5,45,111,93,94" hai2="78,42,88,76,40,113,70,58,75,74,19,24,61" hai3="128,29,104,99,14,16,10,30,2,41,117,7,98"/><W55/><G117/><T103/><D39/><U90/><E118/><V37/><F70/><N who="0" m="26634" /><D110/><U66/><E68/><V133/><F113/><N who="0" m="43626" /><D54/><U86/><E73/><V46/><F133/><W91/><G128/><T20/><D35/><U48/><E21/><V8/><F42/><W77/><G77/><T23/><D23/><U116/><E111/><V81/><F75/><W109/><G109/><T67/><D67/><U65/><E134/><V49/><F37/><W122/><G122/><T38/><D38/><U47/><E1/><V11/><F78/><W0/><G41/><T120/><D120/><U115/><E5/><V101/><F101/><N who="0" m="38986" /><D20/><U80/><E116/><V135/><F135/><W56/><G104/><T72/><D72/><U53/><E115/><V102/><F102/><W22/><G0/><T84/><D84/><U17/><E17/><V126/><F126/><W123/><G123/><T64/><D64/><N who="1" m="24683" /><E59/><V89/><F24/><W18/><G18/><T92/><D92/><U63/><E63/><AGARI ba="0,0" hai="26,27,52,57,63" m="38986,43626,26634" machi="63" ten="30,3900,0" yaku="15,1,11,1,54,1" doraHai="119" who="0" fromWho="1" sc="429,39,195,-39,281,0,95,0" owari="468,56.8,156,-24.4,281,8.1,95,-40.5" /></mjloggm>