<mjloggm ver="2.3"><GO type="41" lobby="0"/><UN n0="%E6%AC%A1%E6%AC%A1%6D%69%61%6F" n1="%E3%81%B6%E3%81%A1%E3%82%B3%E3%83%AD%E5%8A%A9" n2="%E3%81%AA%E3%81%8A" n3="%E2%93%9D%4C%75%63%6B%79%4A" dan="13,13,15,18" rate="1995.06,1945.37,1961.67,2226.42" sx="M,M,F,M"/><TAIKYOKU oya="0"/><INIT seed="0,0,0,3,5,6" ten="250,250,250,250" oya="0" hai0="103,126,3,12,76,129,88,108,63,64,132,92,122" hai1="128,71,134,77,104,19,43,24,68,5,125,111,45" hai2="66,112,8,56,114,119,52,34,89,115,16,124,61" hai3="67,30,13,35,0,96,118,105,133,87,84,51,23"/><T94/><D122/><U33/><E111/><V72/><F72/><W29/><G0/><T44/><D3/><U127/><E104/><V26/><F124/><N who="1" m="47689" /><E77/><V31/><F119/><W99/><G67/><T10/><D129/><U80/><E80/><V2/><F89/><W7/><G35/><T90/><D126/><U97/><E97/><V81/><F81/><W53/><G133/><T135/><D76/><U102/><E102/><V27/><F2/><W93/><G99/><T25/><D25/><U123/><E123/><V11/><REACH who="2" step="1"/><F66/><REACH who="2" ten="250,250,240,250" step="2"/><W1/><G1/><T60/><D108/><U69/><E128/><V120/><F120/><W91/><G118/><T20/><D103/><U113/><E134/><N who="0" m="51241" /><D64/><U83/><E83/><V85/><F85/><W78/><G87/><N who="0" m="52255" /><D44/><U14/><E45/><V37/><F37/><W107/><G84/><N who="0" m="52551" /><D20/><AGARI ba="0,1" hai="8,11,16,20,26,27,31,34,52,56,61,112,114,115" machi="20" ten="40,8000,1" yaku="1,1,52,2,54,2,53,0" doraHai="6" doraHaiUra="32" who="2" fromWho="0" sc="250,-80,250,0,240,90,250,0" /><INIT seed="1,0,0,3,5,131" ten="170,250,330,250" oya="1" hai0="35,54,95,47,135,96,38,93,98,114,72,75,63" hai1="62,89,37,26,29,50,134,18,113,80,117,74,130" hai2="13,124,101,64,90,73,128,79,8,15,53,27,82" hai3="61,14,94,34,109,69,70,57,102,83,103,49,55"/><U91/><E113/><V112/><F112/><W108/><G34/><T111/><D35/><U21/><E117/><V11/><F124/><W81/><G14/><T33/><D114/><U119/><E119/><V97/><F128/><W88/><G83/><T122/><D33/><U100/><E130/><V58/><F64/><W76/><G70/><T121/><D111/><N who="3" m="42569" /><G69/><T43/><D63/><U6/><E37/><V7/><F90/><W85/><G61/><T31/><D54/><U115/><E115/><V0/><F27/><W123/><G123/><N who="0" m="47115" /><D31/><U104/><E6/><V107/><F11/><W23/><G23/><T126/><D126/><U99/><E62/><AGARI ba="0,0" hai="0,7,8,13,15,53,58,62,73,79,82,97,101,107" machi="62" ten="30,1000,0" yaku="7,1" doraHai="131" who="2" fromWho="1" sc="170,0,250,-10,330,10,250,0" /><INIT seed="2,0,0,4,0,42" ten="170,240,340,250" oya="2" hai0="22,126,61,78,60,33,110,65,19,21,63,93,50" hai1="71,80,39,32,99,111,123,85,130,103,37,4,30" hai2="122,115,6,82,95,26,83,96,55,67,53,28,79" hai3="38,128,62,102,133,90,23,106,66,117,86,108,58"/><V56/><F122/><W76/><G117/><T88/><D33/><U120/><E111/><V104/><F104/><W98/><G108/><T13/><D126/><U129/><E4/><V135/><F135/><W134/><G38/><T36/><D36/><N who="1" m="13899" /><E30/><V74/><F115/><W49/><G76/><T1/><D1/><U0/><E32/><V92/><F6/><W46/><G128/><N who="1" m="49258" /><E71/><V75/><F67/><W7/><G23/><T9/><D78/><N who="1" m="46231" /><E0/><V119/><F119/><W20/><G20/><T14/><D110/><U18/><E18/><V5/><F5/><W12/><G12/><T124/><D124/><U84/><E84/><V17/><F17/><W116/><G7/><T64/><D50/><U41/><E41/><V87/><F74/><W89/><G116/><T10/><D21/><U100/><E100/><V31/><F75/><W91/><REACH who="3" step="1"/><G86/><REACH who="3" ten="170,240,340,240" step="2"/><N who="0" m="52375" /><D22/><U68/><E68/><V24/><F87/><W73/><G73/><T11/><D19/><U25/><E25/><V34/><F79/><W43/><AGARI ba="0,1" hai="43,46,49,58,62,66,89,90,91,98,102,106,133,134" machi="43" ten="30,7900,0" yaku="1,1,0,1,52,1,53,1" doraHai="42" doraHaiUra="59" who="3" fromWho="3" sc="170,-20,240,-20,340,-39,240,89" /><INIT seed="3,0,0,4,4,97" ten="150,220,301,329" oya="3" hai0="66,28,27,134,21,111,2,6,78,52,133,86,68" hai1="54,29,87,105,17,37,38,61,96,13,102,107,100" hai2="40,112,106,34,117,99,8,71,9,119,91,58,56" hai3="126,4,92,110,36,98,135,44,81,85,118,124,1"/><W74/><G1/><T115/><D111/><U49/><E29/><V23/><F34/><W59/><G4/><T60/><D115/><U93/><E61/><V3/><F71/><W73/><G44/><T48/><D78/><U15/><E15/><V65/><F112/><W47/><G47/><T22/><D86/><U122/><E122/><V24/><F40/><W132/><G36/><T88/><D21/><U72/><E72/><N who="3" m="27754" /><G59/><T31/><D31/><U121/><E121/><V41/><F41/><W79/><G118/><T0/><D88/><U45/><E87/><V128/><F65/><W16/><G16/><T83/><D83/><U20/><E93/><V26/><F23/><W129/><G129/><T25/><D25/><U80/><E80/><V109/><F128/><W32/><G32/><T39/><D39/><U33/><E33/><V123/><F123/><W10/><G10/><T18/><D28/><U101/><E102/><V19/><F19/><W12/><G12/><T90/><D90/><U51/><REACH who="1" step="1"/><E49/><REACH who="1" ten="150,210,301,329" step="2"/><V113/><F3/><W43/><G110/><T42/><D0/><U55/><E55/><V103/><F109/><W77/><G43/><T108/><D42/><U125/><E125/><N who="3" m="48234" /><G79/><T50/><D108/><U30/><E30/><V70/><F70/><W46/><G46/><N who="0" m="27671" /><D50/><U95/><E95/><V62/><F62/><W130/><G130/><T104/><D104/><U84/><E84/><V14/><F14/><W76/><G77/><T89/><D89/><AGARI ba="0,1" hai="76,81,85,89,92,98,132,135" m="48234,27754" machi="89" ten="30,5800,0" yaku="18,1,34,2" doraHai="97" who="3" fromWho="0" sc="150,-58,210,0,301,0,329,68" /><INIT seed="3,1,0,0,5,103" ten="92,210,301,397" oya="3" hai0="112,53,48,23,85,94,14,4,10,1,54,30,82" hai1="6,0,27,68,21,81,125,17,76,111,134,97,113" hai2="115,24,49,71,70,87,63,64,34,120,19,75,57" hai3="93,77,22,7,61,12,123,28,104,32,124,99,8"/><W89/><G123/><T92/><D112/><U52/><E111/><V109/><F109/><W127/><G77/><T18/><D54/><U100/><E113/><V58/><F115/><W106/><G32/><T79/><REACH who="0" step="1"/><D30/><REACH who="0" ten="82,210,301,397" step="2"/><U96/><E134/><V110/><F110/><W29/><G29/><T121/><D121/><U20/><E125/><N who="3" m="48202" /><G61/><T131/><D131/><U59/><E52/><V105/><F120/><W67/><G67/><T31/><D31/><U116/><E116/><V108/><F108/><W122/><G122/><T65/><D65/><U56/><E68/><V114/><F114/><W126/><N who="3" m="48210" /><W98/><DORA hai="135" /><G99/><T37/><D37/><U101/><E96/><V41/><F70/><W107/><G28/><T133/><D133/><U74/><E97/><V78/><F71/><W119/><G22/><T72/><D72/><U132/><E21/><V38/><F75/><W130/><G130/><T80/><D80/><U47/><E132/><V36/><F34/><W43/><G43/><T62/><D62/><U5/><E74/><V13/><F38/><W2/><G119/><T90/><D90/><U25/><E81/><V44/><F36/><W9/><G107/><T55/><D55/><U102/><E100/><V73/><F105/><W45/><G45/><AGARI ba="1,1" hai="1,4,10,14,18,23,45,48,53,79,82,85,92,94" machi="45" ten="30,7700,0" yaku="1,1,7,1,53,2" doraHai="103,135" doraHaiUra="46,33" who="0" fromWho="3" sc="82,90,210,0,301,0,397,-80" /><INIT seed="4,0,0,2,4,91" ten="172,210,301,317" oya="0" hai0="123,60,8,83,127,75,21,69,129,61,16,26,46" hai1="108,110,96,3,11,4,38,124,51,59,39,112,102" hai2="126,106,13,73,107,90,101,82,100,92,109,44,134" hai3="19,53,36,72,85,74,97,25,54,128,93,86,28"/><T120/><D127/><U57/><E124/><V99/><F44/><W58/><G36/><T14/><D129/><U50/><E112/><V80/><F126/><W31/><G128/><T45/><D75/><U84/><E39/><V125/><F125/><W115/><G115/><T105/><D105/><U55/><E38/><V133/><F13/><W95/><G97/><T77/><D46/><U0/><E84/><N who="2" m="52295" /><F109/><W78/><G25/><T40/><D83/><N who="2" m="31786" /><F73/><W49/><G58/><T1/><D77/><U119/><E0/><V18/><F18/><W29/><G31/><T65/><D1/><U15/><E3/><V135/><F101/><W66/><G19/><T121/><D61/><U42/><E42/><V27/><F27/><W131/><G131/><T10/><REACH who="0" step="1"/><D26/><REACH who="0" ten="162,210,301,317" step="2"/><U64/><E108/><V71/><F71/><W33/><G74/><T98/><D98/><U52/><E110/><V9/><F9/><W132/><G72/><T37/><AGARI ba="0,1" hai="8,10,14,16,21,37,40,45,60,65,69,120,121,123" machi="37" ten="30,6000,0" yaku="1,1,0,1,54,1,53,0" doraHai="91" doraHaiUra="20" who="0" fromWho="0" sc="162,70,210,-20,301,-20,317,-20" /><INIT seed="4,1,0,1,1,34" ten="232,190,281,297" oya="0" hai0="69,85,36,120,114,37,112,86,98,31,45,42,68" hai1="132,95,49,8,99,73,21,81,135,109,25,84,104" hai2="126,63,29,2,13,106,125,47,131,78,32,0,11" hai3="51,19,107,43,97,4,121,58,54,22,64,38,74"/><T30/><D98/><U102/><E8/><V60/><F106/><W59/><G74/><T7/><D7/><U88/><E109/><V41/><F78/><W92/><G121/><T87/><D120/><U80/><E49/><V3/><F131/><W67/><G107/><T10/><D10/><U110/><E110/><V39/><F29/><W12/><G38/><T20/><D20/><U122/><E122/><V117/><F32/><W26/><G43/><T94/><D94/><U40/><E40/><V27/><F27/><W108/><G108/><T113/><REACH who="0" step="1"/><D36/><REACH who="0" ten="222,190,281,297" step="2"/><U66/><E81/><V65/><F117/><W124/><G4/><T111/><D111/><U57/><E21/><V133/><F133/><W62/><G92/><T18/><D18/><U130/><E130/><V52/><F65/><W129/><G67/><T115/><N who="0" m="28672" /><DORA hai="6" /><T72/><D72/><U35/><E73/><V71/><F71/><AGARI ba="1,1" hai="30,31,37,42,45,68,69,71,85,86,87" m="28672" machi="71" ten="70,12000,1" yaku="1,1,15,1,53,3" doraHai="34,6" doraHaiUra="83,55" who="0" fromWho="2" sc="222,133,190,0,281,-123,297,0" /><INIT seed="4,2,0,1,5,53" ten="355,190,158,297" oya="0" hai0="0,2,61,73,1,57,106,69,31,50,51,15,105" hai1="16,81,133,116,63,131,19,3,4,99,64,44,83" hai2="87,11,48,14,76,128,65,88,90,13,29,30,47" hai3="102,38,117,6,101,5,59,41,75,113,17,21,43"/><T27/><D73/><U124/><E116/><V42/><F128/><W79/><G117/><T89/><D69/><U115/><E131/><V129/><F129/><W40/><G38/><T130/><D15/><U84/><E124/><V95/><F65/><W135/><G113/><T70/><D70/><U114/><E133/><V85/><F76/><W122/><G122/><T62/><D62/><U49/><E99/><V32/><F32/><W9/><G79/><T52/><D130/><U72/><E72/><V60/><F60/><W34/><G34/><T25/><D25/><U118/><E118/><V37/><F37/><W120/><G9/><T119/><D119/><U104/><E104/><V71/><F71/><W126/><G126/><T91/><D91/><U127/><E127/><V67/><F67/><W8/><G8/><T93/><D106/><U66/><E4/><N who="3" m="1642" /><G120/><T39/><D105/><U7/><E7/><V68/><F68/><W112/><G112/><T121/><D39/><U77/><E3/><V54/><F42/><W94/><G94/><T46/><D121/><U107/><E107/><V28/><REACH who="2" step="1"/><F11/><REACH who="2" ten="355,190,148,297" step="2"/><W92/><G43/><N who="0" m="24927" /><D0/><U132/><E115/><V109/><F109/><W103/><G41/><T111/><D111/><U78/><E114/><V33/><F33/><W56/><G40/><T86/><D61/><U96/><E63/><V110/><F110/><W26/><G135/><T123/><D123/><U108/><E132/><V12/><F12/><W10/><G10/><T80/><D1/><U100/><E108/><V23/><F23/><W20/><G21/><N who="0" m="15855" /><D2/><U58/><E58/><RYUUKYOKU ba="2,1" sc="355,15,190,-15,148,15,297,-15" hai0="51,52,57,80,86,89,93" hai2="13,14,28,29,30,47,48,54,85,87,88,90,95" /><INIT seed="4,3,1,2,5,112" ten="370,175,163,282" oya="0" hai0="20,92,79,12,130,50,124,39,54,110,0,4,53" hai1="133,119,10,120,108,72,118,60,31,115,65,67,32" hai2="3,121,68,86,132,102,37,41,43,69,117,58,94" hai3="25,49,18,80,55,84,7,23,59,71,134,13,11"/><T66/><D39/><U129/><E10/><V29/><F121/><W122/><G122/><T28/><D0/><U123/><E72/><V22/><F3/><W89/><G134/><T104/><D104/><U56/><E108/><V106/><F106/><W109/><G109/><T8/><D130/><U16/><E129/><V62/><F132/><W111/><G111/><T96/><D124/><U126/><E133/><V97/><F117/><W47/><G71/><T35/><D35/><U46/><E126/><V40/><F37/><W131/><G131/><T98/><D79/><U103/><E120/><V1/><F1/><W14/><REACH who="3" step="1"/><G59/><REACH who="3" ten="370,175,163,272" step="2"/><T128/><D110/><U74/><E74/><V100/><F69/><W116/><G116/><T135/><D128/><U5/><E123/><V30/><F68/><W45/><G45/><T19/><D135/><U17/><E119/><V64/><F100/><W83/><G83/><T51/><D66/><U52/><E118/><V70/><F70/><W95/><G95/><T48/><D92/><U76/><E46/><V93/><F22/><W57/><G57/><T82/><D82/><U75/><E56/><V61/><F62/><W87/><G87/><T85/><D85/><U27/><E60/><V99/><F99/><W113/><G113/><T15/><D98/><U73/><E115/><V88/><AGARI ba="3,2" hai="29,30,40,41,43,58,61,64,86,88,93,94,97,102" machi="88" ten="30,4000,0" yaku="0,1,8,1,54,1" doraHai="112" who="2" fromWho="2" sc="370,-23,175,-13,163,69,272,-13" /><INIT seed="5,0,0,5,3,31" ten="347,162,232,259" oya="1" hai0="45,56,109,76,99,60,123,27,2,129,98,70,97" hai1="24,121,38,50,78,18,124,7,10,22,101,47,67" hai2="21,87,92,82,108,61,64,83,8,114,16,104,11" hai3="75,0,40,120,79,106,63,6,68,43,23,107,39"/><U89/><E121/><V128/><F104/><W134/><G43/><T105/><D109/><U115/><E115/><V112/><F108/><W41/><G41/><T4/><D123/><U94/><E124/><V125/><F125/><W35/><G23/><T14/><D2/><U102/><E78/><V119/><F119/><W88/><G88/><T118/><D70/><U32/><E38/><V84/><F128/><W44/><G134/><T36/><D118/><U95/><E67/><V113/><F92/><W17/><G17/><T12/><D36/><U29/><E7/><V126/><F126/><W48/><G48/><T77/><D27/><U30/><E10/><V25/><F87/><W130/><G35/><T26/><D26/><U37/><E37/><V57/><REACH who="2" step="1"/><F82/><REACH who="2" ten="347,162,222,259" step="2"/><N who="3" m="45439" /><G130/><T96/><D129/><U85/><E95/><V1/><F1/><W34/><G120/><T100/><D105/><U135/><E135/><V93/><F93/><W133/><G107/><T46/><D100/><U9/><E9/><V127/><F127/><W19/><G106/><T116/><D116/><U69/><E69/><V54/><F54/><W72/><G0/><T80/><D80/><N who="1" m="49319" /><E32/><V62/><F62/><W103/><G63/><T110/><D60/><U132/><E132/><V65/><F65/><W111/><G133/><T58/><D98/><N who="1" m="59607" /><E102/><V117/><F117/><W42/><G103/><T71/><D71/><U73/><E73/><V66/><F66/><W3/><G68/><T59/><D110/><U28/><E50/><V91/><AGARI ba="0,1" hai="8,11,16,21,25,57,61,64,83,84,91,112,113,114" machi="91" ten="30,8000,1" yaku="1,1,0,1,15,1,11,1,54,1,53,0" doraHai="31" doraHaiUra="122" who="2" fromWho="2" sc="347,-20,162,-40,222,90,259,-20" /><INIT seed="6,0,0,5,1,21" ten="327,122,312,239" oya="2" hai0="119,64,67,9,23,20,105,56,76,27,85,47,75" hai1="30,93,82,79,13,95,77,25,134,124,43,39,83" hai2="65,66,1,127,38,36,118,125,37,68,87,24,81" hai3="78,72,34,84,54,32,42,86,74,44,22,90,29"/><V131/><F118/><W89/><G54/><T121/><D75/><U8/><E134/><V92/><F1/><W126/><G78/><T73/><D121/><U57/><E39/><V45/><F131/><W104/><G104/><T58/><D73/><U40/><E124/><N who="2" m="47691" /><F92/><W71/><G71/><T132/><D105/><U110/><E110/><V60/><F66/><N who="0" m="25130" /><D23/><U91/><E57/><N who="0" m="22121" /><D85/><U97/><E95/><V102/><F102/><W99/><G99/><T106/><D76/><U96/><E97/><V41/><F87/><W98/><G98/><T35/><D106/><U2/><E2/><V108/><F81/><N who="1" m="30729" /><E79/><V17/><F108/><W114/><G86/><T46/><D35/><U117/><E117/><V7/><F7/><W80/><G74/><T11/><D132/><U52/><E77/><V31/><F17/><W133/><G72/><T100/><D100/><U123/><E123/><V115/><F115/><W3/><G114/><T28/><D119/><U4/><E52/><V15/><F15/><W62/><G126/><T16/><D28/><U48/><E48/><V107/><F107/><W55/><G80/><T12/><D12/><U6/><E4/><V103/><F103/><W5/><G5/><T0/><D0/><U26/><E30/><V59/><F59/><N who="3" m="35199" /><G3/><T69/><D69/><U33/><E33/><AGARI ba="0,0" hai="24,31,33,36,37,38,41,45,60,65,68" m="47691" machi="33" ten="30,5800,0" yaku="18,1,23,1,52,1" doraHai="21" who="2" fromWho="1" sc="327,0,122,-58,312,58,239,0" /><INIT seed="6,1,0,5,1,131" ten="327,64,370,239" oya="2" hai0="23,115,122,26,51,2,112,11,86,33,62,117,64" hai1="58,113,43,128,66,34,82,46,24,118,53,36,55" hai2="91,59,130,3,30,68,87,7,9,94,85,25,110" hai3="48,80,13,81,44,45,38,31,63,0,74,83,93"/><V1/><F130/><W78/><G0/><T107/><D122/><U39/><E24/><V73/><F73/><W19/><G38/><T109/><D107/><U67/><E34/><V35/><F68/><W97/><G45/><T69/><D109/><U60/><E82/><V18/><F110/><W84/><G63/><T79/><D33/><U116/><E113/><N who="0" m="43593" /><D51/><N who="1" m="27103" /><E128/><V41/><F41/><W108/><G31/><T129/><D129/><U32/><E32/><V89/><F18/><W76/><G108/><T50/><D50/><N who="1" m="31031" /><E118/><V134/><F134/><W124/><G74/><T54/><D11/><U120/><E116/><V15/><F59/><W126/><G78/><T6/><D6/><U125/><E125/><V37/><REACH who="2" step="1"/><F37/><REACH who="2" ten="327,64,360,239" step="2"/><N who="1" m="14409" /><E120/><V90/><F90/><N who="3" m="55479" /><G126/><T10/><D117/><U100/><E100/><V57/><F57/><AGARI ba="1,1" hai="55,57,60,66,67" m="14409,31031,27103" machi="57" ten="30,8000,1" yaku="35,5" doraHai="131" who="1" fromWho="2" sc="327,0,64,93,360,-83,239,0" /><INIT seed="7,0,0,4,0,125" ten="327,157,277,239" oya="3" hai0="17,14,134,23,83,62,2,26,111,123,29,130,76" hai1="35,86,74,133,105,109,28,84,59,131,60,88,57" hai2="99,79,63,97,124,92,16,66,45,21,15,80,38" hai3="24,65,128,10,42,75,56,20,103,108,135,116,53"/><W126/><G116/><T37/><D130/><U19/><E109/><V6/><F6/><W31/><G75/><T0/><D37/><U47/><E74/><V5/><F124/><W13/><G126/><T58/><D123/><U81/><E105/><V98/><F5/><W25/><G135/><T87/><D134/><U9/><E35/><V117/><F117/><W107/><G42/><T122/><D111/><U39/><E133/><V101/><F45/><W33/><G65/><T55/><D122/><U1/><E28/><V44/><F44/><W78/><G78/><T11/><AGARI ba="0,0" hai="0,2,11,14,17,23,26,29,55,58,62,76,83,87" machi="11" ten="20,1500,0" yaku="0,1,7,1" doraHai="125" who="0" fromWho="0" sc="327,15,157,-4,277,-4,239,-7" owari="342,44.2,153,-34.7,273,7.3,232,-16.8" /></mjloggm>