<mjloggm ver="2.3"><GO type="41" lobby="0"/><UN n0="%E9%9D%92%E5%B5%90%E3%81%AE%E4%B8%80%E5%85%83" n1="%E9%9D%A2%E5%89%8D%E8%B6%85%E4%BA%BA" n2="%E2%93%9D%4C%75%63%6B%79%4A" n3="%E3%83%91%E3%83%96%E3%82%8D%E3%82%93" dan="13,13,18,14" rate="1859.84,1838.95,2166.22,1928.53" sx="M,M,M,M"/><TAIKYOKU oya="0"/><INIT seed="0,0,0,1,4,27" ten="250,250,250,250" oya="0" hai0="74,47,73,4,30,51,0,22,15,111,31,98,33" hai1="37,6,25,119,23,28,63,11,87,79,110,66,109" hai2="113,96,62,117,133,101,2,126,68,41,10,118,38" hai3="52,60,108,45,57,100,46,29,14,82,67,94,54"/><T120/><D120/><U80/><E119/><V116/><F113/><W69/><G108/><T130/><D33/><U81/><E80/><V17/><F126/><W78/><G14/><T39/><D39/><U1/><REACH who="1" step="1"/><E37/><REACH who="1" ten="250,240,250,250" step="2"/><V127/><F38/><W35/><G100/><T76/><D111/><U13/><E13/><V93/><F118/><W135/><G94/><T16/><D130/><U65/><E65/><V70/><F117/><W9/><G135/><T121/><D121/><U32/><E32/><V85/><F116/><W34/><G9/><T8/><D98/><U102/><E102/><V56/><F101/><W59/><G35/><T43/><REACH who="0" step="1"/><D76/><REACH who="0" ten="240,240,250,250" step="2"/><U128/><E128/><V104/><F133/><W89/><G78/><T19/><D19/><U44/><E44/><V49/><F127/><W106/><G34/><T107/><D107/><U50/><E50/><V105/><F49/><W129/><G129/><T72/><AGARI ba="0,2" hai="0,4,8,15,16,22,30,31,43,47,51,72,73,74" machi="72" ten="30,12000,1" yaku="1,1,0,1,52,2,54,1,53,0" doraHai="27" doraHaiUra="83" who="0" fromWho="0" sc="240,140,240,-40,250,-40,250,-40" /><INIT seed="0,1,0,2,5,14" ten="380,200,210,210" oya="0" hai0="103,55,73,3,12,94,114,121,71,132,53,45,93" hai1="72,92,102,6,13,17,98,61,33,7,56,28,4" hai2="35,74,111,78,83,128,133,69,97,18,112,9,59" hai3="113,107,1,95,32,108,46,43,110,87,90,37,77"/><T123/><D3/><U36/><E72/><V42/><F112/><W118/><G113/><T24/><D71/><U134/><E36/><V44/><F35/><W5/><G118/><T88/><D103/><U58/><E134/><V21/><F69/><W130/><G32/><T135/><D73/><U40/><E40/><V106/><F111/><N who="3" m="42539" /><G130/><T31/><D94/><U84/><E84/><V125/><F125/><W99/><G107/><T131/><D114/><U104/><E104/><V67/><F9/><N who="3" m="2223" /><G77/><T54/><D131/><U26/><REACH who="1" step="1"/><E61/><REACH who="1" ten="380,190,210,210" step="2"/><V57/><F128/><W50/><G87/><N who="0" m="52383" /><D135/><U63/><E63/><V47/><F133/><W96/><G96/><T68/><D132/><U80/><E80/><V100/><F83/><W34/><G37/><T70/><D123/><U2/><E2/><V27/><F74/><W38/><G38/><T41/><D121/><U65/><E65/><V124/><F67/><W0/><G0/><T52/><D70/><U22/><AGARI ba="1,1" hai="4,6,7,13,17,22,26,28,33,56,58,92,98,102" machi="22" ten="30,4000,0" yaku="1,1,0,1,52,1,53,0" doraHai="14" doraHaiUra="81" who="1" fromWho="1" sc="380,-21,190,53,210,-11,210,-11" /><INIT seed="1,0,0,0,2,100" ten="359,243,199,199" oya="1" hai0="81,29,73,114,68,6,86,39,8,61,110,0,35" hai1="66,56,124,130,99,67,123,11,55,118,9,52,47" hai2="65,127,113,14,25,49,46,3,102,121,105,112,34" hai3="22,106,54,109,126,83,16,36,125,84,41,69,128"/><U74/><E123/><V108/><F121/><W76/><G109/><T48/><D114/><N who="2" m="44138" /><F3/><W117/><G128/><T60/><D110/><U122/><E122/><V87/><F108/><W31/><G69/><T18/><D73/><U42/><E118/><V96/><F14/><W90/><G117/><T103/><D39/><U75/><E130/><V88/><F65/><W134/><G134/><T26/><D68/><U59/><E99/><V95/><F25/><W77/><G31/><T135/><D103/><U119/><E119/><V78/><F34/><W23/><G54/><T20/><D48/><U15/><E15/><V133/><F78/><W5/><G5/><T7/><D7/><U19/><E19/><V53/><F127/><N who="3" m="48651" /><G23/><T89/><D135/><AGARI ba="0,0" hai="46,49,53,87,88,95,96,102,105,133,135" m="44138" machi="135" ten="30,3900,0" yaku="11,1,52,1,54,1" doraHai="100" who="2" fromWho="0" sc="359,-39,243,0,199,39,199,0" /><INIT seed="2,0,0,4,2,119" ten="320,243,238,199" oya="2" hai0="35,95,125,131,66,62,44,69,70,32,93,77,45" hai1="117,51,61,72,115,7,129,87,94,10,28,112,91" hai2="68,63,17,78,6,121,109,19,130,86,40,49,74" hai3="42,84,25,113,75,16,132,34,114,89,18,82,120"/><V127/><F74/><W99/><G132/><T15/><D77/><U48/><E117/><V123/><F6/><W54/><G42/><T60/><D15/><U41/><E72/><V47/><F127/><W135/><G135/><T52/><D125/><U3/><E28/><V50/><F130/><W64/><G64/><T24/><D66/><U9/><E10/><V27/><F109/><W133/><G133/><T2/><D24/><U108/><E108/><V118/><F118/><W105/><G54/><T96/><D96/><U97/><E61/><V122/><F50/><W12/><G75/><T103/><D103/><U1/><E1/><V21/><F63/><W20/><G120/><T31/><D31/><U37/><E37/><V126/><F126/><W59/><G59/><T39/><D39/><U104/><E129/><V23/><F68/><W76/><G34/><T81/><D81/><U107/><E107/><V134/><F134/><W71/><G71/><T128/><REACH who="0" step="1"/><D52/><REACH who="0" ten="310,243,238,199" step="2"/><U53/><E53/><V88/><F78/><W102/><REACH who="3" step="1"/><G76/><REACH who="3" ten="310,243,238,189" step="2"/><T124/><D124/><U55/><E55/><V8/><F123/><W14/><G14/><T57/><D57/><U101/><E41/><V106/><F122/><W110/><G110/><T65/><D65/><U56/><E56/><V80/><F121/><W98/><G98/><T85/><D85/><U58/><E58/><V43/><F43/><W22/><AGARI ba="0,2" hai="12,16,18,20,22,25,82,84,89,99,102,105,113,114" machi="22" ten="30,4000,0" yaku="1,1,0,1,54,1,53,0" doraHai="119" doraHaiUra="30" who="3" fromWho="3" sc="310,-10,243,-10,238,-20,189,60" /><INIT seed="3,0,0,1,3,33" ten="300,233,218,249" oya="3" hai0="76,108,48,9,82,109,72,56,135,107,87,119,2" hai1="94,64,113,79,110,130,11,133,20,134,78,105,42" hai2="40,91,116,37,17,22,74,31,12,99,63,129,47" hai3="45,89,57,121,54,92,114,66,60,7,15,106,35"/><W128/><G128/><T8/><D107/><U118/><E64/><V52/><F129/><W70/><G114/><T43/><D119/><U10/><E42/><V112/><F112/><W29/><G121/><T59/><D135/><U101/><E20/><V83/><F116/><W81/><G106/><T117/><D117/><U125/><E11/><V41/><F31/><W80/><G7/><T30/><D30/><U39/><E10/><V97/><F41/><W103/><G103/><T32/><D32/><U36/><E133/><V14/><F14/><W38/><G15/><T6/><D9/><U84/><E84/><V23/><F23/><W69/><G69/><T120/><D120/><U73/><E94/><V16/><F17/><W86/><G29/><T27/><D27/><U127/><E101/><V58/><REACH who="2" step="1"/><F91/><REACH who="2" ten="300,233,208,249" step="2"/><W98/><G35/><T124/><D109/><U21/><E21/><V25/><F25/><W46/><G38/><T68/><D108/><U93/><E130/><V88/><F88/><W132/><G132/><T90/><D43/><U71/><E113/><V18/><F18/><W67/><G67/><T131/><D131/><U4/><E118/><V62/><F62/><W65/><G65/><T115/><D90/><U61/><E134/><V44/><F44/><W5/><G66/><T0/><D115/><U1/><E39/><V111/><F111/><W102/><G46/><T51/><D68/><U50/><E36/><V13/><F13/><W77/><G45/><T96/><D2/><U85/><E110/><V126/><F126/><W122/><G60/><T34/><D124/><RYUUKYOKU ba="0,1" sc="300,-10,233,-10,208,30,249,-10" hai2="12,16,22,37,40,47,52,58,63,74,83,97,99" /><INIT seed="4,1,1,1,4,2" ten="290,223,238,239" oya="0" hai0="82,55,80,18,10,11,110,118,74,113,78,85,88" hai1="71,108,25,3,135,57,101,7,37,29,100,35,128" hai2="87,45,91,126,15,14,12,130,107,125,39,54,73" hai3="117,96,28,120,112,84,90,38,1,47,31,79,123"/><T24/><D118/><U68/><E108/><V76/><F107/><W109/><G109/><T60/><D110/><U27/><E37/><V5/><F73/><W51/><G117/><T64/><D55/><U36/><E36/><V58/><F76/><W48/><G38/><T16/><D113/><U98/><E135/><V111/><F111/><W94/><G112/><T132/><D132/><U92/><E27/><V19/><F130/><W72/><G72/><T20/><REACH who="0" step="1"/><D18/><REACH who="0" ten="280,223,238,239" step="2"/><U13/><E128/><V22/><F126/><W106/><G120/><T129/><D129/><U49/><E71/><AGARI ba="1,2" hai="10,11,16,20,24,60,64,71,74,78,80,82,85,88" machi="71" ten="30,11600,0" yaku="1,1,7,1,54,2,53,0" doraHai="2" doraHaiUra="9" who="0" fromWho="1" sc="280,139,223,-119,238,0,239,0" /><INIT seed="4,2,0,4,3,87" ten="419,104,238,239" oya="0" hai0="14,69,25,65,40,31,101,115,7,32,29,71,130" hai1="45,92,114,63,116,53,83,94,111,72,132,84,48" hai2="109,86,39,95,85,90,10,36,77,37,3,107,9" hai3="60,16,128,99,97,64,50,88,76,106,2,46,62"/><T74/><D74/><U1/><E72/><V133/><F109/><W89/><G2/><T47/><D31/><U54/><E111/><V108/><F108/><W42/><G106/><T122/><D122/><U55/><E1/><V4/><F107/><W35/><G35/><T81/><D65/><U19/><E116/><V127/><F127/><W61/><G128/><T20/><D101/><U24/><E114/><V59/><F10/><W0/><G0/><T80/><D115/><U91/><E132/><V121/><F121/><W8/><G76/><T58/><D130/><U112/><E112/><V100/><F100/><W28/><G28/><T18/><D58/><U33/><E33/><V118/><F118/><W124/><G124/><T44/><D44/><U43/><REACH who="1" step="1"/><E63/><REACH who="1" ten="419,94,238,239" step="2"/><V82/><REACH who="2" step="1"/><F59/><REACH who="2" ten="419,94,228,239" step="2"/><W56/><G56/><T23/><D71/><U51/><E51/><V52/><F52/><W38/><G64/><T67/><D69/><U41/><E41/><V134/><AGARI ba="2,2" hai="3,4,9,36,37,39,77,82,85,86,90,95,133,134" machi="134" ten="40,5200,0" yaku="1,1,0,1,52,1,53,0" doraHai="87" doraHaiUra="135" who="2" fromWho="2" sc="419,-28,94,-15,228,78,239,-15" /><INIT seed="5,0,0,5,2,110" ten="391,79,306,224" oya="1" hai0="113,99,134,15,94,98,130,27,105,45,34,39,76" hai1="74,90,10,5,97,82,133,12,103,0,25,87,58" hai2="11,41,28,21,37,127,109,81,36,19,44,122,29" hai3="43,48,102,115,119,73,107,4,2,70,72,112,68"/><U61/><E133/><V64/><F109/><W22/><G22/><T116/><D116/><U51/><E74/><N who="3" m="28778" /><G48/><T62/><D134/><U52/><E25/><V118/><F122/><W131/><G43/><T114/><D76/><U24/><E24/><V1/><F127/><W3/><G119/><T124/><D15/><U121/><E121/><V9/><F64/><W89/><G89/><T17/><D124/><U7/><E51/><V14/><F37/><W71/><G131/><T38/><D130/><U117/><E117/><V93/><F11/><N who="3" m="2455" /><G3/><T104/><D17/><U42/><E42/><V57/><F1/><W20/><G20/><T18/><D18/><U108/><E108/><V67/><F21/><W40/><G40/><T60/><D94/><U84/><E87/><V65/><F93/><W86/><G86/><T30/><D45/><U8/><E103/><V95/><F95/><W100/><G100/><N who="0" m="62487" /><D62/><U23/><E23/><V96/><F118/><W132/><G132/><T85/><D60/><U92/><REACH who="1" step="1"/><E82/><REACH who="1" ten="391,69,306,224" step="2"/><V54/><F81/><W120/><G120/><T126/><D85/><U49/><E49/><V129/><F129/><W77/><G77/><T47/><D126/><U16/><E16/><V78/><F19/><W6/><G6/><T123/><D123/><U50/><E50/><N who="2" m="30935" /><F78/><W26/><G26/><T13/><D39/><U63/><E63/><V106/><F36/><W75/><G75/><T88/><D38/><U101/><E101/><N who="2" m="62759" /><F41/><W125/><G125/><T83/><D83/><U53/><E53/><V91/><F44/><W46/><G46/><T111/><D47/><RYUUKYOKU ba="0,1" sc="391,-15,69,15,306,-15,224,15" hai1="0,5,7,8,10,12,52,58,61,84,90,92,97" hai3="68,70,71,102,107,112,115" /><INIT seed="5,1,1,2,5,23" ten="376,84,291,239" oya="1" hai0="53,81,130,47,119,72,87,115,62,90,133,126,42" hai1="19,102,109,46,70,54,38,22,105,49,25,80,5" hai2="57,61,52,111,50,129,76,32,63,51,118,11,117" hai3="55,83,26,71,103,69,30,45,1,20,134,29,112"/><U122/><E70/><V123/><F32/><W108/><G108/><T8/><D119/><N who="2" m="45578" /><F76/><W113/><G1/><T79/><D133/><U91/><E109/><V92/><F92/><W75/><G134/><T18/><D130/><U74/><E122/><V43/><F11/><W110/><G110/><T60/><D126/><U125/><E125/><V88/><F88/><W33/><G103/><T132/><D132/><U73/><E5/><V9/><F9/><W65/><G83/><T104/><D104/><U67/><E67/><V10/><F10/><W48/><G75/><T7/><D18/><U66/><E66/><V58/><F111/><W44/><G44/><T94/><D53/><U85/><REACH who="1" step="1"/><E38/><REACH who="1" ten="376,74,291,239" step="2"/><V13/><F123/><W17/><G65/><T68/><D68/><U128/><E128/><V35/><F129/><W106/><G69/><T98/><D115/><U27/><E27/><V114/><F114/><W31/><G71/><T64/><D64/><U77/><E77/><V127/><F127/><W34/><G112/><T121/><D121/><U131/><E131/><V78/><F78/><W116/><G113/><T16/><D7/><U37/><E37/><V82/><F13/><W100/><G116/><T4/><D4/><U39/><E39/><V14/><F14/><W59/><G26/><T21/><D79/><U36/><E36/><V3/><F3/><W28/><G33/><T101/><D72/><U84/><E84/><V89/><F35/><W15/><G34/><T93/><D87/><U107/><E107/><V0/><F0/><W124/><G124/><T86/><D98/><AGARI ba="1,2" hai="19,22,25,46,49,54,73,74,80,85,91,98,102,105" machi="98" ten="40,12000,1" yaku="1,1,6,1,52,1,53,1" doraHai="23" doraHaiUra="40" who="1" fromWho="0" sc="376,-123,74,143,291,0,239,0" /><INIT seed="5,2,0,2,0,25" ten="253,217,291,239" oya="1" hai0="135,62,20,113,78,77,82,22,56,42,89,41,76" hai1="98,10,107,27,68,119,106,94,99,126,110,14,7" hai2="50,116,30,38,92,96,31,85,16,123,80,128,64" hai3="48,87,127,6,88,84,0,1,109,112,101,51,59"/><U35/><E68/><V60/><F116/><W93/><G112/><T65/><D113/><U111/><E119/><V11/><F38/><W18/><G127/><T131/><D135/><U9/><E126/><V47/><F123/><W43/><G109/><N who="1" m="41482" /><E10/><V133/><F128/><W28/><G101/><T69/><D69/><U17/><E94/><V32/><F32/><W3/><G6/><T74/><D74/><U44/><E44/><V120/><F120/><W67/><G18/><T81/><D131/><U66/><E66/><V53/><F133/><W117/><G117/><T37/><D37/><U86/><E86/><V13/><F60/><W115/><G115/><T34/><D34/><U36/><E36/><V24/><F64/><W73/><G73/><T102/><D102/><U90/><E90/><N who="2" m="51495" /><F24/><W2/><G2/><T61/><D89/><AGARI ba="2,0" hai="11,13,16,30,31,47,50,53,89,92,96" m="51495" machi="89" ten="30,8000,1" yaku="25,1,8,1,52,2,54,1" doraHai="25" who="2" fromWho="0" sc="253,-86,217,0,291,86,239,0" /><INIT seed="6,0,0,4,3,91" ten="167,217,377,239" oya="2" hai0="108,48,133,24,6,47,63,61,94,78,99,85,46" hai1="109,44,2,84,127,112,114,80,102,0,113,42,34" hai2="95,130,39,5,43,69,19,118,18,115,17,50,125" hai3="21,77,11,38,29,49,87,15,83,104,82,23,59"/><V106/><F118/><W116/><G116/><T28/><D108/><U100/><E109/><V105/><F69/><W129/><G129/><T128/><D133/><U64/><E64/><V40/><F39/><W56/><G38/><T26/><D128/><U103/><E34/><V88/><F130/><W86/><G104/><T123/><D6/><U54/><E54/><V25/><F115/><W101/><G101/><T134/><D47/><U117/><E117/><V35/><F125/><W70/><G70/><T124/><D134/><U20/><E20/><V60/><F60/><W45/><G56/><T33/><D124/><U75/><E75/><V81/><F81/><W93/><G59/><T4/><D4/><U41/><E127/><V57/><F5/><W135/><G135/><T92/><D123/><U122/><E122/><V132/><F132/><W37/><G37/><T62/><D28/><U97/><E97/><N who="2" m="57575" /><F35/><W13/><G83/><N who="0" m="47351" /><D99/><U1/><REACH who="1" step="1"/><E44/><REACH who="1" ten="167,207,377,239" step="2"/><V32/><F32/><W67/><G45/><T55/><D33/><U126/><E126/><V76/><F106/><W14/><G23/><T73/><D73/><U3/><N who="1" m="0" /><DORA hai="68" /><U22/><E22/><V98/><F98/><W96/><G96/><T10/><D10/><U9/><E9/><V53/><F105/><W27/><G21/><T72/><D72/><U30/><E30/><V58/><F25/><AGARI ba="0,1" hai="24,25,26,46,48,55,61,62,63,92,94" m="47351" machi="25" ten="30,3900,0" yaku="8,1,52,2" doraHai="91,68" who="0" fromWho="2" sc="167,49,207,0,377,-39,239,0" /><INIT seed="7,0,0,1,3,41" ten="216,207,338,239" oya="3" hai0="21,115,134,26,131,127,66,96,78,129,36,37,12" hai1="104,101,83,93,28,77,81,97,13,51,11,100,80" hai2="92,94,62,82,46,124,116,60,53,10,113,56,114" hai3="50,55,95,61,89,125,107,108,99,19,98,40,57"/><W2/><G2/><T84/><D12/><U85/><E28/><V14/><F116/><W122/><G122/><T9/><D66/><U68/><E68/><V25/><F124/><W1/><G1/><T45/><D9/><U27/><E27/><V102/><F102/><W126/><G108/><T109/><D109/><U112/><E101/><V110/><F82/><W38/><G107/><T52/><D127/><N who="3" m="48649" /><G38/><T16/><D96/><U111/><E111/><V73/><F73/><W86/><G19/><T3/><D3/><U106/><E106/><V0/><F0/><W123/><G123/><T33/><D33/><U59/><E112/><V42/><F114/><W88/><G89/><T90/><D78/><U47/><E59/><V54/><F113/><W58/><G40/><T34/><D34/><U15/><E15/><V76/><F14/><W87/><G99/><T18/><D18/><U35/><E35/><V72/><F110/><W71/><G71/><T69/><D69/><U91/><E13/><V22/><F76/><W135/><G135/><T49/><D115/><U118/><E11/><V48/><F10/><W29/><G29/><T121/><D134/><U103/><E118/><V75/><F42/><W5/><G5/><T64/><D64/><AGARI ba="0,0" hai="50,55,57,58,61,64,86,87,88,95,98" m="48649" machi="64" ten="30,2900,0" yaku="18,1,54,1" doraHai="41" who="3" fromWho="0" sc="216,-29,207,0,338,0,239,29" /><INIT seed="7,1,0,0,2,68" ten="187,207,338,268" oya="3" hai0="1,76,31,61,41,135,64,23,40,37,45,58,113" hai1="122,89,52,97,55,60,128,39,124,80,96,14,56" hai2="103,26,6,129,13,35,109,2,112,8,120,101,15" hai3="81,24,99,92,110,114,77,90,72,104,49,69,50"/><W65/><G114/><T119/><D1/><U36/><E122/><V9/><F112/><W108/><G104/><T66/><D113/><U78/><E14/><V87/><F2/><W18/><G69/><T95/><D119/><U57/><E128/><V71/><F71/><W121/><G65/><T123/><D76/><U16/><E124/><V106/><F106/><W59/><G121/><T70/><D95/><U7/><E7/><V131/><F87/><W94/><G94/><T25/><D123/><U88/><E78/><V130/><F109/><N who="3" m="42091" /><G59/><T102/><D102/><U4/><E4/><N who="2" m="3495" /><F120/><W38/><G38/><T127/><D127/><U85/><E16/><V105/><F105/><W86/><G86/><T91/><D135/><U82/><E85/><V132/><F132/><W21/><AGARI ba="1,0" hai="18,21,24,49,50,72,77,81,90,92,99" m="42091" machi="21" ten="30,1500,0" yaku="10,1" doraHai="68" who="3" fromWho="3" sc="187,-6,207,-6,338,-6,268,18" /><INIT seed="7,2,0,1,4,35" ten="181,201,332,286" oya="3" hai0="47,129,116,74,27,72,121,58,12,43,65,4,70" hai1="64,85,110,112,19,66,67,127,95,16,109,61,40" hai2="99,131,135,30,84,132,68,100,34,22,122,52,56" hai3="7,103,92,128,79,114,108,48,105,80,63,134,50"/><W78/><G63/><T11/><D70/><U39/><E39/><V36/><F36/><W42/><G42/><T104/><D121/><U102/><E40/><V111/><F34/><W2/><G114/><T75/><D116/><U62/><E112/><V9/><F9/><W46/><G46/><T120/><D104/><U3/><E3/><V28/><F131/><W29/><G29/><T97/><D120/><U55/><E102/><V38/><F84/><W53/><G53/><T119/><D119/><U10/><E85/><V81/><F81/><W106/><G128/><T90/><D129/><U49/><E95/><V117/><F68/><W33/><G33/><T1/><D27/><U124/><E10/><V77/><F77/><W118/><G118/><T54/><D65/><U69/><E69/><V51/><F38/><W25/><G25/><T20/><D97/><U130/><E130/><V45/><F122/><W83/><G92/><T24/><D90/><U91/><E91/><V82/><F82/><W101/><G134/><T89/><D89/><U14/><E14/><V31/><F117/><W76/><G76/><T60/><D12/><U73/><E67/><V71/><F71/><W13/><G13/><T94/><D94/><U32/><E32/><V8/><F135/><W26/><G26/><T44/><REACH who="0" step="1"/><D43/><REACH who="0" ten="171,201,332,286" step="2"/><U37/><E66/><V21/><F132/><W125/><G7/><T41/><D41/><U113/><E64/><V88/><F88/><W98/><G98/><T107/><D107/><U6/><E113/><V5/><F99/><W57/><G106/><T93/><D93/><RYUUKYOKU ba="2,1" sc="171,30,201,-10,332,-10,286,-10" hai0="1,4,11,20,24,44,47,54,58,60,72,74,75" owari="201,-19.9,191,-30.9,332,43.2,276,7.6" /></mjloggm>