<mjloggm ver="2.3"><GO type="41" lobby="0"/><UN n0="%36%31%36%34" n1="%E2%93%9D%4C%75%63%6B%79%4A" n2="%4B%72%61%75%73%65%72" n3="%E8%A5%BF%E4%B8%AD%E5%B3%B6" dan="15,17,14,14" rate="1992.96,2129.25,1945.92,1928.05" sx="M,M,M,M"/><TAIKYOKU oya="0"/><INIT seed="0,0,0,2,0,18" ten="250,250,250,250" oya="0" hai0="52,23,80,15,67,102,10,98,75,68,73,78,27" hai1="9,39,50,58,94,104,81,105,37,119,22,56,79" hai2="110,47,123,34,60,103,128,69,35,126,11,1,21" hai3="108,111,62,87,113,93,6,83,112,51,106,95,33"/><T64/><D75/><U131/><E119/><V54/><F123/><W16/><G33/><T82/><D82/><U121/><E121/><V63/><F126/><W124/><G124/><T31/><D68/><U40/><E9/><V12/><F110/><N who="3" m="42027" /><G106/><T135/><D135/><U120/><E94/><V53/><F103/><W132/><G6/><T19/><REACH who="0" step="1"/><D52/><REACH who="0" ten="240,250,250,250" step="2"/><U14/><E81/><V49/><F54/><W7/><G132/><T44/><D44/><U71/><E71/><V90/><F69/><W70/><G70/><T107/><AGARI ba="0,1" hai="10,15,19,23,27,31,64,67,73,78,80,98,102,107" machi="107" ten="20,7800,0" yaku="1,1,0,1,7,1,52,1,53,0" doraHai="18" doraHaiUra="125" who="0" fromWho="0" sc="240,88,250,-26,250,-26,250,-26" /><INIT seed="0,1,0,0,5,135" ten="328,224,224,224" oya="0" hai0="109,76,25,2,49,80,112,3,5,90,97,83,130" hai1="59,82,66,37,133,46,62,107,6,84,27,22,1" hai2="43,93,10,35,65,56,53,34,20,15,122,24,111" hai3="85,87,118,79,33,105,95,89,68,121,4,42,45"/><T17/><D112/><U48/><E133/><V36/><F122/><W75/><G118/><T7/><D130/><U119/><E119/><V77/><F77/><W44/><G121/><T126/><D109/><U12/><E37/><V114/><F65/><W92/><G68/><T63/><D63/><U120/><E107/><V100/><F43/><W21/><G105/><T127/><D3/><U74/><E74/><V31/><F36/><W81/><G33/><T50/><D2/><U115/><E1/><V9/><F111/><W18/><G4/><T125/><D7/><U60/><E62/><V47/><F47/><W103/><G103/><T110/><D5/><U132/><E132/><V40/><F40/><W61/><G61/><T113/><D110/><U117/><E115/><V106/><F106/><W26/><REACH who="3" step="1"/><G42/><REACH who="3" ten="328,224,224,214" step="2"/><T70/><D113/><U99/><BYE who="3" /><E120/><V128/><F114/><W91/><G91/><T51/><D70/><U13/><E6/><V78/><F128/><W134/><G134/><T23/><D76/><U124/><E60/><V0/><F78/><W58/><G58/><T72/><D72/><U8/><E59/><V69/><F69/><W28/><G28/><T32/><D32/><U71/><E71/><V94/><F0/><W129/><G129/><T67/><D67/><U88/><E66/><V108/><F108/><W41/><G41/><T116/><D116/><U54/><E117/><V57/><F35/><W16/><G16/><T11/><D11/><N who="2" m="4106" /><F100/><W98/><G98/><T39/><D39/><U14/><E8/><V123/><F57/><W96/><G96/><RYUUKYOKU ba="1,1" sc="328,15,224,-15,224,-15,214,15" hai0="17,23,25,49,50,51,80,83,90,97,125,126,127" hai3="18,21,26,44,45,75,79,81,85,87,89,92,95" /><INIT seed="0,2,1,1,0,77" ten="343,209,209,229" oya="0" hai0="62,126,38,110,90,29,133,88,37,128,50,39,132" hai1="5,2,11,89,121,123,97,114,134,73,16,125,118" hai2="72,74,78,45,34,120,1,119,93,47,17,66,31" hai3="79,57,67,60,65,117,58,83,84,102,115,6,101"/><T82/><D29/><U100/><E118/><V96/><F1/><W76/><G76/><T46/><D126/><U10/><E73/><V131/><F131/><W48/><G48/><T99/><D128/><U75/><E75/><V9/><F120/><W109/><G109/><T69/><D110/><U21/><E125/><V98/><F66/><W18/><G18/><T107/><D107/><U20/><E89/><V56/><F98/><W112/><G112/><T12/><D12/><N who="1" m="7199" /><E97/><V30/><F34/><W19/><G19/><T54/><D99/><U135/><E100/><V7/><F72/><W71/><G71/><T61/><D69/><U13/><E114/><V36/><F17/><W4/><G4/><T49/><D49/><U108/><E108/><V103/><F56/><W33/><G33/><T68/><D68/><U122/><E2/><N who="2" m="247" /><F47/><W63/><G63/><T106/><D106/><U124/><E124/><V26/><F26/><W44/><G44/><T23/><D23/><AGARI ba="2,1" hai="5,10,13,20,21,23,121,122,123,134,135" m="7199" machi="23" ten="40,5200,0" yaku="34,2,54,1" doraHai="77" who="1" fromWho="0" sc="343,-58,209,68,209,0,229,0" /><INIT seed="1,0,0,1,2,36" ten="285,277,209,229" oya="1" hai0="13,70,83,80,123,97,100,112,106,121,5,51,29" hai1="96,102,74,44,72,125,14,33,76,3,56,69,30" hai2="87,108,18,91,94,85,1,63,98,48,86,27,134" hai3="57,26,126,89,61,9,93,77,8,119,37,71,82"/><U68/><E56/><V95/><F1/><W55/><G55/><T88/><D70/><U42/><E14/><V7/><F108/><W75/><G75/><T62/><D112/><U16/><E125/><V90/><F7/><W116/><G116/><T31/><D62/><U0/><E16/><V115/><F134/><W127/><G127/><T54/><D13/><U39/><E74/><V66/><F48/><W99/><G99/><T92/><D5/><U101/><E102/><V129/><F129/><W59/><G59/><T49/><D31/><U65/><E76/><V4/><F4/><W120/><G120/><N who="0" m="46155" /><D29/><U24/><E72/><V47/><F47/><W133/><G133/><T60/><D60/><N who="1" m="40103" /><E68/><V118/><F118/><W131/><G131/><T45/><D51/><U84/><E84/><AGARI ba="0,0" hai="45,49,54,80,83,84,88,92,97,100,106" m="46155" machi="84" ten="30,2000,0" yaku="13,1,54,1" doraHai="36" who="0" fromWho="1" sc="285,20,277,-20,209,0,229,0" /><INIT seed="2,0,0,3,1,119" ten="305,257,209,229" oya="2" hai0="56,74,113,18,24,22,29,93,26,123,44,4,84" hai1="69,11,14,116,51,90,5,98,128,104,46,40,126" hai2="43,133,41,73,78,6,87,82,2,7,17,12,57" hai3="19,111,101,85,64,27,70,39,13,15,55,49,36"/><V58/><F133/><W47/><G47/><T37/><D113/><U115/><E116/><V107/><F107/><W23/><G23/><T96/><D74/><U20/><E126/><V21/><F73/><W71/><G71/><T3/><D84/><U102/><E128/><V42/><REACH who="2" step="1"/><F2/><REACH who="2" ten="305,257,199,229" step="2"/><W117/><G117/><T72/><D72/><U108/><E104/><V86/><F86/><W16/><G16/><T50/><D3/><U118/><E118/><V59/><AGARI ba="0,1" hai="6,7,12,17,21,41,42,43,57,58,59,78,82,87" machi="59" ten="30,6000,0" yaku="1,1,0,1,8,1,53,0" doraHai="119" doraHaiUra="129" who="2" fromWho="2" sc="305,-20,257,-20,199,70,229,-20" /><INIT seed="2,1,0,2,1,118" ten="285,237,269,209" oya="2" hai0="68,78,7,122,131,32,50,29,65,10,13,55,57" hai1="1,124,16,64,70,36,107,58,43,42,11,95,46" hai2="133,116,104,21,63,17,18,129,106,14,115,117,126" hai3="12,85,103,79,61,34,37,83,105,111,75,2,99"/><V92/><F115/><UN n3="%E8%A5%BF%E4%B8%AD%E5%B3%B6" /><W71/><G2/><T113/><D113/><U109/><E107/><V60/><F133/><W86/><G37/><T77/><D131/><U120/><E109/><V9/><F129/><W33/><G111/><T22/><D65/><U8/><E124/><V125/><F92/><W25/><G12/><T81/><D68/><U23/><E43/><V53/><F53/><W98/><G98/><T102/><D102/><U121/><E70/><V49/><F49/><W20/><G34/><T76/><D32/><U47/><E47/><V73/><F73/><W128/><G128/><T91/><D122/><N who="1" m="47211" /><E1/><V108/><F108/><W110/><G110/><T84/><D29/><U69/><E69/><V5/><F18/><W19/><REACH who="3" step="1"/><G33/><REACH who="3" ten="285,237,269,199" step="2"/><T40/><D22/><U74/><E74/><V59/><F116/><W0/><G0/><T56/><REACH who="0" step="1"/><D40/><REACH who="0" ten="275,237,269,199" step="2"/><U27/><E42/><V39/><F117/><W134/><G134/><T4/><D4/><U87/><E36/><V52/><F39/><W97/><G97/><T72/><D72/><U100/><E87/><V45/><F125/><W15/><G15/><T94/><D94/><U119/><E95/><V93/><F126/><W127/><G127/><T30/><D30/><U130/><E130/><V90/><F104/><W135/><G135/><T66/><D66/><AGARI ba="1,2" hai="19,20,25,61,66,71,75,79,83,85,86,99,103,105" machi="66" ten="40,2600,0" yaku="1,1,53,1" doraHai="118" doraHaiUra="96" who="3" fromWho="0" sc="275,-29,237,0,269,0,199,49" /><INIT seed="3,0,0,5,1,67" ten="246,237,269,248" oya="3" hai0="26,124,44,82,41,84,98,18,77,42,78,81,31" hai1="52,79,19,74,104,53,103,105,20,24,14,101,126" hai2="32,131,102,16,111,5,11,8,93,123,135,107,37" hai3="76,33,38,65,59,86,134,80,122,54,72,119,9"/><W57/><G122/><T21/><D124/><U17/><E126/><V68/><F107/><W100/><G119/><T36/><D42/><U23/><E79/><V2/><F111/><W55/><G33/><T97/><REACH who="0" step="1"/><D31/><REACH who="0" ten="236,237,269,248" step="2"/><U116/><E116/><V62/><F123/><W108/><G108/><T10/><D10/><U0/><E0/><V1/><F1/><W39/><G9/><T69/><D69/><U22/><E23/><V25/><F11/><W85/><G38/><T120/><D120/><U109/><E109/><V34/><F2/><W48/><G39/><T6/><D6/><U66/><E66/><V90/><F8/><W71/><G134/><T88/><D88/><U113/><E113/><V115/><F5/><W7/><G7/><T64/><D64/><U63/><E53/><V51/><F115/><W60/><REACH who="3" step="1"/><G100/><REACH who="3" ten="236,237,269,238" step="2"/><T28/><D28/><U30/><E30/><V75/><F102/><W43/><G43/><T29/><D29/><U61/><E103/><V99/><F37/><W56/><G56/><T46/><D46/><U70/><E105/><V96/><F135/><W106/><G106/><T3/><D3/><U125/><E104/><V91/><F34/><W13/><G13/><T133/><D133/><U129/><E14/><V92/><F32/><W40/><G40/><T4/><D4/><U47/><E125/><V15/><F15/><W132/><G132/><T114/><D114/><U12/><E12/><V49/><F25/><W27/><G27/><T121/><D121/><U35/><E35/><V112/><F112/><W45/><G45/><T130/><D130/><RYUUKYOKU ba="0,2" sc="236,15,237,-15,269,-15,238,15" hai0="18,21,26,36,41,44,77,78,81,82,84,97,98" hai3="48,54,55,57,59,60,65,71,72,76,80,85,86" /><INIT seed="3,1,2,2,4,11" ten="251,222,254,253" oya="3" hai0="69,43,117,76,91,101,58,111,88,110,56,57,27" hai1="48,3,83,42,84,35,49,71,100,106,123,50,53" hai2="63,17,26,32,121,108,29,87,130,0,94,127,89" hai3="14,86,92,23,93,55,129,96,120,126,119,107,34"/><W46/><G120/><T70/><D117/><U105/><E123/><V25/><F108/><N who="0" m="41514" /><D76/><U134/><E3/><V13/><F0/><W54/><G119/><T72/><D72/><U66/><E35/><V81/><F130/><W47/><G129/><T82/><D43/><U103/><E42/><V15/><F127/><W45/><G34/><T113/><D113/><U22/><E66/><V9/><F63/><W125/><G107/><T39/><D39/><U52/><E71/><N who="0" m="27145" /><D82/><U128/><E134/><V59/><F59/><W38/><G38/><T20/><D101/><N who="1" m="38987" /><E106/><V75/><F121/><W5/><G86/><T12/><D12/><U67/><E105/><V85/><F75/><W21/><G125/><T74/><D74/><U135/><E135/><V37/><F37/><W122/><G126/><T68/><N who="0" m="27153" /><T131/><DORA hai="30" /><D131/><U60/><E128/><V41/><F41/><W7/><G122/><T80/><D80/><U109/><E109/><V19/><F26/><W118/><G118/><T4/><D4/><U78/><E22/><V124/><F124/><W98/><G45/><T90/><D90/><U62/><E67/><V31/><F25/><W65/><G65/><T102/><D102/><U73/><E73/><V97/><F32/><W79/><REACH who="3" step="1"/><G79/><REACH who="3" ten="251,222,254,243" step="2"/><T61/><D61/><AGARI ba="1,3" hai="48,49,50,52,53,60,61,62,78,83,84" m="38987" machi="61" ten="30,2000,0" yaku="8,1,54,1" doraHai="11,30" who="1" fromWho="0" sc="251,-23,222,53,254,0,243,0" /><INIT seed="4,0,0,0,4,45" ten="228,275,254,243" oya="0" hai0="85,101,42,68,86,16,22,37,125,78,46,44,26" hai1="79,111,47,102,89,19,118,83,69,56,67,93,74" hai2="28,27,23,72,90,50,34,65,61,96,31,113,13" hai3="54,130,108,126,119,49,4,71,75,1,35,41,32"/><T80/><D68/><U10/><E118/><V66/><F72/><W20/><G75/><T123/><D123/><U106/><E111/><V15/><F113/><W58/><G119/><T60/><D125/><U97/><E69/><V33/><F66/><W73/><G73/><T6/><D101/><U104/><E19/><V70/><F90/><W77/><G108/><T115/><D115/><U110/><E10/><V18/><F96/><W99/><G126/><T43/><D60/><U3/><E3/><V135/><F135/><W132/><G132/><T121/><D121/><U127/><E47/><V128/><F128/><W59/><G71/><T2/><D2/><U133/><E110/><V76/><F76/><W17/><G77/><T134/><D134/><U82/><E56/><V9/><F50/><W11/><G130/><T98/><D98/><U81/><E67/><V63/><F61/><W124/><G124/><T88/><D6/><U84/><E127/><V92/><F92/><W131/><G131/><T53/><D53/><U105/><E133/><V12/><F9/><W39/><G99/><T122/><D122/><U95/><AGARI ba="0,0" hai="74,79,81,82,83,84,89,93,95,97,102,104,105,106" machi="95" ten="30,12000,2" yaku="0,1,35,6" doraHai="45" who="1" fromWho="1" sc="228,-60,275,120,254,-30,243,-30" /><INIT seed="5,0,0,0,3,5" ten="168,395,224,213" oya="1" hai0="76,111,46,37,17,84,115,18,131,31,72,106,124" hai1="6,102,114,134,129,118,26,28,126,130,116,29,49" hai2="65,27,41,110,69,78,90,62,91,55,7,10,123" hai3="25,94,47,36,81,86,104,99,80,89,32,30,120"/><U39/><E39/><V113/><F110/><W60/><G120/><T52/><D111/><U108/><E102/><V73/><F123/><W22/><G36/><T34/><D106/><U38/><E38/><V119/><F119/><N who="1" m="45609" /><E49/><V132/><F132/><W16/><G47/><T107/><D107/><U15/><E108/><V125/><F41/><W50/><G50/><T64/><D72/><U85/><E85/><V88/><F125/><W83/><G60/><T0/><D0/><U75/><E75/><V35/><F55/><W57/><G57/><T23/><D124/><U43/><E43/><V8/><F7/><W135/><G135/><T127/><D127/><U59/><E59/><V74/><F113/><W68/><G68/><T56/><D64/><U100/><E100/><V105/><F105/><W42/><G42/><T67/><D46/><U98/><E98/><V20/><F35/><W44/><G44/><T13/><D37/><U112/><E29/><V109/><F109/><W71/><G71/><T12/><D67/><U61/><E61/><V128/><F128/><N who="1" m="49257" /><E126/><V70/><F69/><W33/><G104/><T19/><D131/><U63/><E63/><V79/><F74/><W121/><G121/><T53/><D56/><U58/><E58/><V66/><F65/><W122/><G122/><T133/><D133/><U77/><E77/><V54/><F54/><W48/><G48/><T95/><D53/><U21/><E134/><V103/><F103/><W1/><G30/><T101/><D52/><U2/><E2/><V87/><F73/><W11/><G99/><T24/><D101/><RYUUKYOKU ba="0,0" sc="168,-15,395,15,224,-15,213,15" hai1="6,15,21,26,28,112,114" hai3="1,11,16,22,25,32,33,80,81,83,86,89,94" /><INIT seed="5,1,0,2,4,97" ten="153,410,209,228" oya="1" hai0="19,46,105,92,99,20,128,69,15,67,50,77,32" hai1="52,110,24,13,113,2,11,42,26,130,108,106,9" hai2="93,40,64,28,116,60,5,71,25,88,53,30,133" hai3="119,91,14,125,74,49,38,112,8,75,54,94,87"/><U134/><E42/><V102/><F116/><W66/><G112/><T56/><D128/><U73/><E73/><V96/><F133/><W82/><G119/><T120/><D32/><U84/><E106/><V18/><F40/><W115/><G38/><T109/><D109/><N who="1" m="42091" /><E84/><V1/><F1/><W31/><G115/><T85/><D69/><U126/><E113/><V117/><F5/><W0/><G125/><T123/><D105/><U68/><E68/><V37/><F37/><W129/><G0/><T29/><D29/><U48/><E130/><V104/><F117/><W45/><G129/><T72/><D72/><U34/><E34/><V36/><F36/><W63/><G31/><T35/><D35/><U10/><E2/><V57/><F18/><W127/><G127/><T90/><D77/><U78/><E78/><V121/><F25/><N who="1" m="9833" /><E134/><V65/><F65/><W41/><G41/><T89/><D67/><U86/><E86/><V98/><REACH who="2" step="1"/><F121/><REACH who="2" ten="153,410,199,228" step="2"/><W58/><REACH who="3" step="1"/><G94/><REACH who="3" ten="153,410,199,218" step="2"/><T3/><D3/><U83/><E126/><V55/><F55/><W132/><G132/><T21/><D123/><U131/><E131/><V51/><AGARI ba="1,2" hai="28,30,51,53,57,60,64,71,88,93,96,98,102,104" machi="51" ten="20,8000,1" yaku="1,1,0,1,7,1,52,1,54,1,53,0" doraHai="97" doraHaiUra="22" who="2" fromWho="2" sc="153,-21,410,-41,199,103,218,-21" /><INIT seed="6,0,0,2,0,128" ten="132,369,302,197" oya="2" hai0="126,98,122,121,18,53,74,25,26,86,5,107,97" hai1="14,46,45,61,89,7,50,127,87,39,119,54,59" hai2="43,58,69,27,124,108,17,102,13,35,4,65,41" hai3="103,24,44,105,40,80,34,11,84,112,92,32,42"/><V71/><F124/><W133/><G105/><T15/><D74/><U73/><E73/><V38/><F108/><W60/><G42/><T22/><D126/><U3/><E3/><V63/><F102/><W115/><G60/><T20/><D122/><U36/><E119/><V117/><F117/><W90/><G11/><T116/><D116/><U47/><E7/><V33/><F4/><W77/><G24/><T100/><D98/><U10/><E127/><V104/><F104/><W29/><G29/><T31/><D86/><U88/><E89/><V123/><F123/><W111/><G103/><T51/><D121/><U129/><E129/><V8/><F43/><W131/><G131/><T0/><D0/><U101/><E101/><V23/><F41/><W106/><G106/><T118/><D118/><U12/><E39/><V99/><F38/><W109/><G109/><T16/><D5/><U19/><E14/><V94/><F69/><W76/><G111/><T93/><D107/><U67/><REACH who="1" step="1"/><E36/><REACH who="1" ten="132,359,302,197" step="2"/><V83/><F13/><W113/><G76/><T48/><REACH who="0" step="1"/><D53/><REACH who="0" ten="122,359,302,197" step="2"/><U120/><E120/><V85/><F99/><W68/><G84/><T70/><D70/><U64/><E64/><V130/><F71/><W56/><G68/><T81/><D81/><AGARI ba="0,2" hai="10,12,19,45,46,47,50,54,59,61,67,81,87,88" machi="81" ten="30,12000,2" yaku="1,1,7,1,25,2,8,1,54,1,53,1" doraHai="128" doraHaiUra="57" who="1" fromWho="0" sc="122,-120,359,140,302,0,197,0" /><INIT seed="7,0,0,3,5,126" ten="2,499,302,197" oya="3" hai0="52,68,74,88,32,57,92,44,39,125,60,123,66" hai1="109,87,62,29,91,54,108,72,27,19,11,3,4" hai2="12,43,7,76,134,21,83,31,35,106,114,102,69" hai3="90,115,61,99,40,13,23,112,118,127,37,26,73"/><W82/><G118/><T96/><D32/><U56/><E72/><V1/><F134/><W64/><G127/><T98/><D123/><U79/><E79/><V111/><F69/><W0/><G0/><T121/><D121/><U78/><E78/><V119/><F43/><W77/><G13/><T80/><D125/><U107/><E107/><V5/><F119/><W93/><G112/><T10/><D74/><U38/><E19/><V49/><F114/><W36/><G40/><T24/><D80/><U103/><E103/><V30/><F35/><W15/><G115/><T95/><D10/><U22/><E38/><V97/><F49/><W51/><G15/><T34/><D34/><U14/><E3/><V110/><F1/><W50/><G36/><T58/><D39/><U9/><E11/><V55/><F55/><W94/><G94/><AGARI ba="0,0" hai="4,9,14,22,27,29,54,56,62,87,91,94,108,109" machi="94" ten="30,1000,0" yaku="7,1" doraHai="126" who="1" fromWho="3" sc="2,0,499,10,302,0,197,-10" owari="2,-49.8,509,60.9,302,10.2,187,-21.3" /></mjloggm>