<mjloggm ver="2.3"><GO type="41" lobby="0"/><UN n0="%47%65%61%72" n1="%E2%93%9D%4C%75%63%6B%79%4A" n2="%E3%81%BD%E3%82%8D" n3="%4F%4F%5A%45" dan="15,18,15,14" rate="2028.63,2219.11,2085.84,1965.53" sx="M,M,M,M"/><TAIKYOKU oya="0"/><INIT seed="0,0,0,0,1,57" ten="250,250,250,250" oya="0" hai0="53,31,114,123,5,83,45,99,94,25,135,88,1" hai1="134,82,9,3,75,91,63,49,34,4,19,81,101" hai2="129,117,80,100,69,77,62,42,118,43,87,7,70" hai3="39,21,125,95,10,64,112,121,26,22,47,131,109"/><T128/><D114/><U30/><E101/><V111/><F111/><W105/><G109/><T24/><D123/><U33/><E49/><V48/><F100/><W104/><G112/><T103/><D128/><U2/><E19/><V20/><F129/><W120/><G131/><T86/><D135/><U90/><E30/><V41/><F70/><W23/><G125/><T52/><D45/><U73/><E9/><V12/><F48/><W46/><G64/><T92/><D1/><U97/><E97/><V133/><F133/><W130/><G130/><T56/><D5/><U59/><E59/><V16/><REACH who="2" step="1"/><F7/><REACH who="2" ten="250,250,240,250" step="2"/><W61/><G39/><T65/><D24/><U72/><E4/><V76/><F76/><W122/><G26/><T107/><D107/><U93/><E134/><V96/><F96/><W132/><G132/><T29/><D25/><U78/><E78/><V11/><F11/><W68/><G10/><T54/><D83/><U60/><E75/><V66/><AGARI ba="0,1" hai="12,16,20,41,42,43,62,66,69,77,80,87,117,118" machi="66" ten="30,8000,1" yaku="1,1,0,1,52,1,54,1,53,1" doraHai="57" doraHaiUra="58" who="2" fromWho="2" sc="250,-40,250,-20,240,90,250,-20" /><INIT seed="1,0,0,1,3,16" ten="210,230,330,230" oya="1" hai0="94,17,127,45,41,134,59,13,21,23,120,88,90" hai1="71,61,102,108,98,107,85,7,80,72,30,39,113" hai2="87,47,60,27,131,53,9,101,103,112,129,115,124" hai3="43,64,105,130,5,95,36,28,32,128,12,6,35"/><U51/><E39/><V34/><F9/><W114/><G114/><N who="2" m="43561" /><F87/><W1/><G105/><T123/><D127/><U84/><E113/><V62/><F124/><W109/><G109/><T46/><D134/><U110/><E51/><N who="2" m="28927" /><F101/><W73/><G73/><T58/><D90/><U82/><E7/><V0/><F0/><W48/><G64/><T92/><D92/><U11/><E11/><V4/><F4/><W97/><G36/><T133/><D133/><U118/><E30/><N who="2" m="19807" /><F103/><W22/><G1/><T68/><D17/><U55/><E55/><V8/><F8/><W29/><G29/><T75/><D75/><U99/><E72/><V31/><F31/><W50/><G50/><T40/><D13/><U56/><E102/><V78/><F78/><W19/><G28/><T125/><D125/><U65/><E107/><V77/><F77/><W89/><G6/><T10/><D10/><U74/><E74/><V54/><F54/><W126/><G5/><T15/><D15/><U2/><E2/><V52/><F60/><W116/><G126/><T121/><D88/><N who="1" m="51255" /><E118/><V67/><F52/><W24/><G24/><T66/><D94/><U86/><E86/><V57/><AGARI ba="0,0" hai="57,62,67,129,131" m="19807,28927,43561" machi="57" ten="30,1100,0" yaku="11,1" doraHai="16" who="2" fromWho="2" sc="210,-3,230,-5,330,11,230,-3" /><INIT seed="2,0,0,3,2,97" ten="207,225,341,227" oya="2" hai0="27,75,5,107,127,1,62,80,124,34,54,94,15" hai1="46,95,30,70,114,39,43,84,73,52,129,128,13" hai2="68,25,36,91,119,103,79,98,123,87,130,58,57" hai3="26,115,16,55,50,47,6,110,133,76,11,8,93"/><V7/><F68/><W20/><G110/><T134/><D107/><U45/><E30/><V22/><F36/><W2/><G133/><T59/><D134/><U86/><E73/><V12/><F123/><W44/><G115/><T56/><D1/><U21/><E70/><V109/><F109/><W135/><G135/><T64/><D34/><U112/><E21/><V111/><F111/><W72/><G11/><T0/><D0/><U19/><E19/><V31/><F79/><W85/><G72/><T96/><D80/><U10/><E95/><N who="2" m="58847" /><F119/><W99/><G85/><T121/><D27/><U24/><E24/><V61/><F61/><W131/><G76/><T122/><D75/><U117/><E117/><V53/><F53/><W101/><REACH who="3" step="1"/><G131/><REACH who="3" ten="207,225,341,217" step="2"/><T48/><D122/><U92/><E114/><V65/><F130/><W51/><G51/><T9/><REACH who="0" step="1"/><D121/><REACH who="0" ten="197,225,341,217" step="2"/><U4/><E129/><V89/><F87/><W78/><G78/><T113/><D113/><U67/><E112/><V132/><F132/><W105/><G105/><T38/><D38/><U88/><E39/><V120/><F120/><W116/><G116/><T40/><D40/><U17/><E43/><V102/><F102/><AGARI ba="0,2" hai="5,9,15,48,54,56,59,62,64,94,96,102,124,127" machi="102" ten="40,2600,0" yaku="1,1,52,1,53,0" doraHai="97" doraHaiUra="77" who="0" fromWho="2" sc="197,46,225,0,341,-26,217,0" /><INIT seed="3,0,0,4,5,129" ten="243,225,315,217" oya="3" hai0="109,117,38,102,120,131,128,76,25,30,113,134,34" hai1="5,39,58,79,37,89,17,59,44,103,0,90,135" hai2="101,97,55,63,33,64,2,116,80,123,124,27,69" hai3="87,31,61,9,60,57,28,104,1,32,77,127,20"/><W6/><G127/><T99/><D76/><U41/><E103/><V56/><F124/><W49/><G104/><T45/><D117/><U18/><E79/><V125/><F125/><W16/><G32/><T96/><D120/><U8/><E39/><V85/><F116/><W21/><G49/><T111/><D113/><U52/><E59/><V48/><F123/><W78/><G78/><T67/><D67/><U105/><E105/><V106/><F2/><W26/><G21/><T15/><D15/><U130/><E130/><N who="0" m="49705" /><D96/><U14/><E135/><V50/><F50/><W23/><G23/><T93/><D134/><U72/><E72/><V94/><F94/><W84/><G61/><T7/><D7/><U126/><E126/><V68/><F85/><W51/><G51/><T43/><AGARI ba="0,0" hai="25,30,34,38,43,45,93,99,102,109,111" m="49705" machi="43" ten="30,1100,0" yaku="19,1" doraHai="129" who="0" fromWho="0" sc="243,11,225,-3,315,-3,217,-5" /><INIT seed="4,0,0,2,2,56" ten="254,222,312,212" oya="0" hai0="93,46,126,81,108,35,61,98,16,124,55,53,121" hai1="13,28,62,49,118,96,103,20,5,89,47,110,3" hai2="33,101,45,9,1,10,65,67,32,85,8,18,125" hai3="119,30,92,91,4,57,99,135,12,134,15,128,44"/><T82/><D121/><U34/><E118/><V115/><F115/><W14/><G119/><T58/><D35/><U50/><E110/><V77/><F101/><W66/><G128/><T21/><D108/><U0/><E50/><V71/><F125/><N who="0" m="48234" /><D53/><U88/><E3/><V38/><F1/><W129/><G129/><T83/><D46/><U40/><E0/><V60/><F67/><W52/><G30/><T94/><D98/><U86/><E34/><V87/><F18/><W84/><G4/><T19/><D19/><U111/><E111/><V24/><F77/><W23/><G23/><T113/><D113/><U73/><E73/><V117/><F117/><W48/><REACH who="3" step="1"/><G99/><REACH who="3" ten="254,222,312,202" step="2"/><T95/><D81/><U26/><E96/><V75/><F33/><W70/><G70/><T29/><D29/><U97/><E97/><V105/><F105/><W116/><G116/><T41/><D41/><U69/><E40/><V76/><F32/><W63/><AGARI ba="0,1" hai="12,14,15,44,48,52,57,63,66,84,91,92,134,135" machi="63" ten="30,7900,0" yaku="1,1,0,1,52,1,54,1,53,0" doraHai="56" doraHaiUra="123" who="3" fromWho="3" sc="254,-39,222,-20,312,-20,202,89" /><INIT seed="5,0,0,1,5,29" ten="215,202,292,291" oya="1" hai0="51,44,131,109,69,62,91,24,133,115,119,67,55" hai1="92,98,4,74,23,75,111,105,83,127,30,106,94" hai2="80,70,40,135,17,82,36,65,50,120,129,128,56" hai3="2,27,97,61,19,33,35,78,87,6,22,77,101"/><U63/><E4/><V107/><F120/><W43/><G43/><T117/><D109/><U71/><E71/><V76/><F107/><N who="1" m="40969" /><E63/><N who="2" m="40255" /><F17/><W25/><G61/><N who="0" m="40175" /><D91/><N who="1" m="55647" /><E30/><V46/><F135/><W32/><G87/><T31/><D31/><U124/><E23/><V85/><F82/><W103/><G27/><T68/><D24/><U58/><E58/><V20/><F20/><W118/><G118/><T15/><D15/><U5/><E5/><V110/><F110/><W16/><G19/><T88/><D88/><U48/><E48/><V10/><F10/><W130/><G6/><T100/><D133/><U53/><E53/><AGARI ba="0,0" hai="36,40,46,50,53,56,76,80,85,128,129" m="40255" machi="53" ten="30,1000,0" yaku="24,1" doraHai="29" who="2" fromWho="1" sc="215,0,202,-10,292,10,291,0" /><INIT seed="6,0,0,4,5,118" ten="215,192,302,291" oya="2" hai0="84,22,52,64,0,109,28,92,133,49,115,1,86" hai1="123,59,33,43,14,94,11,65,3,39,42,120,23" hai2="57,5,78,91,134,113,32,8,27,95,21,72,67" hai3="100,35,45,41,12,50,111,18,29,127,46,81,56"/><V60/><F134/><W37/><G111/><T114/><D109/><U68/><E33/><V75/><F113/><N who="0" m="43018" /><D133/><U54/><E3/><N who="0" m="1097" /><D64/><U61/><E23/><V119/><F119/><W63/><G127/><T16/><D28/><U132/><E94/><V62/><F32/><W13/><G100/><T76/><D92/><U135/><E135/><V55/><F78/><W77/><G29/><T88/><D76/><U7/><E132/><V126/><F126/><W129/><G129/><T131/><D131/><U80/><E80/><V53/><F53/><W87/><G35/><T116/><D116/><U90/><E90/><V83/><F83/><W58/><G63/><T69/><D69/><U125/><E125/><V101/><F101/><W25/><G25/><N who="0" m="14535" /><D88/><U110/><E110/><V106/><F106/><W124/><G124/><T128/><D128/><U130/><E130/><V85/><F62/><W47/><G37/><T17/><D17/><U6/><E7/><V71/><F71/><W93/><G18/><T117/><D117/><U98/><E98/><V121/><F67/><W4/><G93/><T99/><D99/><U79/><E79/><V10/><F72/><W20/><G87/><T48/><D48/><N who="1" m="31175" /><E39/><V36/><F36/><W97/><G97/><T73/><D73/><U70/><E70/><V2/><F75/><W15/><G81/><T26/><D26/><U104/><E104/><V105/><F27/><W66/><G77/><T96/><D96/><U30/><E30/><V40/><F105/><W38/><G38/><T108/><D108/><U112/><E112/><V102/><F95/><RYUUKYOKU ba="0,0" sc="215,15,192,15,302,-15,291,-15" hai0="49,52,84,86" hai1="6,11,14,42,43,61,65,68,120,123" /><INIT seed="7,1,0,4,1,14" ten="230,207,287,276" oya="3" hai0="119,128,71,7,93,78,105,16,89,79,84,18,49" hai1="59,52,12,66,80,101,127,58,96,36,9,63,45" hai2="47,48,55,21,107,100,111,103,26,57,64,24,85" hai3="99,51,68,31,115,13,132,22,97,54,10,126,110"/><W113/><G126/><T41/><D119/><U81/><E127/><V134/><F134/><W83/><G132/><T117/><D105/><U53/><E36/><V30/><F111/><W19/><G110/><T43/><D71/><U129/><E129/><V74/><F74/><W27/><G68/><T23/><D128/><U94/><E45/><V86/><F107/><W125/><G83/><T35/><D35/><U1/><E1/><V60/><F26/><W0/><G0/><T25/><D117/><U11/><E11/><V106/><F106/><W28/><G28/><N who="0" m="17471" /><D7/><U2/><E2/><V118/><F118/><W5/><G5/><T8/><D8/><U40/><E40/><N who="0" m="15433" /><D49/><N who="1" m="31151" /><E66/><V131/><F131/><W108/><G108/><T90/><D90/><U20/><E20/><V15/><F15/><W87/><G87/><AGARI ba="1,0" hai="21,24,30,47,48,55,57,60,64,85,86,87,100,103" machi="87" ten="40,1300,0" yaku="8,1" doraHai="14" who="2" fromWho="3" sc="230,0,207,0,287,16,276,-16" owari="230,-17.0,207,-29.3,303,40.3,260,6.0" /></mjloggm>