<mjloggm ver="2.3"><GO type="41" lobby="0"/><UN n0="%E3%83%A1%E3%82%AB%E3%83%90%E3%83%AB%E3%82%BF%E3%83%B3" n1="%E8%A5%BF%E4%B8%8B%E9%83%81%E9%A6%AC" n2="%E2%93%9D%4C%75%63%6B%79%4A" n3="%53%65%69%63" dan="16,13,17,13" rate="2020.16,1886.88,2159.05,1822.90" sx="M,M,M,M"/><TAIKYOKU oya="0"/><INIT seed="0,0,0,3,1,15" ten="250,250,250,250" oya="0" hai0="14,95,122,66,59,81,86,107,22,82,29,133,115" hai1="87,74,25,34,105,99,53,10,49,109,65,106,39" hai2="4,33,79,103,68,127,16,30,134,36,56,17,131" hai3="111,85,93,35,97,7,84,96,18,63,20,117,51"/><T135/><D107/><U1/><E74/><V55/><F68/><W124/><G117/><T32/><D32/><U19/><E39/><V43/><F4/><W120/><G35/><T113/><D122/><U47/><E109/><V52/><F134/><N who="0" m="51210" /><D95/><U77/><E65/><V83/><F127/><W5/><G111/><T21/><D82/><U3/><E3/><V38/><F131/><W70/><G124/><T57/><D22/><U13/><E1/><V132/><F132/><W98/><G120/><T130/><D130/><U23/><E99/><V78/><F43/><W119/><G119/><T48/><D29/><U80/><REACH who="1" step="1"/><E34/><REACH who="1" ten="250,240,250,250" step="2"/><V126/><F33/><W101/><G97/><T67/><D67/><U128/><E128/><V6/><F126/><W76/><G98/><T104/><D66/><U102/><E102/><V69/><F103/><W116/><G116/><T42/><D104/><U108/><E108/><V40/><F38/><W94/><G85/><T31/><D115/><U28/><AGARI ba="0,1" hai="10,13,19,23,25,28,47,49,53,77,80,87,105,106" machi="28" ten="20,8000,1" yaku="1,1,0,1,7,1,52,1,53,1" doraHai="15" doraHaiUra="24" who="1" fromWho="1" sc="250,-40,240,90,250,-20,250,-20" /><INIT seed="1,0,0,1,4,76" ten="210,330,230,230" oya="1" hai0="67,4,5,133,83,69,10,37,103,118,96,51,113" hai1="16,84,27,123,12,64,2,132,18,75,58,3,45" hai2="134,19,117,62,94,68,66,78,7,87,125,101,106" hai3="124,56,24,17,114,54,14,60,121,109,43,71,6"/><U120/><E75/><V73/><F117/><W47/><G121/><T0/><D37/><U102/><E132/><V77/><F7/><W88/><G114/><T29/><D113/><U135/><E135/><V52/><F134/><W15/><G124/><T36/><D36/><U9/><E102/><V85/><F125/><W42/><G109/><T31/><D118/><U116/><E116/><V21/><F106/><W80/><G71/><T79/><D133/><U93/><E45/><V104/><F104/><W35/><G6/><T59/><D5/><U99/><E84/><V39/><F39/><W108/><G108/><T126/><D69/><U81/><E81/><V82/><F78/><W70/><G70/><T49/><D126/><U128/><E128/><V13/><REACH who="2" step="1"/><F52/><REACH who="2" ten="210,330,220,230" step="2"/><W107/><G107/><T11/><D79/><U44/><E123/><V53/><F53/><W112/><G112/><T38/><D4/><U20/><E120/><V72/><F72/><W25/><G43/><T122/><D38/><U65/><E65/><V131/><F131/><W86/><G35/><T110/><D67/><U34/><E2/><V90/><F90/><W100/><G100/><T22/><D103/><N who="1" m="60911" /><E3/><V119/><F119/><W91/><G91/><T40/><D0/><U111/><E111/><V41/><F41/><W127/><G127/><T105/><D110/><U61/><E44/><V33/><F33/><W30/><G30/><T98/><D105/><U8/><E34/><V129/><F129/><W26/><REACH who="3" step="1"/><G17/><REACH who="3" ten="210,330,220,220" step="2"/><T63/><D40/><U46/><E46/><V55/><F55/><W130/><G130/><RYUUKYOKU ba="0,2" sc="210,-30,330,10,220,10,220,10" hai1="8,9,12,16,18,20,27,58,61,64" hai2="13,19,21,62,66,68,73,77,82,85,87,94,101" hai3="14,15,24,25,26,42,47,54,56,60,80,86,88" /><INIT seed="1,1,2,5,1,11" ten="180,340,230,230" oya="1" hai0="123,54,6,23,112,72,44,35,101,66,109,21,16" hai1="15,63,52,53,33,84,36,9,27,79,70,57,128" hai2="2,87,0,71,41,42,129,18,14,103,122,39,34" hai3="5,82,7,17,75,24,81,49,22,25,85,126,10"/><U77/><E36/><V104/><F122/><W13/><G126/><T124/><D35/><U96/><E128/><V119/><F71/><W108/><G108/><T67/><D109/><U28/><E70/><V95/><F34/><W93/><G75/><T135/><D124/><U78/><E96/><V102/><F119/><W60/><G60/><T20/><D72/><U90/><E53/><V88/><F104/><W19/><G7/><T46/><D112/><U115/><E115/><V74/><F74/><W130/><G130/><T50/><D135/><U117/><E117/><V110/><F110/><W89/><G49/><T83/><D123/><U73/><E73/><V97/><F129/><W99/><G82/><T26/><D101/><N who="2" m="38410" /><F2/><W30/><REACH who="3" step="1"/><G25/><REACH who="3" ten="180,340,230,220" step="2"/><T132/><D6/><U43/><E43/><N who="2" m="16395" /><F0/><W61/><G61/><T133/><D132/><U113/><E113/><V68/><F39/><W134/><G134/><T120/><D133/><U91/><REACH who="1" step="1"/><E84/><REACH who="1" ten="180,330,230,220" step="2"/><V65/><F87/><W76/><AGARI ba="1,4" hai="5,10,13,17,19,22,24,30,76,81,85,89,93,99" machi="76" ten="20,8000,1" yaku="1,1,0,1,7,1,8,1,52,1,53,0" doraHai="11" doraHaiUra="125" who="3" fromWho="3" sc="180,-21,330,-41,230,-21,220,123" /><INIT seed="2,0,0,5,0,115" ten="159,289,209,343" oya="2" hai0="105,32,3,120,54,19,8,69,17,42,106,116,135" hai1="37,65,86,15,97,28,103,4,112,72,18,24,113" hai2="34,91,119,23,63,46,84,78,108,85,58,13,68" hai3="1,130,126,133,41,94,110,31,44,10,80,114,71"/><V117/><F34/><W14/><G110/><T95/><D69/><U9/><E72/><V123/><F68/><W134/><G71/><T53/><D32/><U93/><E37/><V36/><F123/><W26/><G1/><T79/><D120/><U40/><E40/><V88/><F78/><W81/><G94/><T90/><D79/><U75/><E75/><V20/><F108/><W50/><G114/><T102/><D42/><U56/><E86/><V124/><F124/><W118/><G118/><T11/><D102/><U76/><E76/><V57/><F13/><W0/><G0/><T101/><D101/><U61/><REACH who="1" step="1"/><E4/><REACH who="1" ten="159,279,209,343" step="2"/><V122/><F122/><W55/><G41/><T16/><D135/><U21/><AGARI ba="0,1" hai="9,15,18,21,24,28,56,61,65,93,97,103,112,113" machi="21" ten="20,12000,2" yaku="1,1,2,1,0,1,7,1,25,2,53,1" doraHai="115" doraHaiUra="52" who="1" fromWho="1" sc="159,-30,279,130,209,-60,343,-30" /><INIT seed="3,0,0,4,2,95" ten="129,409,149,313" oya="3" hai0="131,115,35,101,3,52,104,16,116,119,118,49,32" hai1="41,96,55,65,10,69,121,86,26,75,62,50,106" hai2="17,129,44,20,39,5,46,79,30,13,21,22,123" hai3="72,127,133,91,78,14,12,37,112,126,1,102,56"/><W111/><G112/><T59/><D115/><U87/><E121/><V70/><F70/><W15/><G1/><T34/><D131/><U89/><E75/><V60/><F39/><W11/><G37/><T88/><D3/><U61/><E61/><V40/><F129/><W45/><G102/><T80/><D16/><U68/><E68/><V25/><F123/><W74/><G11/><T122/><D122/><U47/><E10/><V48/><F46/><W33/><G33/><T42/><D42/><U83/><E26/><V24/><F79/><W120/><G120/><T77/><D88/><U51/><E87/><V97/><F60/><W28/><G28/><T23/><D23/><U29/><E29/><V124/><F124/><N who="3" m="47659" /><G78/><T9/><D9/><U114/><E114/><V113/><F113/><W99/><G45/><T18/><D18/><U19/><E19/><V31/><F5/><W82/><G133/><T54/><D54/><U57/><E106/><V76/><F76/><W8/><G8/><T135/><D135/><U93/><REACH who="1" step="1"/><E96/><AGARI ba="0,0" hai="13,17,20,21,22,24,25,30,31,40,44,48,96,97" machi="96" ten="40,8000,1" yaku="9,1,8,1,52,2" doraHai="95" who="2" fromWho="1" sc="129,0,409,-80,149,80,313,0" /><INIT seed="4,0,0,1,3,49" ten="129,329,229,313" oya="0" hai0="56,71,103,115,45,67,116,24,18,131,102,91,65" hai1="39,10,107,76,74,108,46,47,4,126,121,15,90" hai2="2,73,99,21,0,23,93,27,82,13,3,5,31" hai3="105,130,87,12,7,38,69,64,78,92,85,124,11"/><T43/><D115/><U123/><E108/><V86/><F73/><W17/><G105/><T19/><D116/><U114/><E107/><V34/><F86/><W66/><G38/><T97/><D131/><U104/><E104/><V55/><F82/><N who="3" m="47319" /><G69/><T37/><D71/><U63/><E114/><V1/><N who="2" m="0" /><DORA hai="120" /><V62/><F5/><W88/><G124/><T30/><D91/><U33/><E33/><V109/><F13/><N who="3" m="5375" /><G130/><T129/><D129/><U35/><E15/><V54/><F109/><W134/><G134/><T53/><D67/><U59/><E10/><AGARI ba="0,0" hai="10,12,17,64,66,87,88,92" m="5375,47319" machi="10" ten="30,2000,0" yaku="8,1,54,1" doraHai="49,120" who="3" fromWho="1" sc="129,0,329,-20,229,0,313,20" /><INIT seed="5,0,0,1,5,123" ten="129,309,229,333" oya="1" hai0="39,103,28,60,23,132,24,110,22,89,74,66,75" hai1="61,41,49,30,131,107,104,97,64,45,58,26,12" hai2="7,71,37,34,116,57,91,67,48,77,109,53,73" hai3="76,117,111,113,102,3,81,127,21,99,9,80,101"/><U11/><E131/><V115/><F34/><W10/><G111/><T78/><D39/><U4/><REACH who="1" step="1"/><E97/><REACH who="1" ten="129,299,229,333" step="2"/><V54/><F109/><W35/><G99/><T72/><D110/><U79/><E79/><V36/><F77/><W118/><G76/><T14/><D78/><U46/><E46/><V44/><F44/><W100/><G113/><T85/><D132/><U69/><E69/><V134/><F71/><W38/><G117/><T125/><D125/><U16/><E16/><V93/><F116/><W120/><G118/><T105/><D28/><U83/><E83/><V119/><F119/><W133/><G133/><T5/><D5/><U42/><E42/><V51/><F7/><W65/><G127/><T40/><D40/><U52/><E52/><V129/><F54/><W108/><G108/><T29/><D66/><U124/><E124/><V98/><F67/><W122/><G80/><T68/><D68/><U62/><E62/><V95/><F129/><W90/><G65/><T17/><D60/><U25/><E25/><V92/><F134/><W112/><G112/><T70/><D70/><U86/><E86/><V15/><F115/><W13/><G120/><T27/><D27/><U31/><E31/><V63/><F98/><W88/><G122/><T0/><D72/><U50/><E50/><N who="2" m="18987" /><F73/><W59/><G81/><T47/><D75/><U96/><E96/><N who="2" m="57471" /><F37/><W128/><G38/><T43/><D74/><U56/><E56/><V18/><F36/><W8/><G59/><T114/><D114/><U87/><E87/><V6/><F18/><W126/><G128/><T94/><D17/><RYUUKYOKU ba="0,1" sc="129,-15,299,15,229,15,333,-15" hai1="4,11,12,26,30,41,45,49,58,61,64,104,107" hai2="6,15,53,57,63,92,93" /><INIT seed="5,1,1,1,2,61" ten="114,314,244,318" oya="1" hai0="120,59,49,101,19,75,94,122,54,46,34,0,93" hai1="129,110,133,6,30,52,111,53,105,10,115,89,78" hai2="76,119,118,28,77,7,102,92,73,38,88,91,81" hai3="26,103,87,65,22,116,83,43,130,125,3,97,18"/><U40/><E115/><V84/><F38/><W56/><G3/><T124/><D0/><U44/><E129/><V2/><F28/><W113/><G113/><T17/><D75/><U104/><E133/><V5/><F7/><W4/><G130/><T47/><D34/><U29/><E89/><V80/><F5/><W127/><G116/><N who="2" m="44585" /><F2/><W131/><G131/><T21/><D124/><N who="3" m="47689" /><G4/><T69/><D69/><U109/><E78/><N who="2" m="44239" /><F102/><W51/><G43/><T99/><D94/><U55/><E104/><V126/><F126/><W41/><G41/><T95/><D95/><U60/><E105/><V13/><F13/><W11/><G11/><T90/><D101/><U24/><E60/><V35/><F35/><W31/><G51/><T108/><D108/><U57/><E57/><V67/><F67/><W1/><G1/><T50/><D19/><U20/><E30/><V66/><F66/><W96/><G103/><T71/><D71/><U79/><E79/><V107/><F107/><W132/><G31/><T128/><D128/><U15/><REACH who="1" step="1"/><E55/><REACH who="1" ten="114,304,244,318" step="2"/><V14/><F14/><W135/><G132/><T9/><D122/><U63/><E63/><V98/><AGARI ba="1,2" hai="76,77,80,84,88,91,92,98" m="44239,44585" machi="98" ten="30,4000,0" yaku="34,2,54,1" doraHai="61" who="2" fromWho="2" sc="114,-11,304,-21,244,63,318,-11" /><INIT seed="6,0,0,3,0,22" ten="103,283,307,307" oya="2" hai0="38,123,54,45,66,99,40,98,87,93,91,122,79" hai1="126,27,114,113,70,17,110,88,104,12,97,101,36" hai2="50,52,131,26,128,134,119,106,132,55,68,8,102" hai3="4,133,94,7,1,2,108,125,51,124,10,107,32"/><V21/><F119/><W3/><G107/><T105/><D66/><U121/><E110/><V117/><F117/><W15/><G108/><T75/><D54/><U56/><E70/><V115/><F115/><N who="1" m="44041" /><E36/><V80/><F8/><N who="3" m="4487" /><G32/><T30/><D30/><U111/><E111/><V78/><F102/><W61/><G61/><T103/><REACH who="0" step="1"/><D99/><REACH who="0" ten="93,283,307,307" step="2"/><U34/><E97/><V29/><F55/><W65/><G65/><T46/><D46/><U57/><E57/><N who="2" m="32919" /><F68/><W76/><G125/><T19/><D19/><U83/><E56/><V13/><F106/><W63/><G124/><T81/><AGARI ba="0,1" hai="38,40,45,75,79,81,87,91,93,98,103,105,122,123" machi="81" ten="30,7900,0" yaku="1,1,0,1,24,2,53,0" doraHai="22" doraHaiUra="60" who="0" fromWho="0" sc="93,89,283,-20,307,-39,307,-20" /><INIT seed="7,0,0,5,4,114" ten="182,263,268,287" oya="3" hai0="12,19,122,50,107,65,130,124,116,86,73,134,0" hai1="72,23,99,69,68,133,8,36,94,22,18,58,96" hai2="100,91,37,110,63,38,82,80,53,103,70,89,105" hai3="34,47,61,101,88,51,67,93,3,120,56,66,4"/><W7/><G34/><T95/><D0/><U64/><E36/><V24/><F70/><W125/><G120/><T60/><D107/><U126/><E72/><V44/><F24/><W75/><G75/><T129/><D73/><U78/><E78/><V57/><F110/><W10/><G125/><T81/><D122/><U20/><E126/><V21/><F21/><W83/><G67/><T33/><D33/><U59/><E133/><V54/><F44/><W43/><G4/><T55/><D124/><U62/><E59/><V52/><F105/><W119/><G119/><T102/><D134/><U87/><E87/><V16/><F16/><W2/><G83/><N who="2" m="31785" /><F38/><W112/><G112/><T42/><D42/><U109/><E109/><V48/><F37/><W45/><G45/><T97/><D116/><U76/><E76/><V31/><F31/><W6/><G101/><N who="2" m="38985" /><F48/><W123/><G123/><T9/><D60/><U28/><E28/><V132/><F132/><W1/><REACH who="3" step="1"/><G6/><REACH who="3" ten="182,263,268,277" step="2"/><T131/><D65/><AGARI ba="0,1" hai="52,53,54,57,63,65,89,91" m="38985,31785" machi="65" ten="30,2000,0" yaku="8,1,54,1" doraHai="114" who="2" fromWho="0" sc="182,-20,263,0,268,30,277,0" /><INIT seed="8,0,0,3,4,12" ten="162,263,298,277" oya="0" hai0="99,108,84,35,95,40,70,116,117,41,131,32,9" hai1="83,78,73,129,103,38,69,112,54,20,125,74,133" hai2="68,63,64,128,80,101,46,87,6,135,22,13,62" hai3="82,3,7,55,88,4,113,120,2,123,18,115,134"/><T122/><D70/><U21/><E69/><V25/><F135/><W89/><G55/><T24/><D122/><N who="3" m="46633" /><G134/><T43/><D108/><U96/><E133/><V14/><F101/><W106/><G106/><T109/><D109/><U51/><E38/><V27/><F27/><W1/><G18/><T119/><D131/><U71/><E71/><V81/><F81/><W42/><G42/><T30/><D84/><U91/><E125/><V94/><F63/><W58/><G58/><T60/><D60/><U11/><E91/><N who="3" m="34890" /><G82/><T118/><N who="0" m="29696" /><DORA hai="53" /><T33/><REACH who="0" step="1"/><D9/><REACH who="0" ten="152,263,298,277" step="2"/><U47/><E129/><V75/><F62/><W100/><G100/><AGARI ba="0,1" hai="24,30,32,33,35,40,41,43,95,99,100" m="29696" machi="100" ten="70,18000,2" yaku="1,1,2,1,16,1,53,3" doraHai="12,53" doraHaiUra="57,37" who="0" fromWho="3" sc="152,190,263,0,298,0,277,-180" owari="342,44.2,263,-13.7,298,9.8,97,-40.3" /></mjloggm>