<mjloggm ver="2.3"><GO type="41" lobby="0"/><UN n0="%E7%B7%B4%E7%BF%92%E7%94%A8%E3%82%A2%E3%82%AB" n1="%E2%93%9D%4C%75%63%6B%79%4A" n2="%E9%97%98%E5%BF%A0%E4%B8%B8" n3="%E7%90%83%E7%A3%A8%E7%B4%9A%E7%90%83%E7%A3%A8" dan="13,18,14,14" rate="1961.01,2206.32,1936.65,1888.61" sx="M,M,M,F"/><TAIKYOKU oya="0"/><INIT seed="0,0,0,5,5,94" ten="250,250,250,250" oya="0" hai0="69,21,26,123,72,32,59,80,107,84,45,92,129" hai1="22,115,113,122,104,20,63,105,126,89,31,3,133" hai2="41,65,112,108,68,132,8,85,66,103,135,116,36" hai3="11,76,54,102,130,49,46,34,50,62,71,111,131"/><T77/><D123/><U12/><E122/><V2/><F112/><N who="1" m="43081" /><E3/><V75/><F75/><W127/><G34/><T30/><D69/><U87/><E63/><N who="2" m="39999" /><F116/><W0/><G76/><T28/><D129/><N who="3" m="49161" /><G11/><T82/><D107/><N who="1" m="41035" /><E133/><N who="2" m="51275" /><F108/><W10/><G10/><T120/><D120/><U106/><N who="1" m="41043" /><U39/><DORA hai="51" /><E39/><V17/><F66/><N who="3" m="41431" /><G0/><T53/><D45/><U114/><E126/><V4/><F17/><W121/><G102/><T124/><D124/><U23/><N who="1" m="43089" /><U60/><DORA hai="52" /><E60/><V100/><F85/><W43/><G127/><T57/><D92/><N who="1" m="54335" /><E31/><V1/><F1/><W86/><G86/><T14/><D53/><U9/><E9/><V37/><F36/><N who="3" m="21863" /><G121/><T117/><D117/><U119/><E119/><V96/><F2/><W70/><G70/><T40/><D32/><U67/><E67/><V90/><F8/><W58/><G49/><T64/><D30/><U25/><E25/><V55/><F4/><W13/><G13/><AGARI ba="0,0" hai="12,13,20,22,23" m="54335,41043,43089" machi="13" ten="60,2000,0" yaku="11,1" doraHai="94,51,52" who="1" fromWho="3" sc="250,0,250,20,250,0,250,-20" /><INIT seed="1,0,0,3,0,16" ten="250,270,250,230" oya="1" hai0="98,135,76,49,120,111,85,123,62,66,41,20,38" hai1="88,57,93,43,99,9,117,134,36,45,64,103,86" hai2="32,35,91,25,51,126,30,40,54,8,82,73,72" hai3="53,14,75,12,89,81,80,7,94,107,84,71,1"/><U125/><E125/><V133/><F126/><W121/><G107/><T55/><D111/><U44/><E134/><V60/><F133/><W100/><G71/><T15/><D135/><U96/><E117/><V10/><F35/><W2/><G121/><T87/><D98/><U19/><E45/><V113/><F113/><W58/><G100/><T28/><D76/><U77/><E77/><V128/><F128/><W119/><G119/><T110/><D110/><U70/><E70/><V79/><F73/><W0/><G7/><T78/><D41/><U47/><E47/><V5/><F40/><W109/><G109/><T69/><D38/><U23/><E9/><V108/><F108/><W122/><G122/><N who="0" m="46635" /><D78/><U21/><E19/><V29/><F29/><W101/><G101/><T118/><D118/><U63/><REACH who="1" step="1"/><E99/><REACH who="1" ten="250,260,250,230" step="2"/><V52/><F10/><W130/><G130/><T129/><D129/><U132/><E132/><V42/><F8/><W90/><G75/><T83/><D28/><U114/><E114/><V92/><F5/><W115/><G115/><T37/><D37/><U24/><E24/><V61/><F42/><W39/><G39/><T106/><D15/><U26/><E26/><V13/><F13/><W33/><G33/><T116/><D116/><U131/><E131/><V4/><F4/><W17/><G12/><T50/><D20/><U27/><E27/><V127/><F127/><W48/><REACH who="3" step="1"/><G89/><REACH who="3" ten="250,260,250,220" step="2"/><T97/><D97/><U95/><AGARI ba="0,2" hai="21,23,36,43,44,57,63,64,86,88,93,95,96,103" machi="95" ten="20,18000,2" yaku="1,1,0,1,7,1,52,2,54,1,53,1" doraHai="16" doraHaiUra="68" who="1" fromWho="1" sc="250,-60,260,200,250,-60,220,-60" /><INIT seed="1,1,0,3,5,120" ten="190,460,190,160" oya="1" hai0="6,33,114,131,77,12,23,87,83,133,103,70,14" hai1="76,5,45,26,31,9,62,127,81,47,59,98,42" hai2="79,112,38,132,54,78,96,93,19,43,18,27,37" hai3="74,80,20,72,123,64,73,8,25,84,13,102,75"/><U88/><E127/><V46/><F132/><W115/><N who="3" m="18432" /><DORA hai="34" /><W15/><G115/><T113/><D133/><U67/><E76/><V94/><F38/><W105/><G123/><T21/><D131/><U66/><E67/><V125/><F125/><W71/><G102/><T36/><D33/><U22/><E42/><V4/><F4/><W61/><G105/><T130/><D36/><U117/><E117/><V63/><F94/><W110/><G110/><T109/><D130/><U2/><REACH who="1" step="1"/><E98/><REACH who="1" ten="190,450,190,160" step="2"/><V65/><F65/><W129/><G129/><T17/><D113/><U85/><AGARI ba="1,1" hai="2,5,9,22,26,31,45,47,59,62,66,81,85,88" machi="85" ten="30,12000,1" yaku="1,1,2,1,0,1,52,1,54,1,53,0" doraHai="120,34" doraHaiUra="92,118" who="1" fromWho="1" sc="190,-41,450,133,190,-41,160,-41" /><INIT seed="1,2,0,0,0,63" ten="149,583,149,119" oya="1" hai0="2,12,55,135,10,87,24,37,22,103,45,58,52" hai1="11,13,122,102,54,95,92,39,116,115,98,70,62" hai2="84,111,73,101,0,5,77,47,9,106,64,125,27" hai3="65,108,46,80,14,36,68,83,121,114,44,20,23"/><U120/><E115/><V112/><F112/><W6/><G121/><T89/><D135/><U59/><E116/><V107/><F125/><W127/><G114/><T29/><D2/><U66/><E39/><V105/><F73/><W99/><G127/><T41/><D103/><U28/><E28/><V90/><F101/><W40/><G108/><T75/><D58/><U79/><E79/><V74/><F111/><W86/><G46/><T7/><REACH who="0" step="1"/><D75/><REACH who="0" ten="139,583,149,119" step="2"/><U49/><REACH who="1" step="1"/><E95/><AGARI ba="2,1" hai="7,10,12,22,24,29,37,41,45,52,55,87,89,95" machi="95" ten="30,7700,0" yaku="1,1,2,1,7,1,54,1,53,0" doraHai="63" doraHaiUra="119" who="0" fromWho="1" sc="139,93,583,-83,149,0,119,0" /><INIT seed="2,0,0,2,3,30" ten="232,500,149,119" oya="2" hai0="109,102,63,7,130,76,28,20,65,115,116,68,88" hai1="93,101,34,118,107,120,60,44,19,0,81,1,22" hai2="54,9,57,13,106,42,108,3,47,32,132,87,33" hai3="8,31,104,40,125,127,45,66,83,48,71,37,73"/><V134/><F106/><W46/><G104/><T92/><D115/><U59/><E118/><V75/><F75/><W72/><G31/><T39/><D39/><U14/><E120/><V56/><F3/><W58/><G8/><T61/><D109/><U133/><E133/><N who="2" m="51307" /><F87/><W103/><G103/><T12/><D116/><U55/><E107/><V35/><F54/><N who="3" m="29967" /><G83/><T77/><D130/><U84/><E44/><V96/><F96/><W6/><G6/><T24/><D102/><U114/><E114/><V117/><F117/><W89/><G89/><T110/><D110/><U111/><E111/><V25/><F25/><W38/><G73/><T26/><D61/><U49/><E60/><V50/><F108/><W70/><G72/><T126/><D126/><N who="3" m="48137" /><G38/><T11/><REACH who="0" step="1"/><D26/><REACH who="0" ten="222,500,149,119" step="2"/><U16/><E101/><V99/><F99/><AGARI ba="0,1" hai="7,11,12,20,24,28,63,65,68,76,77,88,92,99" machi="99" ten="30,7700,0" yaku="1,1,2,1,7,1,54,1,53,0" doraHai="30" doraHaiUra="119" who="0" fromWho="2" sc="222,87,500,0,149,-77,119,0" /><INIT seed="3,0,0,0,2,22" ten="309,500,72,119" oya="3" hai0="31,21,105,78,46,115,103,38,39,2,80,66,65" hai1="100,25,1,109,6,114,119,122,104,82,83,27,130" hai2="7,102,96,101,108,34,11,133,19,29,127,61,95" hai3="110,99,120,134,132,87,37,28,36,68,0,125,5"/><W86/><G99/><T128/><D2/><U97/><E114/><V26/><F133/><N who="3" m="51307" /><G120/><T91/><D115/><U89/><E122/><V14/><F127/><W84/><G125/><T67/><D128/><U44/><E130/><V70/><F108/><W85/><N who="3" m="21504" /><DORA hai="30" /><W81/><G68/><T40/><D91/><U71/><E89/><V75/><F75/><W51/><G81/><T121/><D121/><U98/><E71/><V58/><F70/><W20/><G51/><T12/><D103/><U47/><E109/><V118/><F118/><W72/><G110/><T18/><D105/><U94/><E104/><V64/><REACH who="2" step="1"/><F7/><REACH who="2" ten="309,500,62,119" step="2"/><W73/><G5/><T92/><D92/><U23/><E94/><V4/><F4/><W8/><G0/><T57/><D80/><U24/><E83/><V32/><F32/><W52/><G8/><T112/><D78/><U56/><E82/><V9/><F9/><W76/><G76/><T17/><D112/><U69/><E69/><V55/><F55/><W10/><G52/><T124/><D124/><U53/><E6/><V113/><F113/><W116/><G10/><T117/><D117/><U16/><E119/><V77/><F77/><W107/><G116/><T33/><D33/><U3/><E3/><V129/><F129/><W62/><G107/><T90/><D21/><U35/><E35/><V54/><F54/><W13/><G20/><T59/><D67/><U45/><E1/><V131/><F131/><W41/><G73/><T48/><D66/><U93/><E98/><V43/><F43/><W79/><G72/><T60/><D65/><RYUUKYOKU ba="0,1" sc="309,-15,500,15,62,15,119,-15" hai1="16,23,24,25,27,44,45,47,53,56,93,97,100" hai2="11,14,19,26,29,34,58,61,64,95,96,101,102" /><INIT seed="4,1,1,3,5,15" ten="294,515,77,104" oya="0" hai0="98,32,35,101,99,73,132,86,107,104,62,39,88" hai1="89,80,106,25,22,0,91,117,76,51,16,92,12" hai2="78,14,85,58,31,33,26,87,54,71,125,130,120" hai3="36,55,133,41,105,37,102,63,29,5,134,75,79"/><T118/><D39/><U72/><E117/><V95/><F120/><W70/><G29/><T65/><D118/><U1/><E106/><V131/><F71/><W100/><G5/><T18/><D132/><N who="3" m="50793" /><G105/><T82/><D73/><U110/><E110/><V42/><F42/><W111/><G111/><T116/><D116/><U10/><E51/><N who="2" m="31071" /><F78/><W119/><G119/><T74/><D74/><U13/><E13/><V61/><F61/><W115/><G115/><T90/><D18/><U19/><REACH who="1" step="1"/><E91/><REACH who="1" ten="294,505,77,104" step="2"/><N who="2" m="53743" /><F125/><W46/><G79/><T38/><D38/><U83/><E83/><V48/><F48/><N who="3" m="26703" /><G75/><T59/><REACH who="0" step="1"/><D90/><REACH who="0" ten="284,505,77,104" step="2"/><U112/><E112/><V94/><F131/><W4/><G36/><T69/><D69/><U23/><E23/><V97/><F130/><W8/><G4/><T27/><D27/><U60/><E60/><V3/><F26/><W57/><G37/><T122/><D122/><U9/><E9/><V40/><F33/><W124/><G8/><T67/><D67/><U127/><E127/><V11/><F11/><W56/><G124/><T20/><D20/><U103/><E103/><AGARI ba="1,3" hai="32,35,59,62,65,82,86,88,98,99,101,103,104,107" machi="103" ten="40,7700,0" yaku="1,1,9,1,54,1,53,0" doraHai="15" doraHaiUra="47" who="0" fromWho="1" sc="284,110,505,-80,77,0,104,0" /><INIT seed="4,2,0,0,2,103" ten="394,425,77,104" oya="0" hai0="10,50,22,45,110,20,105,67,108,24,98,25,121" hai1="129,55,31,53,91,17,66,79,69,14,94,63,133" hai2="106,29,72,34,131,100,102,54,59,27,1,99,127" hai3="36,62,60,47,7,9,52,123,114,128,61,42,83"/><T64/><D121/><U35/><E79/><V76/><F127/><W38/><G123/><T13/><D98/><U74/><E74/><V95/><F131/><W0/><G114/><T135/><D135/><U104/><E104/><V113/><F113/><W88/><G128/><T28/><D105/><U85/><E133/><V33/><F1/><W56/><G38/><T37/><D37/><U122/><E122/><V101/><F34/><W117/><G117/><T126/><D126/><U48/><E129/><V77/><F77/><W39/><G39/><T80/><D80/><U96/><E31/><V109/><F109/><W130/><G130/><T51/><D51/><U26/><E26/><V87/><F72/><W93/><REACH who="3" step="1"/><G83/><REACH who="3" ten="394,425,77,94" step="2"/><T118/><D118/><U18/><E48/><V68/><F68/><W97/><AGARI ba="2,1" hai="0,7,9,36,42,47,52,56,60,61,62,88,93,97" machi="97" ten="20,12000,2" yaku="1,1,2,1,0,1,7,1,54,2,53,1" doraHai="103" doraHaiUra="90" who="3" fromWho="3" sc="394,-62,425,-32,77,-32,94,136" /><INIT seed="5,0,0,5,3,48" ten="332,393,45,230" oya="1" hai0="3,121,132,117,56,10,6,91,130,18,98,103,126" hai1="30,128,27,112,109,82,94,87,81,78,68,72,2" hai2="38,119,21,23,108,64,17,52,40,107,69,118,95" hai3="134,66,114,57,76,25,32,34,71,12,83,49,116"/><U46/><E68/><V88/><F107/><W58/><G116/><T19/><D117/><U20/><E2/><V62/><F108/><W39/><G12/><T11/><D126/><U37/><E112/><V127/><F127/><W135/><G114/><T53/><D130/><U28/><E128/><V123/><F123/><W16/><G39/><T100/><D132/><N who="3" m="50729" /><G71/><T5/><D121/><U29/><E109/><V42/><F23/><N who="3" m="13543" /><G66/><T129/><D129/><U22/><E22/><V97/><F38/><W77/><G77/><T9/><D91/><U131/><E131/><V33/><F33/><N who="3" m="12907" /><G49/><T106/><D103/><U15/><E15/><V7/><F7/><W70/><G70/><T31/><D31/><U44/><E30/><V26/><F119/><W0/><G0/><T84/><D84/><AGARI ba="0,0" hai="57,58,76,83,84" m="12907,13543,50729" machi="84" ten="30,2000,0" yaku="20,1,54,1" doraHai="48" who="3" fromWho="0" sc="332,-20,393,0,45,0,230,20" /><INIT seed="6,0,0,1,3,130" ten="312,393,45,250" oya="2" hai0="16,103,36,15,52,99,55,62,94,67,122,77,111" hai1="121,70,32,113,21,49,135,105,114,57,76,123,51" hai2="71,1,95,104,50,106,26,9,100,81,93,124,5" hai3="117,0,74,85,125,56,109,6,41,115,12,18,11"/><V61/><F124/><W80/><G109/><T20/><D111/><U129/><E32/><V128/><F128/><W72/><G117/><T98/><D122/><U30/><E105/><V58/><F81/><W118/><G125/><T59/><D36/><U48/><E76/><V87/><F71/><W3/><G118/><T7/><D77/><U24/><E70/><V73/><F73/><W82/><G115/><N who="1" m="44042" /><E129/><V37/><F37/><W44/><G56/><T29/><D29/><U108/><E108/><V64/><F50/><W89/><G80/><T133/><D133/><U28/><E30/><V46/><F46/><W8/><REACH who="3" step="1"/><G3/><REACH who="3" ten="312,393,45,240" step="2"/><T96/><D7/><U40/><E57/><V112/><F112/><W127/><G127/><T92/><REACH who="0" step="1"/><D96/><REACH who="0" ten="302,393,45,240" step="2"/><U79/><E123/><V47/><F47/><W43/><G43/><T134/><D134/><U91/><E135/><V120/><F120/><W126/><G126/><T107/><D107/><U69/><E121/><V22/><F87/><W119/><G119/><T27/><D27/><U88/><E24/><V25/><F25/><W10/><G10/><T14/><D14/><U42/><E42/><V34/><F34/><W2/><G2/><T78/><D78/><U101/><E79/><V13/><F1/><W116/><G116/><T33/><D33/><U84/><E40/><V54/><F106/><W60/><G60/><T66/><D66/><U19/><E84/><V17/><F64/><W83/><G83/><T110/><D110/><U131/><E131/><V68/><F68/><W39/><AGARI ba="0,2" hai="0,6,8,11,12,18,39,41,44,72,74,82,85,89" machi="39" ten="20,5200,0" yaku="1,1,0,1,7,1,53,1" doraHai="130" doraHaiUra="86" who="3" fromWho="3" sc="302,-13,393,-13,45,-26,240,72" /><INIT seed="7,0,0,1,5,123" ten="289,380,19,312" oya="3" hai0="26,56,128,132,46,98,42,71,12,72,51,35,24" hai1="39,64,104,105,11,112,93,32,1,78,6,27,0" hai2="89,65,99,95,80,2,135,10,91,4,92,97,21" hai3="88,87,85,16,45,109,23,102,18,34,43,19,38"/><W94/><G34/><T83/><D35/><U84/><E64/><V44/><F135/><W106/><G109/><T62/><D71/><U36/><E93/><V48/><F80/><W76/><G106/><N who="1" m="41066" /><E84/><V115/><F65/><W57/><G102/><T126/><D132/><U96/><E96/><V74/><F74/><W40/><G57/><T117/><D117/><U134/><E78/><V130/><F21/><W58/><G58/><T110/><D110/><U15/><E15/><V86/><F130/><W125/><G125/><T127/><D128/><U25/><E27/><V101/><F115/><W79/><G43/><T103/><D12/><U81/><E81/><V114/><F114/><W50/><G38/><N who="1" m="14378" /><E112/><V31/><F31/><W37/><G37/><T124/><D83/><U90/><E90/><V70/><F70/><W61/><G61/><T22/><D72/><U118/><E134/><V59/><F59/><W30/><G85/><T41/><D41/><U52/><E52/><V77/><F77/><N who="3" m="29771" /><G30/><T68/><D22/><AGARI ba="0,0" hai="16,18,19,22,23,40,45,50,87,88,94" m="29771" machi="22" ten="30,5800,0" yaku="8,1,54,2" doraHai="123" who="3" fromWho="0" sc="289,-58,380,0,19,0,312,58" /><INIT seed="7,1,0,5,5,68" ten="231,380,19,370" oya="3" hai0="103,124,120,130,17,134,98,80,101,2,88,97,89" hai1="82,91,33,112,4,127,23,79,10,55,65,18,61" hai2="19,69,92,29,129,87,37,58,114,36,15,5,77" hai3="31,49,113,1,70,93,94,115,117,66,12,47,74"/><W0/><G74/><T30/><D30/><U42/><E33/><V78/><F69/><W72/><G117/><T21/><D2/><N who="3" m="1129" /><G72/><T13/><D120/><U62/><E42/><V86/><F15/><W51/><G31/><T44/><D124/><U104/><E104/><V126/><F92/><N who="3" m="35435" /><G12/><T56/><D130/><U119/><E112/><N who="3" m="43082" /><G47/><T39/><D134/><U26/><E127/><V8/><F58/><W25/><G25/><T32/><D32/><U40/><E40/><V34/><F114/><W9/><G9/><T28/><D28/><U22/><E10/><V109/><F8/><W75/><G75/><T106/><D56/><U16/><E119/><V99/><F126/><W131/><G131/><T83/><D44/><U132/><E132/><V54/><F29/><W102/><G102/><T123/><D123/><U38/><E26/><V45/><F34/><W108/><G108/><T84/><D39/><U105/><E38/><V107/><F109/><W6/><G6/><T27/><D27/><U57/><E4/><V90/><F5/><W76/><G76/><N who="0" m="46087" /><D21/><N who="1" m="7691" /><E79/><V85/><F129/><W133/><G133/><T7/><D17/><N who="1" m="6763" /><E105/><V11/><F107/><W122/><G122/><T41/><D41/><U46/><E46/><V81/><F45/><W43/><G43/><T110/><D13/><U96/><E96/><N who="0" m="36969" /><D110/><U71/><E91/><N who="0" m="34889" /><D7/><U52/><E82/><V100/><F81/><W121/><G121/><T63/><D63/><AGARI ba="1,0" hai="49,51,63,66,70" m="43082,35435,1129" machi="63" ten="40,2000,0" yaku="15,1" doraHai="68" who="3" fromWho="0" sc="231,-23,380,0,19,0,370,23" owari="208,-19.2,380,18.0,19,-48.1,393,49.3" /></mjloggm>