<mjloggm ver="2.3"><GO type="41" lobby="0"/><UN n0="%E3%83%AC%E3%83%83%E3%83%89%E3%82%AD%E3%83%B3%E3%82%B0%E3%83%80%E3%83%A0" n1="%E2%93%9D%4C%75%63%6B%79%4A" n2="%E5%9C%9F%E7%94%B0%E3%81%AE%E8%A3%8F%E3%83%89%E3%83%A9%32" n3="%70%6F%6E%70%6F%6E%73%6E" dan="13,17,14,15" rate="1954.37,2144.64,2035.00,1957.57" sx="M,M,M,M"/><TAIKYOKU oya="0"/><INIT seed="0,0,0,1,3,100" ten="250,250,250,250" oya="0" hai0="39,88,29,45,51,34,77,52,26,120,6,21,48" hai1="89,110,85,53,112,30,68,1,104,90,135,54,76" hai2="9,93,61,131,78,102,73,57,82,40,111,15,7" hai3="134,25,59,123,117,126,71,79,56,8,5,87,86"/><T18/><D120/><U97/><E68/><V118/><F111/><W64/><G71/><T129/><D129/><U91/><E1/><V66/><F131/><W72/><G117/><T63/><D39/><U19/><E30/><V44/><F118/><W27/><G123/><T13/><D77/><U41/><E41/><V130/><F130/><W4/><G64/><T121/><D121/><U20/><E110/><V113/><F113/><W38/><G38/><T42/><D63/><U55/><E135/><V35/><F35/><W22/><G134/><T23/><D6/><U84/><E112/><V99/><F44/><W28/><G126/><T67/><D67/><U74/><E74/><V36/><F40/><W98/><G98/><T119/><D119/><U105/><E97/><V0/><REACH who="2" step="1"/><F36/><REACH who="2" ten="250,250,240,250" step="2"/><W65/><G72/><T11/><REACH who="0" step="1"/><D88/><REACH who="0" ten="240,250,240,250" step="2"/><U103/><E91/><V3/><AGARI ba="0,2" hai="0,3,7,9,15,57,61,66,73,78,82,93,99,102" machi="3" ten="30,4000,0" yaku="1,1,2,1,0,1,53,0" doraHai="100" doraHaiUra="69" who="2" fromWho="2" sc="240,-20,250,-10,240,60,250,-10" /><INIT seed="1,0,0,4,1,46" ten="220,240,300,240" oya="1" hai0="18,42,126,26,111,128,35,1,47,48,28,55,24" hai1="79,2,5,85,68,45,77,91,58,134,120,71,93" hai2="102,94,107,73,39,15,67,38,133,12,105,29,121" hai3="84,33,64,36,9,112,23,56,82,117,131,17,87"/><U51/><E120/><V78/><F121/><W98/><G36/><T72/><D111/><U135/><E58/><V89/><F133/><N who="1" m="50697" /><E5/><V115/><F115/><W27/><G33/><T124/><D128/><U50/><E2/><V97/><F67/><W60/><G112/><T132/><D132/><U53/><E53/><V113/><F29/><W80/><G131/><T118/><D118/><U108/><E45/><V104/><F113/><W62/><G62/><T119/><D119/><U7/><E7/><V34/><F34/><W31/><G98/><T106/><D106/><U6/><E6/><V49/><F38/><W99/><G99/><T96/><D72/><U14/><E14/><V0/><F39/><W11/><G31/><T66/><D66/><U103/><E103/><V65/><F65/><W57/><G56/><T54/><D1/><U101/><E101/><V20/><F0/><W109/><G109/><T95/><D24/><U110/><E110/><V86/><F12/><W92/><G92/><T52/><REACH who="0" step="1"/><D18/><REACH who="0" ten="210,240,300,240" step="2"/><U63/><E108/><V90/><F105/><W129/><G129/><T122/><D122/><U3/><E3/><V4/><F107/><W32/><G117/><T123/><D123/><U16/><E16/><V13/><F4/><W74/><G74/><T100/><AGARI ba="0,1" hai="26,28,35,42,47,48,52,54,55,95,96,100,124,126" machi="100" ten="30,8000,1" yaku="1,1,0,1,52,1,54,1,53,1" doraHai="46" doraHaiUra="41" who="0" fromWho="0" sc="210,90,240,-40,300,-20,240,-20" /><INIT seed="2,0,0,5,0,75" ten="300,200,280,220" oya="2" hai0="9,12,83,114,113,93,122,112,102,128,96,15,40" hai1="129,82,43,7,104,108,28,132,6,106,47,125,54" hai2="35,55,26,119,134,1,39,36,92,2,120,13,90" hai3="109,32,59,89,56,42,46,101,127,60,126,94,74"/><V111/><F119/><W76/><G101/><T77/><D128/><U66/><E66/><V85/><F120/><W17/><G32/><T71/><D71/><U8/><E7/><V81/><F134/><W21/><G46/><T41/><D122/><U67/><E67/><V62/><F111/><W45/><G45/><T103/><D103/><U50/><E125/><V86/><F13/><W58/><G42/><T63/><D63/><U64/><E64/><V116/><F116/><W20/><G60/><T25/><D25/><U5/><E6/><V31/><F62/><W124/><G17/><T34/><D34/><U72/><E28/><V52/><F55/><W80/><REACH who="3" step="1"/><G109/><REACH who="3" ten="300,200,280,210" step="2"/><T79/><D114/><U14/><E43/><N who="0" m="16457" /><D113/><U23/><E108/><V107/><F107/><W131/><G131/><T91/><D112/><U97/><E129/><V84/><F39/><W88/><G88/><T33/><D33/><U57/><E47/><V4/><F36/><W100/><G100/><T30/><D30/><U123/><E106/><V65/><F31/><W115/><G115/><T18/><D15/><U24/><E14/><V117/><F35/><W70/><G70/><T99/><D99/><AGARI ba="0,1" hai="20,21,56,58,59,74,76,80,89,94,99,124,126,127" machi="99" ten="50,6400,0" yaku="1,1,18,1,52,1,53,0" doraHai="75" doraHaiUra="121" who="3" fromWho="0" sc="300,-64,200,0,280,0,210,74" /><INIT seed="3,0,0,2,4,51" ten="236,200,280,284" oya="3" hai0="86,38,27,133,71,110,134,50,121,16,100,57,129" hai1="43,70,115,119,65,104,89,123,93,10,103,75,40" hai2="81,117,82,37,45,124,26,91,68,54,112,88,109" hai3="72,2,52,25,63,49,19,111,39,66,84,35,108"/><W85/><G2/><T1/><D121/><U34/><E115/><V87/><F112/><W99/><G39/><T56/><D38/><U58/><E34/><V135/><F117/><W42/><G42/><T36/><D36/><U94/><E104/><V90/><F68/><W77/><G72/><T105/><D71/><U122/><E75/><V12/><F109/><N who="3" m="42059" /><G99/><N who="0" m="61599" /><D1/><U0/><E70/><V79/><F135/><N who="0" m="51722" /><D129/><U95/><E43/><V107/><F107/><W4/><G77/><T118/><D118/><U28/><E40/><V62/><F37/><W32/><G4/><T41/><D110/><U80/><E123/><V102/><F102/><W126/><G63/><T67/><D67/><U132/><E65/><V130/><F130/><W13/><G66/><T11/><D86/><N who="3" m="33385" /><G25/><T60/><D60/><U92/><E122/><V14/><F26/><W47/><G126/><T61/><D61/><U64/><E64/><V46/><F124/><W17/><G17/><T69/><D69/><U20/><E132/><V23/><F82/><W24/><G24/><T97/><D41/><U29/><E80/><V125/><F125/><W76/><G76/><T101/><D50/><U3/><E119/><V9/><F62/><W7/><G7/><T18/><D18/><U31/><E3/><V106/><F79/><W73/><G73/><T15/><D27/><U131/><E0/><V116/><F81/><W74/><G74/><T120/><D120/><U8/><E131/><V53/><F116/><W33/><G33/><T113/><D113/><U6/><N who="1" m="23552" /><DORA hai="48" /><U114/><E114/><V55/><F106/><AGARI ba="0,0" hai="11,15,16,56,57,97,101,106" m="51722,61599" machi="106" ten="30,3900,0" yaku="6,1,20,1,54,1" doraHai="51,48" who="0" fromWho="2" sc="236,39,200,0,280,-39,284,0" /><INIT seed="4,0,0,2,1,113" ten="275,200,241,284" oya="0" hai0="96,100,66,6,107,130,58,123,15,12,106,65,24" hai1="83,1,44,131,89,126,69,75,17,82,67,10,91" hai2="60,125,32,114,30,134,61,78,80,26,132,63,2" hai3="20,38,21,59,98,13,116,119,124,74,79,64,108"/><T84/><D123/><U128/><E69/><V51/><F2/><W45/><G108/><T52/><D107/><U18/><E67/><V122/><F122/><W109/><G109/><T102/><D102/><U11/><E1/><V34/><F114/><W9/><G98/><T87/><D130/><U27/><E27/><V117/><F125/><W90/><G90/><T29/><D66/><U40/><E44/><V99/><F99/><W111/><G111/><T41/><D41/><U115/><E40/><V4/><F4/><W62/><G45/><T104/><D104/><U81/><E115/><V47/><F34/><W43/><G43/><T103/><D103/><U97/><E97/><V86/><REACH who="2" step="1"/><F117/><REACH who="2" ten="275,200,231,284" step="2"/><W57/><G119/><T112/><D112/><U72/><REACH who="1" step="1"/><E83/><REACH who="1" ten="275,190,231,284" step="2"/><V133/><F133/><W28/><G116/><T76/><D96/><U5/><E5/><V77/><F77/><W8/><G79/><T55/><D76/><U68/><E68/><V70/><F70/><W39/><G124/><AGARI ba="0,2" hai="10,11,17,18,72,75,81,82,89,91,124,126,128,131" machi="124" ten="25,3200,0" yaku="1,1,22,2,53,0" doraHai="113" doraHaiUra="35" who="1" fromWho="3" sc="275,0,190,52,231,0,284,-32" /><INIT seed="5,0,0,1,4,74" ten="275,242,231,252" oya="1" hai0="72,99,44,17,34,79,129,103,13,3,122,95,105" hai1="60,14,46,16,35,0,12,4,102,29,66,40,92" hai2="7,15,126,123,109,121,133,20,62,33,128,39,116" hai3="98,80,82,65,2,94,30,85,37,32,76,113,115"/><U125/><E125/><V1/><RYUUKYOKU type="yao9" ba="0,0" sc="275,0,242,0,231,0,252,0" hai2="1,7,15,20,33,39,62,109,116,121,123,126,128,133" /><INIT seed="5,1,0,1,5,73" ten="275,242,231,252" oya="1" hai0="42,128,134,79,119,135,121,68,41,66,123,10,125" hai1="78,108,62,8,111,1,74,55,11,96,71,16,57" hai2="18,17,81,69,12,48,51,72,126,105,127,76,113" hai3="36,30,13,117,26,53,7,37,99,40,61,116,102"/><U104/><E71/><V44/><F69/><W43/><G13/><T118/><D10/><U115/><E115/><V47/><F105/><W46/><G7/><T50/><D79/><U19/><E104/><V110/><F110/><N who="1" m="42025" /><E96/><V38/><F38/><W6/><G6/><T86/><D86/><U28/><E28/><V32/><F32/><W58/><G43/><N who="0" m="16395" /><D125/><N who="2" m="47626" /><F113/><W82/><G82/><T63/><D50/><N who="2" m="18986" /><F18/><N who="1" m="6697" /><E1/><V35/><F35/><W84/><G84/><T98/><D98/><U67/><E67/><V54/><F54/><W45/><G45/><T52/><D52/><U129/><E129/><V24/><F24/><W65/><G53/><T0/><D128/><U83/><AGARI ba="1,0" hai="8,11,55,57,62,74,78,83" m="6697,42025" machi="83" ten="30,6000,0" yaku="10,1,52,1,54,1" doraHai="73" who="1" fromWho="1" sc="275,-21,242,63,231,-21,252,-21" /><INIT seed="5,2,0,0,5,120" ten="254,305,210,231" oya="1" hai0="48,51,55,61,60,5,118,135,78,70,119,130,26" hai1="16,77,110,47,128,82,126,117,93,41,132,27,99" hai2="1,21,131,11,105,71,106,87,34,2,36,109,74" hai3="6,88,129,92,17,114,15,123,18,13,64,100,8"/><U80/><E117/><V103/><F109/><W14/><G123/><T22/><D130/><U96/><E128/><V31/><F74/><W43/><G114/><T38/><D38/><U133/><E126/><V58/><F71/><W53/><G100/><T35/><D35/><U68/><E68/><V97/><F36/><W28/><G28/><T7/><D78/><U42/><E110/><V86/><F106/><W108/><G64/><T45/><D135/><N who="1" m="51787" /><E99/><V79/><F34/><W57/><G43/><N who="1" m="16394" /><E47/><V23/><F131/><W125/><G125/><T112/><D112/><U116/><E77/><V73/><F58/><W62/><G108/><T134/><D134/><U113/><E116/><V50/><F97/><W12/><REACH who="3" step="1"/><G129/><REACH who="3" ten="254,305,210,221" step="2"/><T107/><D119/><U75/><E113/><V127/><F127/><W66/><G66/><T94/><D118/><U76/><E75/><V46/><F73/><W54/><G54/><N who="0" m="29967" /><D70/><U32/><E32/><V83/><F103/><W44/><G44/><N who="0" m="28135" /><D107/><U4/><E76/><V102/><F105/><W20/><G20/><T72/><D72/><U104/><E104/><V39/><F39/><W67/><G67/><T89/><D5/><U63/><E4/><V85/><F79/><W24/><G24/><T19/><D7/><U37/><E37/><V81/><F102/><W40/><G40/><T98/><AGARI ba="2,1" hai="19,22,26,60,61,89,94,98" m="28135,29967" machi="98" ten="30,1100,0" yaku="8,1" doraHai="120" who="0" fromWho="0" sc="254,27,305,-7,210,-5,221,-5" /><INIT seed="6,0,0,4,0,129" ten="281,298,205,216" oya="2" hai0="77,11,15,12,119,43,101,49,23,130,57,82,2" hai1="7,100,42,88,38,123,111,46,97,98,22,8,4" hai2="24,79,10,85,25,19,105,78,31,52,115,63,132" hai3="41,26,18,92,61,59,44,86,118,28,40,102,75"/><V45/><F105/><W124/><G75/><T117/><D130/><U68/><E111/><V6/><F115/><W69/><G69/><T71/><D71/><U74/><E68/><V48/><F132/><W81/><G118/><T126/><D126/><U133/><E7/><V106/><F106/><W104/><G104/><T99/><D2/><U1/><E123/><V128/><F128/><W131/><G18/><T84/><D15/><U113/><E113/><V21/><F63/><W39/><G124/><T94/><D23/><U64/><E64/><V37/><F37/><W60/><G60/><T121/><D121/><U93/><E74/><V116/><F85/><W89/><G131/><T51/><D51/><U87/><E133/><V13/><REACH who="2" step="1"/><F116/><REACH who="2" ten="281,298,195,216" step="2"/><W27/><G39/><T32/><D119/><U91/><E87/><V135/><F135/><W30/><G86/><T66/><D117/><U29/><E98/><V5/><F5/><W95/><G81/><T122/><D122/><U35/><E97/><V127/><F127/><W107/><G107/><T53/><D84/><U114/><E114/><V83/><F83/><W90/><G61/><T58/><D82/><U33/><E38/><V108/><F108/><W76/><G76/><T134/><D77/><U112/><E112/><V16/><F16/><W80/><G80/><T47/><D134/><U110/><E110/><V55/><F55/><W34/><G41/><T56/><D43/><U3/><E42/><V54/><F54/><W67/><G40/><T0/><D53/><U103/><E4/><V14/><F14/><W17/><G67/><RYUUKYOKU ba="0,1" sc="281,-10,298,-10,195,30,216,-10" hai2="6,10,13,19,21,24,25,31,45,48,52,78,79" /><INIT seed="6,1,1,0,3,31" ten="271,288,225,206" oya="2" hai0="14,90,71,36,69,20,57,107,40,59,126,37,111" hai1="115,54,105,16,100,114,33,117,129,67,102,121,124" hai2="119,125,116,106,88,23,94,77,76,85,108,87,122" hai3="42,133,47,95,132,56,22,82,51,64,25,103,8"/><V18/><F122/><W48/><G82/><T109/><D107/><U120/><E67/><V97/><F125/><W86/><G8/><T9/><D20/><U1/><E117/><V84/><F108/><W72/><G72/><T7/><D126/><U89/><E54/><V128/><F128/><W131/><G131/><T93/><D69/><U98/><E1/><V35/><F35/><W65/><G51/><T29/><D29/><U43/><E43/><V28/><F28/><N who="3" m="17463" /><G86/><T96/><D71/><U134/><E124/><V53/><F53/><W81/><G81/><T17/><D7/><U60/><E129/><V4/><F4/><W68/><G68/><T79/><D79/><N who="2" m="30282" /><F23/><W26/><G26/><T5/><D5/><U112/><E121/><V62/><F18/><W123/><G123/><T15/><D15/><U104/><E120/><V75/><F62/><N who="3" m="37959" /><G65/><T6/><D6/><U74/><E115/><V58/><F58/><W110/><G110/><T70/><D70/><U32/><E114/><V3/><F3/><W61/><G61/><T38/><D111/><U41/><E60/><V44/><F44/><W63/><G63/><T92/><D109/><U127/><E112/><V55/><F55/><W39/><G39/><T2/><D40/><U78/><E41/><V21/><F75/><W27/><G27/><T34/><D2/><U99/><E127/><V118/><F21/><W45/><G47/><T113/><D113/><U101/><E74/><V130/><F130/><W52/><G42/><T83/><D38/><U11/><E11/><V73/><F73/><W10/><G10/><RYUUKYOKU ba="1,1" sc="271,-15,288,-15,225,15,206,15" hai2="84,85,87,88,94,97,106,116,118,119" hai3="45,48,52,95,103,132,133" /><INIT seed="6,2,1,2,3,90" ten="256,273,240,221" oya="2" hai0="107,104,51,133,37,29,45,16,36,122,25,67,32" hai1="31,65,14,135,99,98,54,8,117,119,118,52,59" hai2="27,94,62,86,68,15,33,130,48,43,125,112,26" hai3="4,129,79,124,10,83,110,102,30,97,111,61,82"/><V40/><F112/><W50/><G83/><T12/><D122/><U64/><E31/><V121/><F121/><W63/><G30/><T60/><D133/><U2/><E2/><V77/><F125/><W1/><G124/><T5/><D5/><U100/><E135/><V34/><F130/><W35/><G35/><T70/><D107/><U11/><E14/><V114/><F114/><W134/><G134/><T6/><D6/><U72/><E59/><V127/><F127/><W115/><G115/><T105/><D105/><U7/><E7/><V73/><F73/><W128/><G97/><N who="1" m="36874" /><E100/><V95/><F62/><N who="3" m="23563" /><G102/><T0/><D104/><U44/><E44/><N who="2" m="25607" /><F68/><W57/><G57/><T47/><D0/><U58/><E58/><V88/><F34/><W113/><G50/><T49/><D49/><U28/><E28/><V53/><F33/><W3/><G3/><T91/><D47/><U132/><E72/><V38/><F38/><W116/><G116/><T20/><REACH who="0" step="1"/><D91/><REACH who="0" ten="246,273,240,221" step="2"/><U19/><E132/><V46/><F43/><AGARI ba="2,2" hai="12,16,20,25,29,32,36,37,43,45,51,60,67,70" machi="43" ten="30,8000,1" yaku="1,1,2,1,7,1,54,1,53,1" doraHai="90" doraHaiUra="22" who="0" fromWho="2" sc="246,106,273,0,240,-86,221,0" /><INIT seed="7,0,0,4,5,81" ten="352,273,154,221" oya="3" hai0="22,45,56,2,128,17,103,118,5,101,16,112,46" hai1="1,10,89,23,108,51,58,25,94,36,85,133,65" hai2="114,13,39,32,92,79,15,34,50,24,27,124,117" hai3="74,40,41,19,119,107,30,95,20,68,134,90,64"/><W26/><G107/><T126/><D118/><U129/><E108/><V11/><F39/><W102/><G102/><T12/><D126/><U110/><E36/><V8/><F92/><W121/><G74/><T7/><D128/><U49/><E133/><V113/><F50/><W131/><G119/><T127/><D127/><U54/><E110/><V135/><F79/><W75/><G75/><T53/><D17/><U21/><E129/><V122/><F124/><W37/><G121/><T14/><D112/><U67/><E23/><V72/><F72/><W98/><G134/><T76/><D76/><U111/><E111/><V115/><F117/><W69/><G131/><T63/><D2/><U120/><E120/><V3/><F135/><W66/><G69/><T93/><D14/><N who="2" m="5130" /><F3/><W48/><G68/><T132/><D132/><U116/><E116/><V123/><F123/><W109/><G37/><T62/><D62/><U87/><E51/><V55/><F55/><W57/><G30/><T71/><D71/><U70/><E70/><V86/><F86/><N who="1" m="32777" /><E10/><N who="2" m="3627" /><F122/><W38/><G38/><T4/><D103/><U9/><E9/><V105/><F105/><W35/><G35/><AGARI ba="0,0" hai="24,27,32,34,35,113,114,115" m="3627,5130" machi="35" ten="40,8000,1" yaku="28,2,15,1,34,2" doraHai="81" who="2" fromWho="3" sc="352,0,273,0,154,80,221,-80" owari="352,45.2,273,7.3,234,-16.6,141,-35.9" /></mjloggm>