<mjloggm ver="2.3"><GO type="137" lobby="0"/><UN n0="%E8%8B%A6%E6%82%B6%E5%B9%BE%E5%95%8F%EF%BC%92" n1="%E2%93%9D%4C%75%63%6B%79%4A" n2="%61%69%6F%61%61%69" n3="%E6%B1%9F%E6%B1%9F%E8%80%81" dan="11,11,14,12" rate="1634.38,1790.86,1797.67,1701.57" sx="M,M,M,M"/><TAIKYOKU oya="0"/><INIT seed="0,0,0,3,1,29" ten="250,250,250,250" oya="0" hai0="51,41,71,56,7,72,117,37,23,13,94,122,24" hai1="10,127,113,74,0,85,84,4,43,5,86,48,78" hai2="49,90,60,114,134,100,135,123,83,36,45,28,57" hai3="34,19,104,53,35,39,65,106,3,58,119,73,61"/><T31/><D122/><U67/><E113/><V26/><F114/><W32/><G119/><T93/><D117/><U98/><E67/><N who="2" m="39311" /><F123/><W54/><G73/><T1/><D72/><U20/><E127/><V124/><F124/><W2/><G39/><T75/><D75/><U33/><E5/><V89/><F36/><W47/><G19/><T99/><D71/><U103/><E20/><N who="2" m="15431" /><F83/><W8/><G8/><T25/><D37/><U115/><E115/><V109/><F109/><W91/><G91/><T125/><D125/><U15/><E0/><V133/><F100/><W112/><G112/><T116/><D116/><U21/><E21/><V105/><F105/><W59/><G104/><T77/><D77/><U50/><E33/><V121/><F121/><W52/><G106/><T82/><D82/><U63/><E63/><V87/><F87/><W79/><G79/><T9/><D99/><U97/><E98/><V81/><F81/><W107/><G107/><T62/><D51/><N who="1" m="19499" /><E74/><V55/><AGARI ba="0,0" hai="45,49,55,89,90,133,134,135" m="15431,39311" machi="55" ten="30,1100,0" yaku="20,1" doraHai="29" who="2" fromWho="2" sc="250,-5,250,-3,250,11,250,-3" /><INIT seed="1,0,0,1,3,87" ten="245,247,261,247" oya="1" hai0="19,31,12,112,114,26,28,66,17,27,47,30,86" hai1="120,4,74,90,42,108,41,34,16,50,84,23,64" hai2="133,106,117,29,81,9,14,110,80,131,33,99,126" hai3="132,77,71,39,135,102,82,62,123,97,88,129,118"/><U75/><E120/><V7/><F117/><W103/><G39/><T116/><D66/><U52/><E34/><V36/><F36/><W57/><G71/><T85/><D116/><U8/><E75/><V35/><F35/><W83/><G118/><T65/><D65/><U18/><E74/><V109/><F133/><N who="3" m="51275" /><G123/><T115/><D47/><U125/><E125/><V91/><F126/><W43/><G43/><N who="1" m="16394" /><E64/><V76/><F131/><W3/><G3/><T21/><D85/><U60/><E60/><V130/><F130/><W46/><G46/><T100/><D100/><N who="3" m="38441" /><G129/><T38/><D86/><U96/><E96/><V128/><F128/><W58/><G57/><T92/><D92/><N who="1" m="54343" /><E108/><N who="2" m="41579" /><F106/><W6/><G6/><T111/><D38/><U79/><E79/><V101/><F101/><W94/><G77/><T69/><D69/><U5/><E8/><V13/><F76/><W68/><G68/><T98/><D98/><U44/><E18/><V48/><F33/><W22/><G22/><N who="0" m="15447" /><D111/><U24/><AGARI ba="0,0" hai="4,5,16,23,24,44,50,52" m="54343,16394" machi="24" ten="30,11700,0" yaku="8,1,52,1,54,2" doraHai="87" who="1" fromWho="1" sc="245,-39,247,117,261,-39,247,-39" /><INIT seed="1,1,0,4,5,70" ten="206,364,222,208" oya="1" hai0="77,14,44,58,112,89,29,4,111,125,102,33,10" hai1="41,108,39,113,8,80,3,56,12,106,13,69,30" hai2="85,130,122,53,76,25,81,66,38,124,73,117,62" hai3="103,60,22,74,129,6,127,55,105,54,27,83,133"/><U91/><E69/><V20/><F122/><W64/><G127/><T35/><D112/><U32/><E113/><V128/><F124/><W120/><G120/><T1/><D125/><U86/><E106/><V82/><F117/><W126/><G126/><T92/><D102/><U9/><E3/><V99/><F99/><W50/><G133/><T79/><D35/><U57/><E32/><V49/><F38/><W101/><G129/><T47/><D111/><U52/><E30/><V61/><F66/><W123/><G123/><T98/><D58/><U96/><E108/><V63/><F73/><W45/><G6/><T42/><D47/><U100/><E57/><V19/><REACH who="2" step="1"/><F82/><REACH who="2" ten="206,364,212,208" step="2"/><W95/><G83/><T72/><D72/><U40/><E39/><V26/><F26/><W36/><G74/><T94/><D98/><U78/><E96/><V2/><F2/><W134/><G134/><T46/><D1/><U109/><E109/><V16/><F16/><W11/><G36/><T110/><D110/><U0/><E0/><V59/><AGARI ba="1,1" hai="19,20,25,49,53,59,61,62,63,76,81,85,128,130" machi="59" ten="30,2000,0" yaku="1,1,0,1,53,0" doraHai="70" doraHaiUra="88" who="2" fromWho="2" sc="206,-6,364,-11,212,33,208,-6" /><INIT seed="2,0,0,0,0,89" ten="200,353,245,202" oya="2" hai0="116,9,35,50,66,52,114,103,117,80,68,44,30" hai1="18,85,43,42,24,97,130,105,17,77,132,124,46" hai2="53,79,72,55,5,90,14,107,121,19,28,21,102" hai3="106,15,73,74,67,108,115,91,71,6,133,3,87"/><V81/><F121/><W33/><G115/><T16/><D114/><U63/><E130/><V51/><F107/><W95/><G108/><T47/><D103/><U58/><E124/><V62/><F102/><W128/><G106/><T110/><D110/><U49/><E132/><V69/><F28/><W92/><G128/><T31/><D80/><U22/><E43/><V11/><F51/><W27/><G133/><T82/><D82/><N who="1" m="47311" /><E97/><V126/><F126/><W109/><G109/><T135/><D135/><U86/><E86/><V65/><REACH who="2" step="1"/><F90/><REACH who="2" ten="200,353,235,202" step="2"/><W129/><G129/><T37/><D31/><N who="1" m="17815" /><E105/><V54/><F54/><AGARI ba="0,1" hai="17,18,42,46,49,54,58,63" m="17815,47311" machi="54" ten="30,1000,0" yaku="8,1" doraHai="89" who="1" fromWho="2" sc="200,0,353,20,235,-10,202,0" /><INIT seed="3,0,0,0,0,6" ten="200,373,225,202" oya="3" hai0="39,69,98,22,111,23,89,2,131,38,60,134,5" hai1="31,15,84,75,19,30,63,34,114,118,93,67,43" hai2="124,1,74,9,32,125,119,81,82,33,52,107,121" hai3="26,24,27,41,53,71,90,44,113,127,116,20,8"/><W40/><G116/><T97/><D111/><U102/><E75/><V100/><F119/><W0/><G127/><N who="2" m="48713" /><F74/><W126/><G113/><T12/><D2/><U108/><E34/><N who="2" m="13419" /><F121/><W86/><G126/><T11/><D134/><U49/><E114/><V45/><F107/><W128/><G71/><T120/><D120/><U46/><E108/><V129/><F100/><W104/><G128/><T133/><D133/><U80/><E93/><V21/><F21/><W123/><G104/><T112/><D112/><U10/><E102/><V96/><F96/><W87/><G123/><T35/><D35/><U36/><E36/><V92/><F92/><W88/><G20/><T7/><D131/><U17/><E19/><V115/><F115/><W14/><G0/><T83/><D69/><U110/><E110/><V55/><F129/><W48/><G86/><T132/><D132/><U135/><E135/><V79/><F79/><W72/><G72/><T66/><D39/><U73/><E73/><V65/><F65/><W78/><G78/><T13/><D38/><U117/><E118/><V25/><F25/><W99/><G99/><T94/><D97/><U18/><E18/><V68/><F68/><W64/><G64/><T16/><D66/><U51/><E117/><V54/><F45/><W85/><G85/><T57/><D83/><N who="2" m="31754" /><F1/><W95/><G90/><T4/><D60/><U101/><E101/><V29/><F29/><W62/><G62/><T70/><D70/><N who="1" m="42367" /><E51/><V122/><F122/><W103/><G103/><T91/><D57/><U56/><E56/><V28/><F28/><W130/><G130/><RYUUKYOKU ba="0,0" sc="200,-30,373,10,225,10,202,10" hai1="10,15,17,30,31,43,46,49,80,84" hai2="9,52,54,55" hai3="8,14,24,26,27,40,41,44,48,53,87,88,95" /><INIT seed="3,1,0,3,3,75" ten="170,383,235,212" oya="3" hai0="93,34,118,18,13,43,113,120,129,78,61,25,63" hai1="49,69,100,103,134,104,30,9,19,99,59,116,111" hai2="48,73,3,72,17,12,96,90,133,10,132,32,86" hai3="135,23,38,91,108,22,123,117,71,102,11,16,126"/><W35/><G126/><T94/><D120/><U92/><E69/><V88/><F32/><W124/><G123/><T14/><D118/><U74/><E74/><V8/><F3/><W44/><G124/><T29/><D129/><U95/><E30/><V15/><F96/><W67/><G117/><T4/><D43/><U127/><E111/><V45/><F90/><W56/><G35/><T33/><D4/><U46/><E134/><V42/><F132/><W87/><G71/><T55/><D113/><U47/><E104/><V85/><F85/><W40/><G135/><T81/><D33/><U6/><E19/><V54/><F42/><W121/><G102/><T115/><D13/><U53/><E127/><V21/><F133/><W1/><G108/><T79/><D81/><U0/><E116/><V66/><F66/><W5/><G121/><T50/><D115/><U122/><E122/><V64/><F64/><W26/><G23/><N who="0" m="15551" /><D63/><U57/><E47/><V41/><F41/><W83/><G67/><T70/><D70/><U37/><E37/><V82/><REACH who="2" step="1"/><F21/><REACH who="2" ten="170,383,225,212" step="2"/><W68/><G68/><T128/><D34/><U130/><E130/><V24/><F24/><W119/><G119/><T125/><D128/><U28/><E0/><V89/><F89/><W114/><G114/><T84/><D125/><U110/><E110/><V76/><F76/><N who="0" m="29226" /><D84/><U112/><E112/><V131/><F131/><W107/><G87/><T62/><D62/><U36/><E36/><V77/><F77/><W98/><G98/><T109/><D61/><U39/><E99/><V60/><F60/><W31/><G1/><RYUUKYOKU ba="1,1" sc="170,-10,383,-10,225,30,212,-10" hai2="8,10,12,15,17,45,48,54,72,73,82,86,88" /><INIT seed="4,2,1,4,1,35" ten="160,373,255,202" oya="0" hai0="52,128,68,9,29,66,22,33,105,8,4,79,20" hai1="111,121,60,36,14,78,17,51,90,129,124,16,91" hai2="50,76,75,107,19,1,93,103,131,94,65,0,114" hai3="24,5,53,38,54,70,80,115,67,15,6,92,43"/><T109/><D105/><U26/><E36/><V72/><F65/><W41/><G115/><T83/><D33/><U100/><E121/><V84/><F114/><W118/><G118/><T112/><D112/><U64/><E111/><V96/><F131/><W42/><G38/><T116/><D116/><U47/><E78/><V7/><F7/><W82/><G70/><T3/><D128/><U98/><E124/><V57/><F94/><W46/><G67/><T48/><D109/><U126/><E26/><V127/><F127/><W86/><G24/><T55/><D68/><U135/><E135/><V74/><F19/><W101/><G101/><T61/><D66/><U21/><E17/><V106/><F106/><W62/><G62/><T34/><D9/><U85/><E85/><V89/><REACH who="2" step="1"/><F76/><REACH who="2" ten="160,373,245,202" step="2"/><W56/><G92/><T45/><D79/><U69/><E126/><V95/><F95/><W13/><G5/><T71/><D83/><U25/><E129/><V18/><F18/><W104/><G82/><T10/><D71/><U77/><E77/><V81/><F81/><W125/><G104/><T87/><D34/><U37/><E25/><V59/><F59/><W30/><G125/><T134/><D29/><U39/><E91/><V119/><F119/><W11/><G30/><T97/><D134/><U122/><E90/><V130/><F130/><W108/><G108/><T32/><D32/><U99/><E100/><V40/><F40/><W110/><G110/><T31/><D31/><U117/><E117/><V44/><F44/><W133/><G133/><T2/><D45/><U49/><E69/><RYUUKYOKU ba="2,2" sc="160,-10,373,-10,245,30,202,-10" hai2="0,1,50,57,72,74,75,84,89,93,96,103,107" /><INIT seed="5,3,2,0,2,80" ten="150,363,275,192" oya="1" hai0="105,130,62,12,113,60,79,108,97,43,9,133,109" hai1="46,98,94,5,135,78,70,66,61,67,128,47,16" hai2="21,107,6,103,134,92,31,54,56,39,117,95,3" hai3="85,37,111,86,76,110,8,10,74,118,71,18,50"/><U131/><E5/><V40/><F117/><W122/><G118/><T123/><D43/><U14/><E67/><V17/><F31/><W11/><G37/><T127/><D113/><U72/><E72/><V87/><F134/><W82/><G122/><T81/><D133/><U104/><E104/><V29/><F29/><W51/><G71/><T48/><D123/><U75/><E75/><V102/><F6/><W68/><G68/><T89/><D127/><U125/><E78/><V2/><F39/><W49/><REACH who="3" step="1"/><G18/><REACH who="3" ten="150,363,275,182" step="2"/><T59/><D109/><AGARI ba="3,3" hai="8,10,11,49,50,51,74,76,82,85,86,109,110,111" machi="109" ten="50,8000,1" yaku="1,1,2,1,52,2,53,0" doraHai="80" doraHaiUra="64" who="3" fromWho="0" sc="150,-89,363,0,275,0,182,119" /><INIT seed="6,0,0,0,5,101" ten="61,363,275,301" oya="2" hai0="3,72,18,25,51,13,121,46,87,73,41,9,127" hai1="8,59,54,79,0,36,122,40,26,5,88,104,30" hai2="81,12,28,86,111,58,126,100,98,63,1,15,91" hai3="38,16,102,42,35,70,108,37,135,61,116,120,130"/><V19/><F1/><W80/><G61/><T68/><D121/><U112/><E122/><V75/><F111/><W4/><G42/><T97/><D127/><U74/><E112/><V96/><F126/><W62/><G102/><T60/><D3/><U20/><E79/><V133/><F75/><W89/><G62/><T109/><D109/><U67/><E67/><V114/><F114/><W92/><G89/><T124/><D124/><U14/><E74/><V57/><F133/><W128/><G92/><T53/><D25/><U34/><E104/><V45/><F28/><W131/><G80/><T78/><D87/><U39/><E40/><V115/><F115/><W69/><G130/><T76/><D73/><U10/><E10/><V106/><F96/><W56/><G56/><T93/><D72/><U2/><E2/><V32/><F32/><W129/><G129/><T22/><D68/><U29/><E30/><V99/><F99/><W55/><G55/><T119/><D119/><U134/><E134/><V113/><F113/><W110/><G4/><T64/><D64/><U44/><E44/><V17/><F45/><W52/><G116/><T27/><D60/><N who="1" m="35959" /><E88/><V95/><F106/><W33/><G120/><T85/><D41/><U83/><E83/><V118/><F118/><W103/><G135/><T117/><D85/><U21/><E0/><V94/><F81/><W47/><G47/><T123/><D117/><U49/><E49/><V66/><F58/><W23/><G131/><T125/><D123/><U7/><E7/><V43/><F43/><W65/><G128/><T31/><D125/><RYUUKYOKU ba="0,0" sc="61,10,363,10,275,10,301,-30" hai0="9,13,18,22,27,31,46,51,53,76,78,93,97" hai1="5,8,14,20,21,26,29,34,36,39" hai2="12,15,17,19,57,63,66,86,91,94,95,98,100" /><INIT seed="6,1,0,3,3,131" ten="71,373,285,271" oya="2" hai0="73,117,86,120,28,107,2,109,66,72,29,100,33" hai1="6,18,125,7,110,40,93,113,59,71,20,130,80" hai2="0,21,44,119,99,49,41,90,103,10,65,132,69" hai3="84,83,17,63,135,45,24,4,121,127,115,87,88"/><V96/><F119/><W12/><G121/><T53/><D109/><U89/><E71/><V79/><F79/><W30/><G115/><T85/><D120/><U39/><E125/><V102/><F69/><W95/><G4/><T50/><D117/><U122/><E130/><V19/><F65/><W32/><G127/><T1/><D66/><U126/><E80/><V37/><F0/><W77/><G45/><T98/><D33/><U123/><E113/><V56/><F10/><W91/><G63/><T35/><D35/><U23/><E23/><V82/><F99/><W92/><G135/><T108/><D108/><U52/><E40/><V74/><F132/><W58/><G58/><T116/><D116/><U9/><E39/><V38/><F56/><W15/><REACH who="3" step="1"/><G17/><REACH who="3" ten="71,373,285,261" step="2"/><T26/><D73/><AGARI ba="1,1" hai="12,15,24,30,32,73,77,83,84,87,88,91,92,95" machi="73" ten="30,8000,1" yaku="1,1,2,1,7,1,9,1,54,1,53,0" doraHai="131" doraHaiUra="70" who="3" fromWho="0" sc="71,-83,373,0,285,0,261,93" owari="-12,-51.2,373,47.3,285,-11.5,354,15.4" /></mjloggm>