<mjloggm ver="2.3"><GO type="41" lobby="0"/><UN n0="%E6%98%BC%E8%8A%B1%E7%81%AB" n1="%E9%AD%9A%E6%B0%91%E3%83%B3%E3%82%B4" n2="%E2%93%9D%4C%75%63%6B%79%4A" n3="%E6%95%B4%E4%B8%AA%E5%A5%BD%E6%B4%BB" dan="13,15,16,14" rate="1811.47,2002.80,2147.87,1933.24" sx="M,M,M,F"/><TAIKYOKU oya="0"/><INIT seed="0,0,0,2,2,70" ten="250,250,250,250" oya="0" hai0="66,125,63,38,89,5,28,27,123,92,40,115,112" hai1="1,88,102,42,19,62,97,47,48,8,118,133,83" hai2="56,13,20,39,101,54,64,126,100,35,58,117,95" hai3="49,41,29,4,85,46,57,84,73,68,18,119,91"/><T107/><D107/><U114/><E118/><V121/><F35/><W44/><G119/><T116/><D116/><U86/><E114/><V110/><F117/><W90/><G68/><T23/><D123/><U87/><E133/><V65/><F121/><W93/><G73/><T10/><D125/><U71/><E86/><V25/><F110/><W132/><G132/><T128/><D128/><U60/><E71/><V113/><F113/><W80/><G29/><T104/><D104/><U72/><E72/><V11/><F39/><W30/><G30/><T2/><D40/><U17/><E1/><V15/><F126/><W50/><G4/><T131/><D131/><U81/><E81/><V108/><F108/><W122/><G57/><N who="2" m="22121" /><F54/><W37/><G122/><T53/><D53/><U34/><E34/><V21/><F25/><W134/><G134/><T74/><D74/><U16/><REACH who="1" step="1"/><E8/><REACH who="1" ten="250,240,250,250" step="2"/><V94/><F11/><W77/><G77/><T75/><D115/><U105/><AGARI ba="0,1" hai="16,17,19,42,47,48,60,62,83,87,88,97,102,105" machi="105" ten="30,8000,1" yaku="1,1,2,1,0,1,54,2,53,0" doraHai="70" doraHaiUra="0" who="1" fromWho="1" sc="250,-40,240,90,250,-20,250,-20" /><INIT seed="1,0,0,4,1,35" ten="210,330,230,230" oya="1" hai0="92,31,62,131,106,46,68,122,86,28,127,70,1" hai1="52,49,9,3,72,4,53,7,65,44,126,36,94" hai2="33,104,110,116,45,76,39,95,58,26,56,85,112" hai3="102,77,69,11,89,117,124,111,75,97,81,128,34"/><U19/><E126/><V99/><F116/><W54/><G69/><T115/><D106/><U51/><E72/><V18/><F104/><W27/><G111/><T40/><D115/><U96/><E36/><V78/><F110/><W22/><G34/><T84/><D127/><U83/><E65/><V38/><F112/><W60/><G124/><T130/><D122/><U24/><E83/><V8/><F33/><W82/><G128/><N who="0" m="49195" /><D1/><U66/><E66/><V42/><F39/><W133/><G133/><T57/><D92/><U91/><E3/><V118/><F118/><W123/><G123/><T119/><D119/><U37/><E37/><V121/><F85/><N who="0" m="32874" /><D68/><U67/><E67/><V107/><F107/><W21/><G11/><T50/><D70/><U114/><E114/><V105/><F105/><W25/><G82/><T73/><D73/><U63/><E63/><V2/><F121/><W64/><G89/><T135/><D135/><U30/><E19/><V59/><F18/><W20/><G117/><T80/><D80/><U103/><E9/><V5/><REACH who="2" step="1"/><F26/><REACH who="2" ten="210,330,220,230" step="2"/><W14/><G27/><T88/><D31/><U41/><E24/><V113/><F113/><W16/><G25/><T98/><D28/><U93/><E30/><V43/><F43/><W61/><G16/><T108/><D108/><U74/><E41/><V12/><F12/><W10/><G14/><T17/><D17/><U134/><E134/><V120/><F120/><W125/><G125/><T0/><D0/><U100/><E74/><V47/><F47/><W32/><G75/><T101/><D40/><U29/><E44/><RYUUKYOKU ba="0,1" sc="210,-10,330,-10,220,30,230,-10" hai2="2,5,8,38,42,45,56,58,59,76,78,95,99" /><INIT seed="2,1,1,2,3,123" ten="200,320,250,220" oya="2" hai0="134,116,59,53,108,47,106,21,92,16,89,24,100" hai1="131,27,4,113,40,71,39,114,84,125,95,75,9" hai2="41,20,30,115,11,52,77,8,118,63,111,17,76" hai3="26,91,37,35,68,1,14,10,121,83,33,48,18"/><V62/><F115/><W56/><G121/><T81/><D134/><U117/><E75/><V99/><F118/><W6/><G68/><T135/><D135/><U19/><E71/><V72/><F41/><W22/><G37/><T80/><D116/><U86/><E117/><V93/><F30/><W88/><G35/><T112/><D112/><U85/><E125/><V90/><F63/><W120/><G120/><T67/><D108/><U60/><E60/><V98/><F99/><W51/><G83/><T128/><D128/><U73/><E73/><V31/><F31/><W45/><G56/><T107/><D100/><U25/><E131/><V96/><F98/><W102/><G102/><T119/><D119/><U105/><E105/><V103/><F111/><W43/><G51/><N who="0" m="28927" /><D107/><U78/><E78/><N who="2" m="30315" /><F72/><W5/><G5/><T104/><D104/><U2/><E95/><V7/><F7/><W57/><G57/><T122/><D122/><U79/><E79/><V65/><F65/><W50/><G50/><T74/><D74/><U46/><E114/><V12/><F103/><W69/><G69/><T0/><D0/><U101/><E101/><V133/><F133/><W97/><G97/><N who="0" m="57487" /><D106/><U132/><E113/><V13/><F13/><W126/><G126/><T127/><D127/><U32/><E132/><V54/><F54/><W87/><G87/><T109/><D109/><U58/><E85/><V66/><F66/><W3/><G3/><T129/><D129/><U70/><E86/><V29/><F29/><AGARI ba="1,1" hai="1,6,10,14,18,22,26,29,33,43,45,48,88,91" machi="29" ten="40,5200,0" yaku="24,2,54,1" doraHai="123" who="3" fromWho="2" sc="200,0,320,0,250,-55,220,65" /><INIT seed="3,0,0,5,3,17" ten="200,320,195,285" oya="3" hai0="53,99,82,41,11,18,57,132,72,47,119,74,93" hai1="1,12,83,109,48,19,110,39,126,4,65,66,38" hai2="118,45,135,113,15,63,84,108,44,69,117,114,43" hai3="30,27,106,98,76,89,127,2,96,131,68,91,20"/><W111/><G68/><T85/><D119/><N who="2" m="45578" /><F84/><W10/><G131/><T133/><D11/><N who="1" m="2447" /><E83/><V50/><F15/><W75/><G75/><T134/><D18/><U36/><E48/><V33/><F33/><W94/><G127/><T34/><D34/><U49/><E49/><V124/><F135/><N who="0" m="34562" /><T5/><DORA hai="26" /><D5/><U67/><E126/><V51/><F108/><N who="1" m="41577" /><E39/><V122/><F122/><W103/><G111/><T54/><D47/><U77/><E77/><V86/><F86/><W16/><G76/><N who="0" m="46279" /><D41/><U115/><E115/><V60/><F124/><W23/><G2/><T31/><D31/><U78/><E78/><V58/><F69/><W73/><G73/><N who="0" m="28267" /><D57/><U7/><E7/><V123/><F123/><W21/><G89/><AGARI ba="0,0" hai="53,54,89,93,99" m="28267,46279,34562" machi="89" ten="40,1300,0" yaku="20,1" doraHai="17,26" who="0" fromWho="3" sc="200,13,320,0,195,0,285,-13" /><INIT seed="4,0,0,4,1,57" ten="213,320,195,272" oya="0" hai0="21,29,11,23,35,109,5,49,133,100,19,84,113" hai1="77,51,121,34,60,118,110,81,31,102,70,20,15" hai2="12,91,86,1,53,93,95,46,105,90,79,123,7" hai3="74,108,112,125,73,55,89,67,54,88,94,40,3"/><T126/><D100/><U98/><E110/><V47/><F1/><W72/><G112/><T68/><D68/><U103/><E34/><V45/><F123/><W14/><G3/><N who="0" m="447" /><D84/><U10/><E51/><V120/><F120/><W130/><G108/><T75/><D75/><U82/><E102/><V6/><F105/><W9/><G130/><T25/><D49/><U44/><E44/><V119/><F119/><W0/><G0/><T13/><D109/><U58/><E70/><V117/><F117/><W32/><G32/><T115/><D126/><U106/><E121/><V80/><F12/><W116/><G116/><T92/><D92/><U101/><E101/><V26/><F26/><W134/><G125/><T111/><D111/><U52/><E77/><V78/><F53/><W114/><G114/><N who="0" m="43531" /><D133/><U131/><E131/><V83/><F47/><W41/><G134/><T18/><D18/><U132/><E132/><V59/><F59/><W48/><G67/><T37/><D37/><U16/><REACH who="1" step="1"/><E118/><REACH who="1" ten="213,310,195,272" step="2"/><V24/><F79/><W27/><G48/><T56/><D56/><U76/><E76/><V62/><F78/><W38/><G38/><T64/><D64/><U50/><E50/><V129/><F129/><W87/><G89/><T28/><D28/><U71/><E71/><V43/><F91/><W63/><G74/><T104/><D104/><U2/><E2/><V122/><F122/><W36/><G36/><T69/><D69/><U135/><E135/><V66/><F90/><W107/><G107/><T30/><D30/><U124/><E124/><V97/><F46/><W42/><G73/><RYUUKYOKU ba="0,1" sc="213,15,310,15,195,-15,272,-15" hai0="13,19,21,23,25,29,35" hai1="10,15,16,20,31,52,58,60,81,82,98,103,106" /><INIT seed="4,1,1,3,1,122" ten="228,325,180,257" oya="0" hai0="23,63,32,28,94,58,85,18,107,128,2,95,48" hai1="3,14,54,29,99,41,56,68,65,21,55,109,45" hai2="104,69,72,59,125,24,16,74,8,4,43,62,30" hai3="124,135,39,131,47,123,96,49,78,116,108,81,76"/><T77/><D107/><U79/><E3/><V22/><F69/><W27/><G116/><T134/><D2/><U26/><E79/><V57/><F104/><W52/><G123/><T114/><D128/><U120/><E120/><V40/><F125/><W110/><G131/><T119/><D119/><U19/><E109/><V17/><F74/><W67/><G124/><T115/><D134/><U60/><E99/><V117/><F72/><W97/><G135/><T61/><D28/><U83/><E83/><V112/><F59/><W6/><G6/><T132/><D32/><U80/><E80/><V91/><F112/><N who="0" m="43050" /><D132/><U25/><E25/><V86/><F4/><W105/><G67/><T64/><D77/><U7/><E7/><V15/><F30/><W37/><G97/><T73/><D73/><U1/><E1/><V82/><REACH who="2" step="1"/><F117/><REACH who="2" ten="228,325,170,257" step="2"/><W46/><G47/><T53/><D58/><U106/><E106/><V127/><F127/><W113/><G105/><T129/><D129/><U71/><E71/><V34/><F34/><W90/><G113/><T84/><D64/><AGARI ba="1,2" hai="8,15,16,17,22,24,40,43,57,62,64,82,86,91" machi="64" ten="30,7700,0" yaku="1,1,7,1,8,1,54,1,53,0" doraHai="122" doraHaiUra="111" who="2" fromWho="0" sc="228,-80,325,0,170,100,257,0" /><INIT seed="5,0,0,4,4,24" ten="148,325,270,257" oya="1" hai0="35,23,62,45,121,128,38,57,43,110,68,30,91" hai1="29,26,123,102,87,2,70,92,69,96,115,105,17" hai2="5,41,82,48,9,81,127,0,58,88,52,120,18" hai3="20,44,60,90,25,117,80,119,125,67,111,94,83"/><U1/><E123/><V59/><F120/><W124/><G111/><T61/><D121/><U33/><E115/><V103/><F103/><W76/><G44/><T109/><D35/><U77/><E17/><V3/><F127/><N who="3" m="48715" /><G67/><T93/><D128/><U130/><E130/><V129/><F129/><W135/><G60/><T134/><D134/><U84/><E84/><V40/><F3/><W106/><G106/><T95/><D68/><U100/><E100/><V65/><F18/><W72/><G135/><T104/><D104/><U101/><E101/><V31/><F65/><W21/><G83/><T75/><D75/><U32/><E32/><V53/><F31/><N who="3" m="17831" /><G21/><T34/><D34/><U6/><E1/><V14/><F0/><W126/><N who="3" m="48723" /><W42/><DORA hai="7" /><G42/><N who="2" m="16489" /><F88/><W63/><G63/><AGARI ba="0,0" hai="5,9,14,48,52,53,58,59,63,81,82" m="16489" machi="63" ten="30,3900,0" yaku="8,1,52,1,54,1" doraHai="24,7" who="2" fromWho="3" sc="148,0,325,0,270,39,257,-39" /><INIT seed="6,0,0,4,5,119" ten="148,325,309,218" oya="2" hai0="69,76,88,45,94,18,132,30,8,123,99,33,66" hai1="50,32,110,17,91,101,134,42,23,10,71,28,122" hai2="73,67,52,57,115,127,37,83,86,84,116,135,48" hai3="44,100,20,15,24,125,109,43,126,39,90,11,113"/><V80/><BYE who="0" /><F116/><UN n0="%E6%98%BC%E8%8A%B1%E7%81%AB" /><W55/><G109/><T29/><D123/><U87/><E71/><V9/><F37/><W104/><G104/><T34/><D132/><U131/><E134/><V35/><F35/><W89/><G100/><T63/><D45/><U93/><E101/><V25/><F73/><W3/><G3/><T129/><D129/><U103/><E103/><V31/><F115/><W120/><G113/><T62/><D62/><U92/><E110/><V97/><F127/><N who="3" m="48651" /><G55/><T111/><D76/><U54/><BYE who="0" /><E42/><UN n0="%E6%98%BC%E8%8A%B1%E7%81%AB" /><V79/><F97/><W2/><G2/><T19/><D111/><U16/><E32/><V75/><F135/><W65/><G65/><T40/><D40/><U114/><E122/><V14/><F67/><W107/><G107/><T58/><D69/><U41/><E41/><V70/><F70/><W72/><G72/><T96/><D96/><U108/><E131/><V98/><F98/><W13/><G120/><T53/><D33/><U12/><E28/><N who="0" m="10857" /><D34/><U38/><E38/><V85/><F31/><N who="3" m="17799" /><G15/><N who="0" m="7527" /><D19/><AGARI ba="0,0" hai="11,13,19,39,43,44,89,90" m="17799,48651" machi="19" ten="30,1000,0" yaku="18,1" doraHai="119" who="3" fromWho="0" sc="148,-10,325,0,309,0,218,10" /><INIT seed="7,0,0,3,5,36" ten="138,325,309,228" oya="3" hai0="122,111,88,67,131,42,86,134,57,82,95,83,98" hai1="117,30,10,72,109,80,79,69,29,50,99,133,21" hai2="81,85,132,135,55,52,17,112,22,77,103,33,13" hai3="49,28,89,23,106,31,1,76,8,38,43,24,118"/><W116/><G106/><T58/><D122/><U125/><E69/><V84/><F33/><W123/><G123/><T93/><D131/><U54/><E109/><V100/><F85/><W44/><G31/><T108/><D134/><N who="2" m="51242" /><F112/><W115/><G115/><T16/><D108/><U48/><E133/><V7/><F7/><W18/><G76/><T37/><D111/><U4/><E125/><V2/><F2/><W20/><G38/><T59/><D67/><U110/><E110/><V105/><F105/><W94/><G8/><T70/><D70/><U6/><E6/><V66/><F66/><W15/><REACH who="3" step="1"/><G1/><REACH who="3" ten="138,325,309,218" step="2"/><T46/><REACH who="0" step="1"/><D16/><REACH who="0" ten="128,325,309,218" step="2"/><U97/><E117/><V113/><F113/><W65/><G65/><T64/><D64/><U91/><E29/><V121/><F121/><W75/><G75/><T68/><D68/><U45/><E30/><V127/><F127/><W78/><G78/><T12/><D12/><U53/><E79/><V87/><F77/><W9/><G9/><T19/><D19/><U114/><E10/><V96/><F17/><W71/><G71/><T101/><AGARI ba="0,2" hai="37,42,46,57,58,59,82,83,86,88,93,95,98,101" machi="101" ten="30,7900,0" yaku="1,1,0,1,52,1,54,1,53,0" doraHai="36" doraHaiUra="27" who="0" fromWho="0" sc="128,99,325,-20,309,-20,218,-39" owari="227,-17.3,305,40.5,289,8.9,179,-32.1" /></mjloggm>