<mjloggm ver="2.3"><GO type="9" lobby="0"/><UN n0="%E3%81%8D%E3%81%AE%E3%81%BF%E3%81%83" n1="%E2%93%9D%4C%75%63%6B%79%4A" n2="%E6%AE%8B%E9%A3%AF%E3%81%8F%E3%82%93" n3="%E3%81%93%E3%81%99%E3%81%9A" dan="10,6,6,11" rate="1594.90,1646.91,1717.40,1539.50" sx="F,M,M,F"/><TAIKYOKU oya="0"/><INIT seed="0,0,0,1,4,130" ten="250,250,250,250" oya="0" hai0="133,5,76,11,35,45,115,65,96,55,101,99,87" hai1="86,118,105,91,49,41,1,94,117,21,57,14,16" hai2="9,22,24,128,63,23,97,108,51,77,64,12,80" hai3="29,53,50,88,93,33,71,85,112,129,13,70,44"/><T42/><D35/><U37/><E105/><V56/><F108/><W120/><G112/><T95/><D65/><U107/><E107/><V135/><F128/><W69/><G129/><T75/><D99/><U90/><E1/><V10/><F10/><W73/><G73/><T74/><D115/><U59/><E37/><V103/><F51/><W39/><G39/><T2/><D55/><U68/><E68/><V109/><F109/><W98/><G13/><T18/><D18/><U4/><E4/><V116/><F116/><W104/><G120/><T79/><D133/><U31/><E31/><V43/><F43/><W100/><REACH who="3" step="1"/><G71/><REACH who="3" ten="250,250,250,240" step="2"/><T27/><D27/><AGARI ba="0,1" hai="27,29,33,44,50,53,69,70,85,88,93,98,100,104" machi="27" ten="40,5200,0" yaku="1,1,2,1,54,1,53,0" doraHai="130" doraHaiUra="17" who="3" fromWho="0" sc="250,-52,250,0,250,0,240,62" /><INIT seed="1,0,0,4,0,39" ten="198,250,250,302" oya="1" hai0="47,104,97,34,78,1,109,63,42,27,113,12,80" hai1="72,134,26,66,128,132,91,38,121,76,100,16,21" hai2="53,92,55,77,110,111,106,11,2,75,120,107,43" hai3="71,88,65,68,85,81,131,33,69,96,37,119,17"/><U5/><E121/><V123/><F11/><W56/><G33/><T46/><D113/><U127/><E100/><V95/><F2/><W9/><G119/><T14/><D1/><U41/><E66/><V6/><F6/><W23/><G131/><T36/><D109/><U54/><E128/><V24/><F24/><W116/><G37/><T130/><D130/><U4/><E54/><V32/><F77/><W61/><G116/><T118/><D118/><U94/><E127/><V29/><F29/><W103/><G9/><T25/><D14/><U84/><E72/><V15/><F15/><W49/><G49/><T90/><D34/><U51/><E76/><V133/><F32/><W18/><REACH who="3" step="1"/><G23/><REACH who="3" ten="198,250,250,292" step="2"/><T79/><D36/><U10/><E38/><V122/><F122/><W8/><G8/><T108/><D108/><U115/><E115/><V30/><F133/><N who="1" m="51305" /><E10/><V117/><F117/><W74/><G74/><T7/><D7/><U124/><E124/><V45/><F75/><W89/><G89/><T3/><D3/><U73/><E73/><V101/><F120/><W31/><G31/><T62/><D79/><U58/><E58/><V129/><F30/><W0/><G0/><T50/><D78/><U13/><E13/><V19/><F129/><W40/><G40/><T57/><D12/><U67/><E67/><V44/><F123/><W20/><G20/><T99/><D62/><U86/><E86/><V70/><F111/><W135/><G135/><T59/><D63/><U22/><E22/><V98/><F110/><W48/><G48/><T52/><D50/><U105/><E51/><RYUUKYOKU ba="0,1" sc="198,-10,250,-10,250,-10,292,30" hai3="17,18,56,61,65,68,69,71,81,85,88,96,103" /><INIT seed="2,1,1,4,3,3" ten="188,240,240,322" oya="2" hai0="41,79,8,77,56,15,0,111,65,44,95,33,86" hai1="117,36,63,118,74,42,11,62,121,52,60,124,110" hai2="35,28,125,5,78,89,54,119,116,73,133,17,9" hai3="76,92,132,51,91,18,12,24,6,1,68,40,66"/><V87/><F125/><W107/><G107/><T69/><D33/><U20/><E74/><V131/><F131/><W106/><G76/><T122/><D122/><U123/><E20/><V104/><F104/><W105/><G132/><T96/><D0/><U19/><E19/><V30/><F133/><W80/><G24/><T102/><D111/><U50/><E11/><V109/><F109/><W67/><G68/><T53/><D69/><U29/><E29/><V21/><F78/><W27/><G27/><T14/><D65/><N who="3" m="24585" /><G106/><T82/><D79/><U97/><E97/><V85/><F73/><W90/><G105/><T39/><REACH who="0" step="1"/><D8/><REACH who="0" ten="178,240,240,322" step="2"/><U94/><E110/><V126/><F35/><W10/><G1/><T72/><D72/><U22/><E124/><V13/><F126/><W55/><G80/><T57/><D57/><N who="1" m="32919" /><E22/><V49/><F119/><N who="1" m="45577" /><E94/><N who="2" m="54575" /><F116/><W100/><G92/><T103/><D103/><U127/><E127/><V128/><F128/><W58/><G100/><T114/><D114/><U7/><E7/><V81/><F81/><W34/><G34/><T112/><D112/><U23/><E23/><V113/><F113/><W47/><G18/><T88/><D88/><U120/><E123/><V129/><F129/><W61/><AGARI ba="1,2" hai="6,10,12,40,47,51,55,58,61,90,91" m="24585" machi="61" ten="30,2000,0" yaku="8,1,52,1" doraHai="3" who="3" fromWho="3" sc="178,-6,240,-6,240,-11,322,43" /><INIT seed="3,0,0,0,0,102" ten="172,234,229,365" oya="3" hai0="46,12,82,110,95,77,119,92,33,18,69,50,124" hai1="36,15,60,5,72,55,98,4,127,83,133,71,129" hai2="132,114,26,28,75,14,54,66,53,81,79,8,13" hai3="42,130,86,35,49,70,51,59,34,68,38,24,17"/><W20/><G86/><T112/><D69/><U105/><E36/><V0/><F114/><W64/><G130/><T56/><D119/><U90/><E129/><V67/><F0/><W109/><G109/><T61/><D33/><U94/><E127/><V47/><F14/><W62/><G38/><T3/><D3/><U1/><E133/><V22/><F132/><W117/><G42/><T57/><D110/><U96/><E1/><V19/><REACH who="2" step="1"/><F47/><REACH who="2" ten="172,234,219,365" step="2"/><W43/><G117/><T91/><D112/><U11/><E15/><V9/><F9/><W76/><G76/><T25/><D25/><U84/><E11/><V31/><F31/><W135/><G135/><T111/><D111/><U32/><E5/><V52/><AGARI ba="0,1" hai="8,13,19,22,26,28,52,53,54,66,67,75,79,81" machi="52" ten="30,4000,0" yaku="1,1,0,1,54,1,53,0" doraHai="102" doraHaiUra="125" who="2" fromWho="2" sc="172,-10,234,-10,219,50,365,-20" /><INIT seed="4,0,0,2,5,131" ten="162,224,269,345" oya="0" hai0="46,134,94,111,117,24,95,12,106,28,5,43,83" hai1="21,82,121,103,55,80,56,86,4,119,60,39,87" hai2="120,126,1,65,91,22,76,8,132,69,123,129,66" hai3="40,78,71,41,104,101,16,112,33,64,62,38,36"/><T44/><D117/><U85/><E119/><V23/><F76/><W118/><G118/><T125/><D106/><U19/><E121/><V113/><F113/><W47/><G78/><T75/><D44/><U30/><E39/><V52/><F129/><W81/><G81/><T108/><D75/><U58/><E4/><V89/><F126/><W50/><G112/><T31/><D83/><U45/><E30/><V6/><F69/><W70/><G104/><T20/><D28/><U7/><E7/><V68/><F68/><N who="3" m="26155" /><G101/><T27/><D27/><U88/><E103/><V79/><F79/><W15/><G15/><T25/><D25/><U14/><E45/><V74/><F74/><W9/><G9/><N who="0" m="4143" /><D125/><U116/><E116/><V122/><F132/><W42/><G16/><T97/><D97/><U109/><E109/><N who="0" m="42057" /><D43/><U0/><E0/><V96/><F23/><W110/><G110/><T115/><D46/><U51/><REACH who="1" step="1"/><E82/><REACH who="1" ten="162,214,269,345" step="2"/><V10/><F6/><W107/><G33/><T63/><D115/><U102/><E102/><V54/><F1/><W128/><G128/><T29/><D29/><U57/><E57/><V98/><F122/><W127/><G127/><T37/><D37/><N who="3" m="14441" /><G107/><T124/><D124/><U92/><E92/><N who="0" m="35369" /><D63/><U48/><E48/><V135/><F123/><W105/><G105/><T34/><D34/><U100/><E100/><V11/><F120/><W17/><G17/><T18/><D18/><U32/><E32/><V53/><F22/><W59/><AGARI ba="0,1" hai="40,41,42,47,50,59,62,64" m="14441,26155" machi="59" ten="30,8000,1" yaku="35,5" doraHai="131" who="3" fromWho="3" sc="162,-40,214,-20,269,-20,345,90" /><INIT seed="5,0,0,2,2,118" ten="122,194,249,435" oya="1" hai0="86,24,111,21,22,14,53,32,4,93,81,128,85" hai1="20,103,106,55,1,29,30,48,28,114,80,8,31" hai2="87,44,5,125,2,61,9,7,107,95,71,90,34" hai3="102,82,94,124,16,76,116,78,133,59,69,73,64"/><U6/><N who="1" m="7168" /><DORA hai="50" /><U122/><E114/><V75/><F107/><W40/><G69/><T35/><D111/><U19/><E106/><V130/><F34/><W132/><G40/><T117/><D117/><U79/><E103/><V0/><F125/><W104/><G116/><T127/><D127/><U54/><E122/><V15/><F75/><N who="3" m="43295" /><G16/><T120/><D120/><U58/><E58/><V74/><F74/><W121/><G124/><T113/><D113/><U46/><E48/><V25/><F25/><W119/><G121/><T13/><D128/><U43/><E43/><V41/><F130/><W65/><G119/><T108/><D108/><U45/><E46/><V77/><F77/><W27/><G59/><T88/><D4/><U67/><E67/><V83/><F71/><W109/><G27/><T39/><D39/><U11/><E11/><V105/><F105/><W52/><G65/><T84/><D32/><U129/><E45/><V98/><F61/><W10/><G10/><T135/><D135/><N who="3" m="51785" /><G64/><T57/><D35/><U89/><E129/><V72/><F72/><W62/><G109/><T42/><D42/><U101/><E101/><V115/><F5/><W96/><G62/><T38/><D38/><U60/><E60/><V63/><F63/><W36/><G36/><T17/><D22/><U110/><E110/><V18/><F7/><W12/><G12/><T91/><REACH who="0" step="1"/><D85/><REACH who="0" ten="112,194,249,435" step="2"/><N who="1" m="50343" /><E20/><V126/><F115/><W37/><G37/><T49/><AGARI ba="0,1" hai="13,14,17,21,24,49,53,57,81,84,86,88,91,93" machi="49" ten="20,12000,2" yaku="1,1,0,1,7,1,8,1,52,1,54,1,53,0" doraHai="118,50" doraHaiUra="112,123" who="0" fromWho="0" sc="112,130,194,-60,249,-30,435,-30" /><INIT seed="6,0,0,3,4,101" ten="242,134,219,405" oya="2" hai0="50,109,26,37,67,112,28,125,63,115,30,88,49" hai1="2,84,32,97,42,68,31,71,61,34,56,21,13" hai2="69,102,87,39,7,95,72,36,11,103,54,90,94" hai3="17,27,23,18,114,133,128,123,46,108,121,130,53"/><V48/><F69/><W25/><G53/><T132/><D37/><U78/><E2/><V92/><F72/><W93/><G46/><T57/><D109/><U135/><E135/><V91/><F36/><W131/><G93/><T22/><D28/><U12/><E78/><V85/><F94/><W3/><G108/><T14/><D132/><U40/><E31/><V134/><F39/><W127/><G133/><T106/><D125/><U100/><E21/><V5/><F134/><W45/><G45/><T16/><D106/><U89/><E84/><V33/><F33/><W62/><G62/><T55/><D112/><U35/><E89/><V1/><REACH who="2" step="1"/><F5/><REACH who="2" ten="242,134,209,405" step="2"/><W43/><G3/><T119/><D119/><U59/><E35/><V66/><F66/><W64/><G64/><T117/><D117/><U82/><E82/><V118/><F118/><W120/><G43/><T19/><D115/><U96/><REACH who="1" step="1"/><E61/><REACH who="1" ten="242,124,209,405" step="2"/><V0/><F0/><W129/><N who="3" m="32768" /><DORA hai="75" /><W113/><G127/><T65/><D50/><U122/><E122/><V124/><F124/><W60/><G60/><T10/><D30/><U15/><E15/><V116/><F116/><W70/><G70/><T24/><D24/><N who="3" m="9289" /><G23/><T104/><D63/><U110/><E110/><V29/><F29/><W9/><G113/><T8/><D65/><U98/><E98/><V111/><F111/><W44/><G114/><T126/><D126/><U107/><E107/><V79/><F79/><W99/><G99/><T20/><D67/><U38/><E38/><V4/><F4/><W51/><G9/><N who="0" m="3691" /><D104/><U105/><E105/><V41/><F41/><RYUUKYOKU ba="0,2" sc="242,0,124,0,209,0,405,0" hai0="14,16,19,20,22,26,49,55,57,88" hai1="12,13,32,34,40,42,56,59,68,71,96,97,100" hai2="1,7,11,48,54,85,87,90,91,92,95,102,103" hai3="17,18,44,51,120,121,123" /><INIT seed="6,1,2,3,1,94" ten="242,124,209,405" oya="2" hai0="8,6,114,91,26,132,66,115,54,42,27,28,0" hai1="84,118,41,127,18,135,117,23,22,45,90,99,67" hai2="46,103,72,1,40,48,124,79,47,69,16,89,25" hai3="129,111,32,86,50,58,44,64,120,126,131,78,13"/><V83/><F69/><W24/><G111/><T52/><D42/><U14/><E135/><V70/><F70/><W125/><G120/><T108/><D108/><U35/><E35/><V51/><F1/><W119/><G119/><T77/><D77/><U97/><E127/><N who="3" m="48650" /><G13/><T123/><D123/><U100/><E67/><V133/><F124/><W81/><G32/><T116/><D132/><U38/><E23/><V17/><F133/><W53/><G24/><T110/><D110/><U121/><E121/><V10/><F10/><W9/><G9/><T105/><D105/><U33/><E33/><V93/><F25/><W43/><G64/><T19/><D66/><U62/><E62/><AGARI ba="1,2" hai="43,44,50,53,58,62,78,81,86,129,131" m="48650" machi="62" ten="30,1000,0" yaku="18,1" doraHai="94" who="3" fromWho="1" sc="242,0,124,-13,209,0,405,33" /><INIT seed="7,0,0,4,3,49" ten="242,111,209,438" oya="3" hai0="130,83,127,31,67,28,120,81,132,52,38,40,72" hai1="114,51,109,19,126,35,8,66,5,7,63,12,74" hai2="42,75,32,116,57,97,135,112,30,77,96,53,9" hai3="111,129,10,59,61,93,56,17,24,1,58,89,68"/><W123/><G123/><T107/><D120/><U46/><E109/><V22/><F32/><W34/><G34/><T99/><D83/><U85/><E126/><V78/><F116/><W65/><G111/><T39/><D127/><U18/><E114/><V37/><F112/><W90/><G129/><T113/><D113/><U92/><E74/><V124/><F124/><W2/><G24/><T115/><D115/><U60/><E35/><V26/><F135/><W23/><G10/><T50/><D130/><U64/><E7/><V33/><F33/><W128/><G128/><T76/><D67/><U110/><E110/><V54/><F75/><W62/><G1/><T125/><D125/><U122/><E122/><V91/><F37/><W27/><G2/><T133/><D40/><U117/><E117/><V43/><F9/><W95/><G68/><T4/><D4/><U70/><E92/><N who="3" m="35402" /><G65/><T98/><D38/><U20/><E85/><V134/><F134/><N who="0" m="51818" /><D39/><U103/><E103/><V36/><F57/><W21/><G21/><T94/><D107/><U6/><E6/><V100/><F100/><W102/><G102/><N who="0" m="60759" /><D99/><N who="2" m="37962" /><F91/><AGARI ba="0,0" hai="17,23,27,56,58,59,61,62,89,90,91" m="35402" machi="91" ten="30,1500,0" yaku="8,1" doraHai="49" who="3" fromWho="2" sc="242,0,111,0,209,-15,438,15" owari="242,4.2,111,-38.9,194,-20.6,453,55.3" /></mjloggm>