<mjloggm ver="2.3"><GO type="41" lobby="0"/><UN n0="%E2%93%9D%4C%75%63%6B%79%4A" n1="%E3%83%81%E3%83%A7%E3%82%B3%E3%83%AC%E3%83%BC%E3%83%88%E4%BC%AF%E7%88%B5" n2="%64%6F%63%74%6F%72" n3="%E5%B0%8F%E5%AE%AE%E7%95%B3%E5%BA%97" dan="17,15,15,15" rate="2141.20,2022.16,2039.87,2011.09" sx="M,M,F,M"/><TAIKYOKU oya="0"/><INIT seed="0,0,0,3,0,60" ten="250,250,250,250" oya="0" hai0="28,114,89,79,82,3,19,126,62,66,131,45,101" hai1="64,99,18,95,49,26,130,5,63,21,27,41,9" hai2="50,36,7,123,133,59,80,132,91,32,85,88,24" hai3="33,71,54,38,31,29,97,56,116,86,119,83,20"/><T102/><D114/><U14/><E130/><V47/><F123/><W46/><G33/><T112/><D112/><U39/><E39/><V53/><F7/><W72/><G72/><T134/><D3/><U118/><E118/><V113/><F113/><W8/><G71/><T34/><D131/><U65/><E63/><V16/><F36/><W92/><G8/><T84/><D126/><U2/><E2/><V6/><F6/><W87/><G87/><T122/><D134/><N who="2" m="51818" /><F59/><W0/><G0/><T51/><D122/><U124/><E27/><V111/><F111/><W52/><G54/><T10/><D79/><U40/><E124/><V70/><F70/><W106/><G106/><T74/><D74/><U77/><E77/><N who="2" m="46223" /><F32/><W125/><G125/><T129/><D28/><U61/><E49/><V93/><F93/><W107/><G107/><T135/><D34/><U30/><E5/><V37/><F37/><W4/><G4/><T100/><D129/><U81/><E81/><V94/><F94/><W12/><G116/><T11/><D19/><U25/><E25/><V75/><F75/><W69/><G69/><T104/><D104/><U96/><E96/><V120/><F120/><W98/><G97/><T55/><REACH who="0" step="1"/><D135/><REACH who="0" ten="240,250,250,250" step="2"/><U73/><E73/><V76/><F76/><N who="3" m="46439" /><G119/><T67/><D67/><N who="1" m="25675" /><E61/><V15/><F24/><W43/><G31/><T117/><D117/><U108/><E108/><V13/><F13/><W42/><G12/><T58/><AGARI ba="0,1" hai="10,11,45,51,55,58,62,66,82,84,89,100,101,102" machi="58" ten="30,11700,0" yaku="1,1,0,1,8,1,52,1,53,0" doraHai="60" doraHaiUra="35" who="0" fromWho="0" sc="240,127,250,-39,250,-39,250,-39" /><INIT seed="0,1,0,0,4,115" ten="367,211,211,211" oya="0" hai0="132,81,3,131,38,114,133,25,125,2,117,21,75" hai1="122,24,92,109,59,22,108,124,4,99,47,113,23" hai2="44,40,62,43,119,63,102,41,97,61,60,118,71" hai3="103,28,135,120,7,14,31,33,130,57,69,42,78"/><T90/><D114/><U8/><E122/><V10/><F10/><W129/><G69/><T112/><D112/><U18/><E113/><V73/><F73/><W86/><G103/><T105/><D38/><U16/><E124/><V27/><F27/><W93/><G120/><T82/><D105/><U50/><E59/><V65/><F97/><W89/><G42/><N who="2" m="16489" /><F102/><W35/><G78/><T20/><D131/><N who="3" m="50185" /><G135/><T37/><D37/><AGARI ba="1,0" hai="37,43,44,60,61,62,63,65,71,118,119" m="16489" machi="37" ten="30,7700,0" yaku="34,2,52,2" doraHai="115" who="2" fromWho="0" sc="367,-80,211,0,211,80,211,0" /><INIT seed="1,0,0,2,0,78" ten="287,211,291,211" oya="1" hai0="122,114,56,8,22,118,72,38,75,12,107,52,3" hai1="68,77,39,59,15,61,10,50,123,36,101,40,111" hai2="53,74,70,117,9,89,6,115,11,63,131,94,108" hai3="110,105,44,121,90,76,67,25,135,0,109,119,95"/><U26/><E123/><V80/><F117/><W27/><G0/><T1/><D114/><U64/><E111/><V16/><F108/><W98/><G105/><T21/><D38/><U125/><E125/><V54/><F115/><W33/><G121/><T81/><D107/><U86/><E101/><V13/><F131/><W71/><G135/><T31/><D118/><U84/><E26/><V48/><F70/><W37/><G119/><T5/><D122/><U97/><E97/><V128/><F128/><W62/><G76/><T20/><D31/><U28/><E28/><V93/><F63/><W100/><G27/><T7/><D7/><U23/><E23/><V104/><F104/><W103/><G110/><T49/><REACH who="0" step="1"/><D81/><REACH who="0" ten="277,211,291,211" step="2"/><U129/><E39/><V43/><F74/><AGARI ba="0,1" hai="1,3,5,8,12,20,21,22,49,52,56,72,74,75" machi="74" ten="40,5200,0" yaku="1,1,2,1,54,1,53,0" doraHai="78" doraHaiUra="85" who="0" fromWho="2" sc="277,62,211,0,291,-52,211,0" /><INIT seed="2,0,0,0,5,68" ten="339,211,239,211" oya="2" hai0="90,53,28,5,40,94,58,133,73,55,125,80,13" hai1="59,81,115,47,27,31,122,103,118,93,39,87,2" hai2="95,61,57,8,88,70,131,15,128,21,24,56,96" hai3="63,49,101,50,65,134,62,17,75,37,129,104,116"/><V77/><F77/><W117/><G75/><T42/><D133/><U18/><E118/><V33/><F33/><W110/><G101/><T108/><D108/><U89/><E115/><V83/><F83/><W22/><G104/><T86/><D125/><U30/><E2/><V126/><F126/><W127/><G17/><T60/><D28/><U0/><E0/><V84/><F70/><W1/><G22/><T92/><D55/><U100/><E122/><V120/><F120/><W114/><G1/><T36/><D36/><U97/><E100/><V46/><F46/><W113/><G127/><T106/><D106/><U35/><E31/><V14/><F84/><W105/><G105/><T119/><D119/><U6/><E6/><V64/><F56/><W91/><G91/><T67/><D67/><U9/><E59/><V82/><F82/><W72/><G72/><T26/><D26/><U132/><E132/><V111/><F111/><W52/><G134/><T7/><D7/><U34/><E34/><V43/><F43/><N who="0" m="16426" /><D73/><U23/><E47/><V76/><F76/><W45/><G110/><T10/><AGARI ba="0,0" hai="5,10,13,53,58,60,80,86,90,92,94" m="16426" machi="10" ten="30,1100,0" yaku="8,1" doraHai="68" who="0" fromWho="0" sc="339,11,211,-3,239,-5,211,-3" /><INIT seed="3,0,0,1,2,79" ten="350,208,234,208" oya="3" hai0="120,27,134,0,109,19,110,8,25,74,81,18,118" hai1="52,102,97,85,68,29,6,92,33,2,12,41,77" hai2="38,32,128,61,87,127,5,49,135,16,72,86,37" hai3="13,124,119,30,123,98,126,40,114,4,15,71,64"/><W117/><G71/><T93/><D93/><U47/><E68/><V133/><F72/><W44/><G64/><T51/><D120/><U54/><E2/><V95/><F5/><W62/><G62/><T125/><D118/><U91/><E33/><V69/><F32/><W80/><G114/><T111/><D125/><N who="3" m="48233" /><G30/><T90/><D134/><N who="2" m="51210" /><F127/><W108/><G123/><T84/><D74/><U132/><E77/><V100/><F128/><W99/><G108/><T66/><D66/><U130/><E130/><V112/><F112/><W103/><G80/><T46/><D19/><U53/><E29/><V43/><F49/><N who="3" m="26759" /><G99/><T9/><D0/><U96/><E132/><V107/><F107/><N who="3" m="63991" /><G4/><T73/><D73/><U76/><E76/><V23/><F43/><W10/><G10/><N who="0" m="4203" /><D18/><U34/><E34/><V55/><F69/><W20/><G20/><T42/><AGARI ba="0,0" hai="25,27,42,46,51,81,84,90,109,110,111" m="4203" machi="42" ten="40,2700,0" yaku="14,1,52,1" doraHai="79" who="0" fromWho="0" sc="350,27,208,-7,234,-7,208,-13" /><INIT seed="4,0,0,4,1,43" ten="377,201,227,195" oya="0" hai0="25,134,79,34,90,76,40,38,108,100,112,44,69" hai1="9,85,11,24,56,122,91,127,83,2,21,64,63" hai2="62,15,7,74,132,88,46,53,48,107,20,45,61" hai3="27,95,57,18,52,117,47,124,110,118,31,29,22"/><T67/><D108/><U14/><E122/><V99/><F74/><W97/><G110/><T80/><D134/><U104/><E104/><V86/><F132/><W113/><G113/><T13/><D112/><U133/><E133/><V30/><F107/><W120/><G120/><T32/><D100/><U87/><E127/><V72/><F99/><W105/><G105/><T28/><D34/><U125/><E2/><V23/><F72/><W111/><G111/><T78/><D13/><U26/><E125/><V36/><F36/><W115/><G115/><T4/><D4/><U84/><E11/><N who="2" m="4607" /><F30/><W73/><G73/><T41/><D41/><U33/><E33/><V8/><F8/><W77/><G77/><T60/><REACH who="0" step="1"/><D90/><REACH who="0" ten="367,201,227,195" step="2"/><U58/><E26/><V129/><F129/><W114/><G114/><T19/><D19/><U89/><E89/><V119/><F119/><W70/><G124/><T51/><D51/><U92/><E24/><V106/><F106/><W71/><G118/><T103/><D103/><U49/><E49/><N who="2" m="28847" /><F62/><N who="3" m="36135" /><G117/><T65/><D65/><U42/><E64/><V35/><F61/><W96/><G31/><T135/><D135/><U55/><E91/><V128/><F128/><W130/><G130/><T1/><D1/><U121/><E63/><V37/><F35/><W93/><G29/><T66/><D66/><U0/><E0/><V123/><F123/><W39/><G27/><T101/><D101/><U109/><E121/><V10/><F37/><W5/><G39/><T3/><D3/><U54/><E109/><V131/><F131/><W116/><G116/><T59/><D59/><RYUUKYOKU ba="0,1" sc="367,30,201,-10,227,-10,195,-10" hai0="25,28,32,38,40,44,60,67,69,76,78,79,80" /><INIT seed="4,1,1,4,2,41" ten="397,191,217,185" oya="0" hai0="93,101,67,110,33,20,78,59,125,69,1,122,68" hai1="86,64,70,131,112,63,96,44,76,17,115,27,47" hai2="3,0,22,49,124,120,28,133,127,91,48,57,56" hai3="6,26,66,121,83,16,95,23,14,45,132,55,109"/><T88/><D33/><U135/><E135/><V130/><F120/><W65/><G109/><T116/><D122/><U42/><E131/><V111/><F111/><W85/><G132/><T46/><D1/><U77/><E96/><V129/><F22/><W71/><G71/><T134/><D78/><U19/><E42/><V30/><REACH who="2" step="1"/><F91/><REACH who="2" ten="397,191,207,185" step="2"/><N who="3" m="53743" /><G121/><T9/><D20/><U31/><E77/><V51/><F51/><N who="3" m="29167" /><G83/><T73/><D110/><U104/><E76/><V54/><F54/><W32/><G32/><T82/><D134/><AGARI ba="1,2" hai="0,3,28,30,48,49,56,57,124,127,129,130,133,134" machi="134" ten="25,3200,0" yaku="1,1,22,2,53,0" doraHai="41" doraHaiUra="75" who="2" fromWho="0" sc="397,-35,191,0,207,55,185,0" /><INIT seed="5,0,0,4,3,58" ten="362,191,262,185" oya="1" hai0="1,77,36,55,61,93,74,131,106,7,115,29,127" hai1="10,86,48,135,132,46,12,16,68,104,64,67,118" hai2="129,84,94,85,14,28,47,41,69,38,30,92,81" hai3="22,37,89,80,83,59,122,111,71,13,102,121,91"/><U18/><E118/><V51/><F129/><W133/><G71/><T88/><D106/><U70/><E104/><V105/><F105/><W78/><G37/><T103/><D36/><U109/><E86/><N who="2" m="33387" /><F69/><N who="1" m="26729" /><E18/><V119/><F119/><W34/><G34/><T82/><D115/><U44/><E109/><V11/><F81/><W17/><G102/><T57/><D127/><U128/><E128/><V110/><F38/><W117/><G111/><T54/><D103/><U25/><E25/><V8/><F8/><W19/><G59/><T63/><D29/><N who="2" m="11370" /><F110/><W20/><G117/><T90/><D131/><U26/><E26/><V9/><F9/><W126/><G13/><T35/><D35/><U72/><E72/><V31/><N who="2" m="11378" /><V45/><DORA hai="75" /><F45/><N who="1" m="17513" /><E48/><V52/><F41/><W95/><G95/><T114/><D93/><U43/><E43/><V134/><F134/><AGARI ba="0,0" hai="10,12,16,64,67,132,134,135" m="17513,26729" machi="134" ten="30,2900,0" yaku="20,1,54,1" doraHai="58,75" who="1" fromWho="2" sc="362,0,191,29,262,-29,185,0" /><INIT seed="5,1,0,0,1,110" ten="362,220,233,185" oya="1" hai0="11,103,44,9,37,77,96,107,61,75,31,125,15" hai1="131,72,97,67,106,3,119,23,100,68,40,63,49" hai2="115,129,29,43,47,60,114,86,133,84,116,4,28" hai3="58,59,123,21,52,83,135,102,92,17,46,14,88"/><U66/><E119/><V118/><F4/><W74/><G135/><T98/><D125/><U101/><E131/><V109/><F133/><W105/><G105/><T113/><D31/><N who="2" m="11850" /><F129/><W65/><G123/><T48/><D37/><U85/><E72/><V32/><F32/><W93/><G65/><T41/><D98/><U2/><E67/><V64/><F109/><W24/><G74/><T16/><D61/><U112/><E101/><V25/><F25/><W1/><G1/><T8/><D77/><U82/><E23/><V50/><F118/><W30/><G46/><T122/><D75/><U121/><E121/><V76/><F76/><W132/><G59/><T51/><D122/><U124/><E124/><V120/><F116/><W38/><G38/><T73/><D73/><U70/><E70/><V89/><F89/><W12/><G102/><T79/><D79/><U33/><E33/><V134/><F134/><W69/><G69/><T13/><D51/><U22/><E22/><V39/><F120/><W10/><G14/><T42/><D42/><U27/><E27/><V56/><F39/><W126/><G126/><T55/><D41/><U130/><E130/><V128/><F128/><W108/><G108/><T94/><D107/><U71/><E68/><V20/><F20/><W0/><G0/><T54/><D55/><U5/><E5/><V78/><F78/><W80/><G132/><T26/><D26/><U18/><E3/><V34/><F34/><W111/><G111/><T57/><D15/><U90/><E2/><V45/><F45/><W99/><G92/><T95/><D95/><RYUUKYOKU ba="1,0" sc="362,-15,220,-15,233,15,185,15" hai2="43,47,50,56,60,64,84,86,114,115" hai3="10,12,17,21,24,30,52,58,80,83,88,93,99" /><INIT seed="6,2,0,5,0,69" ten="347,205,248,200" oya="2" hai0="13,135,127,0,96,62,15,131,92,77,82,8,26" hai1="97,10,91,53,43,7,33,74,46,104,66,130,4" hai2="129,57,47,126,21,100,45,94,108,19,6,102,123" hai3="38,81,24,122,90,58,128,50,72,11,134,30,73"/><V71/><F123/><W85/><G122/><T22/><D135/><U41/><E33/><V99/><F71/><W109/><G109/><T70/><D131/><U1/><E130/><V9/><F129/><W39/><G128/><T118/><D127/><U31/><E31/><V78/><F126/><W63/><G50/><T25/><D0/><U112/><E112/><V101/><F108/><W80/><G11/><T29/><D26/><U83/><E4/><V16/><F78/><W107/><G107/><T36/><D36/><U27/><E27/><N who="2" m="14783" /><F6/><W48/><G48/><T59/><D118/><U113/><E113/><V111/><F111/><W37/><G81/><T2/><D70/><U119/><E119/><V67/><F67/><W35/><REACH who="3" step="1"/><G134/><REACH who="3" ten="347,205,248,190" step="2"/><T44/><D82/><U65/><E104/><V86/><F45/><W55/><AGARI ba="2,1" hai="24,30,35,37,38,39,55,58,63,72,73,80,85,90" machi="55" ten="30,12000,2" yaku="1,1,2,1,0,1,52,3,53,1" doraHai="69" doraHaiUra="56" who="3" fromWho="3" sc="347,-32,205,-32,248,-62,190,136" /><INIT seed="7,0,0,3,4,61" ten="315,173,186,326" oya="3" hai0="126,88,17,4,41,120,80,0,20,15,25,36,85" hai1="39,118,52,33,135,130,97,116,2,99,64,79,128" hai2="90,44,21,30,47,104,134,129,69,37,3,49,82" hai3="6,119,95,103,19,110,13,71,38,87,94,54,65"/><W74/><G74/><T133/><D120/><U24/><E39/><V32/><F3/><W101/><G38/><T124/><D133/><U35/><E135/><V125/><F104/><W42/><G65/><T121/><D121/><U10/><E64/><V60/><F134/><W28/><G71/><T73/><D73/><U89/><E79/><V31/><F32/><N who="1" m="12361" /><E24/><V67/><F129/><N who="1" m="49769" /><E52/><V131/><F131/><W77/><G42/><T70/><D70/><U18/><E89/><V57/><F125/><N who="0" m="48234" /><D36/><U106/><E18/><V115/><F115/><W112/><G112/><T113/><D113/><U11/><E2/><V22/><F47/><W16/><G95/><T127/><D127/><U7/><E7/><V9/><F9/><N who="1" m="3081" /><E106/><V68/><F68/><W108/><G6/><T23/><D4/><U58/><E58/><V55/><F69/><W122/><G13/><T83/><D0/><U107/><E107/><V51/><F37/><W91/><G77/><T40/><D83/><U8/><N who="1" m="3089" /><U84/><DORA hai="78" /><E84/><N who="2" m="50455" /><F49/><W14/><G14/><T76/><D76/><U45/><E45/><V12/><F22/><W123/><G19/><AGARI ba="0,0" hai="15,17,19,20,23,25,40,41,80,85,88" m="48234" machi="19" ten="30,3900,0" yaku="18,1,52,1,54,1" doraHai="61,78" who="0" fromWho="3" sc="315,39,173,0,186,0,326,-39" /><AGARI ba="0,0" hai="12,19,21,30,31,44,51,55,57,60,67" m="50455" machi="19" ten="30,3900,0" yaku="8,1,52,2" doraHai="61,78" who="2" fromWho="3" sc="354,0,173,0,186,39,287,-39" owari="354,45.4,173,-32.7,225,-17.5,248,4.8" /></mjloggm>