<mjloggm ver="2.3"><GO type="41" lobby="0"/><UN n0="%E3%83%AA%E3%83%BC%E3%83%81%E7%A6%81%E6%AD%A2" n1="%E3%83%96%E3%83%A9%E3%82%A4%E3%83%88%E3%81%95%E3%82%93" n2="%E2%93%9D%4C%75%63%6B%79%4A" n3="%74%6F%6D%75%74%6F%6D%69" dan="14,13,18,16" rate="1919.65,1881.17,2147.71,2033.77" sx="M,M,M,M"/><TAIKYOKU oya="0"/><INIT seed="0,0,0,3,0,49" ten="250,250,250,250" oya="0" hai0="3,120,134,56,63,19,90,50,48,115,84,13,43" hai1="96,106,11,80,116,67,132,64,51,47,133,100,131" hai2="17,33,88,105,26,62,16,92,71,128,12,31,4" hai3="1,42,14,114,130,75,15,28,126,57,117,111,85"/><T18/><D115/><U52/><E116/><V121/><F121/><W119/><G75/><T108/><D3/><U89/><E131/><V10/><F105/><W9/><G114/><T66/><D134/><N who="1" m="51819" /><E11/><V87/><REACH who="2" step="1"/><F128/><REACH who="2" ten="250,250,240,250" step="2"/><W123/><G123/><T70/><D120/><U86/><AGARI ba="0,1" hai="47,51,52,64,67,80,86,89,96,100,106" m="51819" machi="86" ten="30,4000,0" yaku="20,1,52,1,54,1" doraHai="49" who="1" fromWho="1" sc="250,-20,250,50,240,-10,250,-10" /><INIT seed="1,0,0,1,3,52" ten="230,300,230,240" oya="1" hai0="112,14,48,106,53,1,108,33,88,12,127,7,63" hai1="6,32,65,51,135,85,100,21,114,2,69,19,129" hai2="81,84,121,60,75,36,50,119,40,67,103,74,37" hai3="0,30,17,92,28,72,5,46,94,20,90,120,111"/><U47/><E114/><V57/><F121/><W83/><G111/><T82/><D112/><U86/><E32/><V45/><F119/><W11/><G120/><T56/><D127/><U115/><E115/><V122/><F122/><W80/><G94/><T93/><D106/><U126/><E126/><V15/><F103/><W132/><G132/><T39/><D39/><U54/><E135/><V79/><REACH who="2" step="1"/><F15/><REACH who="2" ten="230,300,220,240" step="2"/><W18/><G0/><T130/><D14/><U78/><E100/><V102/><F102/><W22/><G72/><AGARI ba="0,1" hai="36,37,40,45,50,57,60,67,72,74,75,79,81,84" machi="72" ten="40,2600,0" yaku="1,1,52,1,53,0" doraHai="52" doraHaiUra="110" who="2" fromWho="3" sc="230,0,300,0,220,36,240,-26" /><INIT seed="2,0,0,3,2,69" ten="230,300,256,214" oya="2" hai0="49,103,13,7,88,27,79,89,39,56,113,5,85" hai1="14,32,99,76,6,19,18,119,40,52,121,17,65" hai2="63,0,80,50,37,135,54,83,106,102,22,9,21" hai3="70,100,92,91,111,64,61,8,58,26,11,4,47"/><V72/><F135/><W74/><G74/><T108/><D113/><U44/><E119/><V104/><F63/><W2/><G111/><T75/><D108/><U28/><E121/><V23/><F102/><W42/><G100/><T66/><D103/><U68/><E76/><V3/><F9/><W86/><G11/><T133/><D133/><U81/><E81/><N who="2" m="31307" /><F50/><W25/><REACH who="3" step="1"/><G70/><REACH who="3" ten="230,300,256,204" step="2"/><T29/><D75/><U109/><E109/><V129/><F72/><W46/><G46/><T132/><D132/><U126/><E68/><V96/><F129/><W36/><AGARI ba="0,1" hai="2,4,8,25,26,36,42,47,58,61,64,86,91,92" machi="36" ten="20,5200,0" yaku="1,1,0,1,7,1,52,1,53,0" doraHai="69" doraHaiUra="125" who="3" fromWho="3" sc="230,-13,300,-13,256,-26,204,62" /><INIT seed="3,0,0,0,1,15" ten="217,287,230,266" oya="3" hai0="117,39,37,66,110,29,26,62,80,108,134,6,101" hai1="128,50,126,133,20,113,13,14,76,83,96,106,135" hai2="38,48,67,115,132,34,54,105,125,1,4,44,81" hai3="119,78,23,22,27,0,42,53,91,118,33,28,63"/><W32/><G78/><T89/><D117/><U36/><E113/><V94/><F105/><W56/><G0/><T61/><D134/><N who="1" m="51211" /><E36/><V88/><F34/><W52/><G42/><T5/><D101/><N who="1" m="62759" /><E128/><V21/><F125/><W84/><G33/><T69/><D80/><U129/><E129/><V100/><F67/><W93/><REACH who="3" step="1"/><G53/><REACH who="3" ten="217,287,230,256" step="2"/><T120/><D120/><U75/><E126/><V43/><F54/><W123/><G123/><T114/><D114/><U41/><E41/><V59/><F43/><W86/><G86/><T124/><D124/><U11/><E75/><V7/><F132/><W79/><G79/><T49/><D110/><U121/><E76/><V57/><F1/><W102/><G102/><T30/><D108/><U97/><E97/><V31/><F115/><W107/><G107/><T17/><D89/><U10/><E121/><V122/><F88/><W12/><G12/><T18/><D26/><U116/><E14/><V64/><F122/><W72/><G72/><T25/><D25/><U82/><E116/><AGARI ba="0,1" hai="22,23,27,28,32,52,56,63,84,91,93,116,118,119" machi="116" ten="40,7700,0" yaku="1,1,54,1,53,1" doraHai="15" doraHaiUra="90" who="3" fromWho="1" sc="217,0,287,-77,230,0,256,87" /><INIT seed="3,1,0,0,3,89" ten="217,210,230,343" oya="3" hai0="81,78,122,43,100,108,12,109,26,33,46,112,17" hai1="61,25,134,49,4,15,128,56,67,107,57,38,23" hai2="121,30,65,72,103,113,47,125,16,63,27,0,66" hai3="64,96,133,124,10,53,21,42,92,75,5,71,123"/><W85/><G123/><T45/><D122/><U88/><E38/><V131/><F121/><W68/><G75/><T110/><D112/><U32/><E107/><V126/><F0/><W132/><G42/><T95/><D26/><U62/><E134/><N who="3" m="51818" /><G124/><N who="2" m="47721" /><F72/><W130/><G130/><T8/><D33/><U86/><E128/><V120/><F113/><W104/><G104/><T90/><D100/><U111/><E32/><V98/><F47/><W97/><G21/><T51/><D45/><U127/><E49/><V69/><F66/><W73/><G73/><T13/><D13/><U101/><E101/><V19/><F131/><W37/><G37/><T52/><D43/><U83/><E127/><V93/><F120/><W50/><G64/><T3/><D3/><U55/><E111/><V87/><F87/><W106/><G85/><T60/><D60/><U44/><E44/><V18/><F30/><W24/><G97/><T54/><D54/><U91/><E4/><V102/><F103/><N who="3" m="60807" /><G24/><AGARI ba="1,0" hai="16,18,19,24,27,63,65,69,93,98,102" m="47721" machi="24" ten="30,3900,0" yaku="18,1,52,1,54,1" doraHai="89" who="2" fromWho="3" sc="217,0,210,0,230,42,343,-42" /><INIT seed="4,0,0,1,5,129" ten="217,210,272,301" oya="0" hai0="131,18,132,106,96,134,63,57,40,19,73,75,88" hai1="36,101,60,111,109,70,90,8,68,53,7,77,12" hai2="94,44,93,80,29,13,3,113,69,78,1,66,39" hai3="83,118,67,6,15,49,72,65,62,59,35,37,30"/><T74/><D131/><U47/><E101/><V24/><F13/><W110/><G118/><T41/><D106/><U122/><E70/><V125/><F125/><W128/><G110/><T2/><D2/><U9/><E122/><V43/><F113/><W22/><G37/><T76/><D76/><U0/><E90/><V86/><F69/><W45/><G35/><T92/><D19/><U82/><E68/><V17/><F66/><W107/><G107/><T5/><D18/><U116/><E116/><V85/><F17/><W121/><G128/><T34/><D34/><U61/><E61/><V103/><F94/><W56/><G121/><T117/><D5/><U89/><E89/><V98/><REACH who="2" step="1"/><F86/><REACH who="2" ten="217,210,262,301" step="2"/><W126/><G126/><T26/><D117/><U130/><E130/><V127/><F127/><W91/><G67/><N who="0" m="39407" /><D26/><U46/><E111/><V31/><F31/><W48/><G15/><T71/><D71/><U42/><E109/><V25/><F25/><N who="3" m="16695" /><G6/><T20/><D20/><AGARI ba="0,1" hai="1,3,20,24,29,39,43,44,78,80,85,93,98,103" machi="20" ten="30,3900,0" yaku="1,1,7,1,53,1" doraHai="129" doraHaiUra="99" who="2" fromWho="0" sc="217,-39,210,0,262,49,301,0" /><INIT seed="5,0,0,0,5,83" ten="178,210,311,301" oya="1" hai0="97,100,19,57,45,63,73,18,126,118,26,107,79" hai1="34,16,101,134,14,52,35,125,108,53,69,49,90" hai2="88,95,109,7,65,21,71,131,44,129,62,87,48" hai3="85,112,110,67,24,47,36,80,9,40,10,89,98"/><U0/><E0/><V86/><F109/><W46/><G110/><T55/><D118/><U121/><E121/><V27/><F7/><W122/><G122/><T54/><D126/><U127/><E108/><V2/><F2/><W41/><G112/><T76/><D73/><U116/><E101/><V81/><F48/><W106/><G67/><T103/><D103/><U114/><E69/><V25/><F44/><W4/><G106/><T30/><D79/><U94/><E114/><V12/><F12/><W102/><G24/><T84/><D76/><U20/><E53/><V74/><F74/><W66/><G66/><T38/><D84/><N who="1" m="52551" /><E134/><V43/><F43/><W113/><G113/><T23/><REACH who="0" step="1"/><D55/><REACH who="0" ten="168,210,311,301" step="2"/><U51/><E116/><V104/><F104/><W130/><G102/><T56/><D56/><N who="1" m="32783" /><E51/><V6/><F71/><W117/><G117/><T28/><D28/><U1/><E1/><V3/><F3/><W120/><G120/><T58/><D58/><U59/><E59/><V105/><F65/><W96/><G36/><T123/><D123/><U8/><E8/><V99/><F105/><W70/><G10/><T64/><D64/><U91/><E91/><V50/><F88/><W22/><G9/><T78/><D78/><U5/><E5/><V135/><F6/><W128/><G4/><T119/><D119/><U60/><E60/><V15/><F62/><W68/><G89/><T77/><D77/><U75/><E75/><V37/><F37/><W132/><G132/><T11/><D11/><U92/><E92/><V42/><F95/><W124/><G124/><AGARI ba="0,1" hai="14,16,20,34,35,124,125,127" m="32783,52551" machi="124" ten="30,12000,1" yaku="25,1,18,1,52,1,54,2" doraHai="83" who="1" fromWho="3" sc="168,0,210,130,311,0,301,-120" /><INIT seed="5,1,0,4,0,126" ten="168,340,311,181" oya="1" hai0="78,118,106,121,128,29,25,53,73,58,10,38,130" hai1="124,135,13,62,85,3,89,105,52,55,8,71,18" hai2="14,119,123,41,133,54,63,42,34,60,9,96,33" hai3="99,95,79,127,51,88,0,116,97,22,92,24,75"/><U74/><E124/><V56/><F123/><W11/><G127/><T72/><D118/><U64/><E135/><V80/><F133/><W5/><G116/><T94/><D106/><U82/><E105/><V81/><F119/><W129/><G51/><T110/><D38/><U84/><E74/><V47/><F34/><W23/><G129/><N who="0" m="49771" /><D110/><U125/><E125/><V98/><F33/><W102/><REACH who="3" step="1"/><G24/><REACH who="3" ten="168,340,311,171" step="2"/><T37/><D37/><U134/><E134/><V49/><F63/><W7/><G7/><T68/><D68/><U59/><E71/><V108/><F108/><W48/><G48/><T19/><D121/><U30/><E3/><V67/><F42/><W28/><G28/><T112/><D112/><U109/><E30/><V117/><F41/><W26/><G26/><T32/><D78/><N who="1" m="46167" /><E109/><V27/><F117/><W1/><G1/><T20/><D10/><U104/><E104/><V77/><F9/><W122/><G122/><T83/><D83/><AGARI ba="1,1" hai="8,13,18,52,55,59,62,64,83,85,89" m="46167" machi="83" ten="30,2900,0" yaku="8,1,54,1" doraHai="126" who="1" fromWho="0" sc="168,-32,340,42,311,0,171,0" /><AGARI ba="1,0" hai="0,5,11,22,23,75,79,83,88,92,95,97,99,102" machi="83" ten="40,2600,0" yaku="1,1,54,1,53,0" doraHai="126" doraHaiUra="45" who="3" fromWho="0" sc="136,-26,382,0,311,0,171,26" /><INIT seed="5,2,0,0,5,93" ten="110,382,311,197" oya="1" hai0="134,28,29,92,109,35,61,60,58,130,1,77,91" hai1="103,119,89,101,123,114,135,116,18,37,22,117,125" hai2="59,75,94,2,6,128,81,46,121,64,99,113,48" hai3="4,63,57,5,106,82,66,56,50,25,54,84,126"/><U87/><E123/><V111/><F121/><W11/><G126/><T27/><D109/><U31/><E125/><V122/><F111/><W36/><G36/><T98/><D1/><U127/><E127/><V69/><F69/><W107/><G25/><T34/><D134/><U55/><E37/><V72/><F81/><W129/><G129/><T97/><D130/><U32/><E135/><V26/><F128/><W17/><G17/><T133/><D133/><U39/><E39/><V86/><F86/><W24/><G24/><T53/><D77/><U131/><E31/><V79/><F79/><W49/><G49/><T73/><D73/><U74/><E32/><V65/><F113/><W14/><REACH who="3" step="1"/><G5/><REACH who="3" ten="110,382,311,187" step="2"/><T88/><D29/><U110/><E110/><V13/><F6/><W51/><G51/><T30/><D30/><U112/><E119/><V105/><F48/><W42/><G42/><T21/><D61/><U132/><E132/><V45/><F122/><W8/><G8/><T71/><D71/><U120/><E120/><V100/><F26/><W9/><G9/><T104/><REACH who="0" step="1"/><D91/><AGARI ba="2,1" hai="4,11,14,50,54,56,57,63,66,82,84,91,106,107" machi="91" ten="30,3900,0" yaku="1,1,7,1,53,1" doraHai="93" doraHaiUra="76" who="3" fromWho="0" sc="110,-45,382,0,311,0,187,55" /><INIT seed="6,0,0,4,4,81" ten="65,382,311,242" oya="2" hai0="104,63,64,114,103,21,99,106,4,31,28,12,76" hai1="131,118,97,84,25,50,132,47,102,26,95,67,79" hai2="44,42,130,89,108,75,37,128,40,61,56,119,19" hai3="126,8,52,98,92,22,82,51,123,16,69,105,53"/><V5/><F75/><W38/><G123/><T13/><D114/><U70/><E118/><V109/><F5/><W60/><G105/><T10/><D76/><U62/><E132/><V29/><F29/><W87/><G38/><T58/><D106/><U36/><E36/><V32/><F32/><W80/><G126/><T85/><D13/><U7/><E7/><V88/><F42/><W43/><G8/><T9/><D9/><U1/><E1/><V127/><F19/><W18/><G69/><T33/><D33/><U17/><E17/><V115/><F115/><W24/><G80/><T35/><D35/><U54/><E131/><N who="2" m="50219" /><F119/><W71/><G71/><T55/><D64/><U77/><E77/><V129/><N who="2" m="50227" /><V27/><DORA hai="72" /><F27/><W116/><G60/><T78/><D78/><U34/><E34/><V111/><F127/><W65/><G65/><AGARI ba="0,0" hai="37,40,44,56,61,65,88,89,108,109,111" m="50227" machi="65" ten="50,9600,0" yaku="10,1,19,1,54,1" doraHai="81,72" who="2" fromWho="3" sc="65,0,382,0,311,96,242,-96" /><INIT seed="6,1,0,5,4,82" ten="65,382,407,146" oya="2" hai0="63,11,39,117,33,44,26,60,76,125,52,23,58" hai1="73,77,22,97,114,28,2,129,98,20,90,10,49" hai2="5,132,109,12,101,59,37,40,17,92,53,87,34" hai3="65,47,6,106,80,105,8,124,15,96,74,25,86"/><V30/><F109/><W9/><G124/><T75/><D125/><U46/><E114/><V35/><F5/><W38/><G65/><T88/><D33/><U112/><E112/><V123/><F123/><W134/><G134/><T103/><D103/><U61/><E129/><V128/><F132/><W42/><G74/><T108/><D108/><U130/><E130/><V56/><F59/><W24/><G9/><T79/><D75/><U62/><E73/><V71/><F71/><W45/><G45/><T41/><D117/><U81/><E77/><V1/><F1/><W84/><G80/><T51/><D11/><U31/><E98/><V66/><F66/><W57/><G57/><T7/><D7/><U104/><E104/><V48/><F30/><W126/><G126/><T14/><D14/><U67/><E10/><V19/><F12/><W32/><G106/><T89/><D63/><U93/><E2/><V55/><F55/><W68/><G68/><T69/><D79/><U122/><E81/><V78/><F78/><W36/><G38/><T43/><D76/><U54/><E122/><V21/><F37/><W111/><G111/><T118/><D118/><U102/><E102/><V127/><F101/><N who="3" m="62631" /><G25/><T94/><D43/><U4/><E4/><V85/><F40/><W29/><G6/><T0/><D0/><U113/><E113/><V116/><F127/><W3/><G3/><T110/><D110/><U16/><E67/><V13/><F116/><W119/><G119/><T100/><D69/><U64/><E64/><V99/><F128/><W50/><G36/><T72/><D39/><RYUUKYOKU ba="1,0" sc="65,-10,382,-10,407,-10,146,30" hai3="8,15,24,29,32,42,47,50,84,86" /><INIT seed="7,2,0,1,4,60" ten="55,372,397,176" oya="3" hai0="115,79,42,108,3,16,114,95,49,59,68,132,27" hai1="17,4,7,94,10,119,78,1,13,91,66,128,33" hai2="87,100,80,44,74,62,58,2,50,131,67,75,56" hai3="88,72,130,57,32,122,0,39,85,36,38,29,55"/><W118/><G122/><T103/><D3/><U106/><E106/><V20/><F2/><W81/><G118/><T9/><D108/><U112/><E119/><V48/><F131/><W98/><G130/><T89/><D68/><U111/><E128/><V104/><F104/><W134/><G0/><T133/><D103/><U99/><E111/><V65/><F100/><W120/><G120/><T46/><D79/><U31/><E78/><V18/><F75/><W61/><G134/><N who="0" m="51819" /><D59/><N who="2" m="22570" /><F62/><W70/><G70/><T45/><D45/><U26/><E112/><N who="0" m="43049" /><D95/><U21/><E7/><V22/><F74/><W71/><G72/><T47/><D47/><U5/><E4/><V73/><F73/><W8/><G71/><T69/><D69/><U127/><E127/><V135/><F135/><W126/><G126/><T102/><D102/><U64/><AGARI ba="2,0" hai="1,5,10,13,17,21,26,31,33,64,66,91,94,99" machi="64" ten="30,8000,1" yaku="0,1,24,2,52,2" doraHai="60" who="1" fromWho="1" sc="55,-22,372,86,397,-22,176,-42" owari="33,-46.7,458,55.8,375,17.5,134,-26.6" /></mjloggm>