<mjloggm ver="2.3"><GO type="137" lobby="0"/><UN n0="%E2%93%9D%4C%75%63%6B%79%4A" n1="%E3%83%AA%E3%83%BC%E3%83%81%E3%81%BE%E3%81%91%E3%82%8B" n2="%E3%82%8A%E3%81%88%E3%81%93%E3%81%95%E3%81%BE" n3="%E3%81%AA%E3%81%A4%E3%81%BF%E3%82%86" dan="10,13,11,12" rate="1805.99,1755.79,1572.73,1729.25" sx="M,M,F,F"/><TAIKYOKU oya="0"/><INIT seed="0,0,0,5,1,58" ten="250,250,250,250" oya="0" hai0="127,112,75,89,8,10,97,11,4,124,6,31,110" hai1="15,23,79,82,134,27,70,118,37,41,46,63,93" hai2="66,99,132,52,24,50,54,56,9,14,102,120,108" hai3="61,92,77,16,60,133,129,76,115,45,48,94,100"/><T69/><D75/><U86/><E118/><V28/><F120/><W90/><G115/><T17/><D69/><U116/><E116/><V22/><F132/><W42/><G133/><T65/><D65/><U83/><E134/><V122/><F122/><W0/><G0/><T119/><D119/><U7/><E27/><V38/><F38/><W59/><G129/><T26/><D89/><U29/><E29/><V71/><F108/><W95/><G100/><T114/><D97/><U125/><E125/><N who="0" m="48201" /><D17/><U117/><E117/><V96/><F71/><W21/><G59/><T81/><D81/><U123/><E123/><V47/><F66/><W55/><G90/><T2/><D110/><U84/><E93/><V62/><REACH who="2" step="1"/><F102/><REACH who="2" ten="250,250,240,250" step="2"/><W67/><G67/><T68/><D68/><U74/><E70/><V130/><F130/><W64/><G64/><T85/><D85/><U105/><E84/><V5/><AGARI ba="0,1" hai="5,9,14,22,24,28,47,50,52,54,56,62,96,99" machi="5" ten="20,12000,2" yaku="1,1,0,1,7,1,8,1,52,1,54,1,53,0" doraHai="58" doraHaiUra="103" who="2" fromWho="2" sc="250,-60,250,-30,240,130,250,-30" /><INIT seed="1,0,0,0,2,20" ten="190,220,370,220" oya="1" hai0="41,97,30,77,96,79,23,67,114,16,100,54,92" hai1="86,42,37,15,72,129,0,56,95,48,40,5,22" hai2="36,10,117,6,76,132,44,66,47,60,73,113,24" hai3="49,88,126,94,21,115,99,50,83,119,1,33,53"/><U39/><E72/><V90/><F117/><W69/><G115/><T108/><D114/><U2/><E129/><V87/><F113/><W80/><G33/><T98/><D41/><U31/><E42/><V123/><F123/><W65/><G1/><T135/><D67/><U17/><E39/><V75/><F132/><W29/><G126/><T110/><D30/><U14/><E31/><V51/><F36/><W26/><G50/><T34/><D34/><U118/><E37/><V8/><F44/><W109/><G109/><N who="0" m="42091" /><D54/><U71/><E71/><V120/><F120/><W122/><G122/><T74/><D135/><U103/><E118/><V45/><F76/><N who="0" m="29258" /><D74/><U13/><E2/><V104/><F104/><W106/><G106/><T121/><D121/><U105/><E105/><V112/><F112/><W68/><G119/><T55/><D55/><N who="1" m="31847" /><E0/><V35/><F75/><W130/><G130/><T3/><D3/><U78/><E40/><V4/><F73/><W19/><G69/><T111/><N who="0" m="42099" /><T11/><DORA hai="62" /><D11/><U57/><E57/><V125/><F125/><W81/><G68/><T43/><D43/><U7/><E7/><V12/><F51/><W93/><G65/><T127/><D127/><U102/><E5/><V133/><F133/><W9/><G9/><T38/><D38/><U101/><E78/><V46/><F8/><W64/><G64/><T28/><D28/><U89/><AGARI ba="0,0" hai="13,14,15,17,22,86,89,95,101,102,103" m="31847" machi="89" ten="30,3000,0" yaku="25,1,8,1" doraHai="20,62" who="1" fromWho="1" sc="190,-10,220,30,370,-10,220,-10" /><INIT seed="1,1,0,1,4,7" ten="180,250,360,210" oya="1" hai0="123,4,69,67,127,42,122,8,3,17,106,121,101" hai1="115,36,98,29,108,14,72,133,13,130,73,90,46" hai2="76,85,114,96,35,64,63,51,26,38,56,34,45" hai3="124,2,54,104,1,65,135,21,125,39,40,78,87"/><U59/><E115/><V5/><F38/><W86/><G104/><T111/><D111/><U112/><E112/><V50/><F114/><W37/><G65/><T126/><D17/><U74/><E108/><V119/><F119/><W110/><G21/><T0/><D42/><U61/><E130/><V31/><F34/><W103/><G103/><T116/><D116/><U120/><E120/><V58/><F96/><W93/><G110/><T131/><D131/><U95/><E133/><V97/><F97/><W66/><G66/><T70/><D67/><U49/><E36/><V99/><F99/><W25/><G25/><T55/><D55/><U20/><E59/><V79/><F5/><W22/><G22/><T88/><D88/><U102/><E61/><V60/><F45/><W15/><G15/><T16/><D16/><U23/><E102/><V47/><F85/><W12/><G12/><T41/><D41/><U109/><E109/><V28/><F35/><W82/><G54/><T81/><D81/><U105/><E105/><V6/><F47/><W134/><G40/><T117/><D117/><U132/><E132/><N who="3" m="50730" /><G93/><T83/><D83/><U118/><E118/><V128/><F64/><W48/><G48/><T11/><D101/><U19/><E13/><V57/><F128/><W129/><G129/><T71/><D106/><U94/><E94/><V30/><F26/><W53/><G53/><T77/><D77/><N who="2" m="29770" /><F6/><AGARI ba="1,0" hai="0,3,4,6,8,11,69,70,71,121,122,123,126,127" machi="6" ten="50,12000,2" yaku="9,1,13,1,23,2,52,2" doraHai="7" who="0" fromWho="2" sc="180,123,250,0,360,-123,210,0" /><INIT seed="2,0,0,5,0,78" ten="303,250,237,210" oya="2" hai0="45,131,117,82,26,93,98,32,126,21,113,12,15" hai1="11,119,3,6,33,103,125,28,102,50,35,5,0" hai2="114,44,75,66,109,54,14,2,53,17,7,42,121" hai3="20,56,60,41,69,61,129,97,30,39,124,48,85"/><V77/><F121/><W27/><G129/><T8/><D113/><U71/><E71/><V63/><F114/><W96/><G124/><T105/><D105/><U91/><E125/><V86/><F109/><W57/><G39/><T116/><D45/><U118/><E50/><V70/><F75/><W16/><G69/><T58/><D32/><U112/><E112/><V134/><F2/><W95/><G30/><T46/><D46/><U49/><E49/><V135/><F7/><W25/><G48/><T100/><D58/><U115/><E115/><V52/><F14/><W4/><G4/><T76/><D131/><U64/><E64/><V120/><F17/><W104/><G104/><T40/><D40/><U36/><E36/><N who="2" m="21575" /><F120/><W37/><G37/><T65/><D65/><U22/><E28/><V34/><F34/><W74/><G74/><N who="0" m="43287" /><D8/><U130/><E130/><V31/><F31/><W80/><G41/><T106/><D106/><U90/><REACH who="1" step="1"/><E22/><REACH who="1" ten="303,240,237,210" step="2"/><V89/><F77/><W9/><G9/><AGARI ba="0,1" hai="0,3,5,6,9,11,33,35,90,91,102,103,118,119" machi="9" ten="25,6400,0" yaku="1,1,2,1,22,2,53,0" doraHai="78" doraHaiUra="51" who="1" fromWho="3" sc="303,0,240,74,237,0,210,-64" /><INIT seed="3,0,0,4,2,106" ten="303,314,237,146" oya="3" hai0="124,29,129,23,83,77,27,64,112,100,18,113,11" hai1="62,96,54,104,133,4,69,86,31,88,15,16,80" hai2="103,92,13,123,44,33,81,7,1,118,78,119,9" hai3="132,110,126,5,114,72,66,101,47,109,22,95,134"/><W71/><G114/><N who="0" m="44139" /><D64/><U48/><E133/><N who="3" m="51306" /><G5/><T65/><D65/><U49/><E4/><V60/><F123/><W94/><G47/><T36/><D100/><U10/><E31/><V58/><F44/><W37/><G37/><T53/><D124/><U84/><E69/><V121/><F33/><W42/><G42/><T68/><D68/><U117/><E86/><V41/><F41/><W17/><G126/><T43/><D53/><U102/><E117/><V87/><F121/><W40/><G40/><T24/><D11/><U28/><E28/><V12/><F1/><W34/><G34/><N who="0" m="20799" /><D43/><U93/><E104/><V108/><F108/><N who="3" m="41579" /><G72/><N who="0" m="43431" /><D36/><U122/><E122/><V67/><REACH who="2" step="1"/><F12/><REACH who="2" ten="303,314,227,146" step="2"/><N who="3" m="9511" /><G101/><T70/><D70/><U105/><E105/><V55/><F55/><W19/><G19/><T3/><D3/><U79/><E102/><V76/><F76/><W98/><G98/><AGARI ba="0,1" hai="7,9,13,58,60,67,78,81,87,92,98,103,118,119" machi="98" ten="40,2600,0" yaku="1,1,53,1" doraHai="106" doraHaiUra="57" who="2" fromWho="3" sc="303,0,314,0,227,36,146,-26" /><INIT seed="4,0,0,5,4,111" ten="303,314,263,120" oya="0" hai0="60,8,25,9,107,7,52,33,74,67,80,77,35" hai1="115,73,62,55,21,40,38,102,27,23,133,103,69" hai2="97,65,81,101,4,49,17,47,135,108,132,86,54" hai3="79,72,12,71,64,32,104,105,15,134,19,13,16"/><T51/><D107/><U117/><E73/><V41/><F108/><W78/><G32/><T96/><D96/><U63/><E117/><V120/><F65/><W124/><G124/><T91/><D91/><U109/><E109/><V53/><F120/><W59/><G134/><N who="2" m="51241" /><F4/><W58/><G71/><T130/><D130/><U50/><E133/><V61/><F17/><N who="3" m="6731" /><G64/><T36/><D36/><U119/><E119/><V29/><F61/><W122/><G72/><T93/><D93/><U121/><E121/><V3/><F29/><W26/><G26/><T70/><D25/><U45/><E63/><V82/><F3/><W14/><N who="3" m="3072" /><DORA hai="20" /><W131/><G131/><T75/><D75/><U99/><E27/><V44/><F86/><W0/><G0/><T5/><D7/><U6/><E6/><V106/><F54/><W1/><G1/><T22/><D22/><U116/><E116/><V18/><F18/><W30/><G30/><T42/><D42/><U24/><E24/><V10/><F10/><W100/><G100/><T11/><REACH who="0" step="1"/><D5/><REACH who="0" ten="293,314,263,120" step="2"/><U37/><E23/><V125/><F125/><W128/><G128/><T92/><D92/><U56/><E21/><V84/><F84/><W118/><G118/><T46/><AGARI ba="0,1" hai="8,9,11,33,35,46,51,52,60,67,70,74,77,80" machi="46" ten="30,11700,0" yaku="1,1,0,1,54,1,53,1" doraHai="111,20" doraHaiUra="98,43" who="0" fromWho="0" sc="293,127,314,-39,263,-39,120,-39" /><INIT seed="4,1,0,2,1,68" ten="420,275,224,81" oya="0" hai0="41,32,22,15,63,103,52,53,67,132,50,119,130" hai1="4,40,101,111,91,129,112,73,33,34,72,64,46" hai2="76,123,17,104,134,102,29,79,105,39,74,36,70" hai3="10,109,58,23,38,126,55,45,21,125,51,2,99"/><T113/><D32/><U24/><E111/><V57/><F123/><W106/><G109/><T107/><D119/><U89/><E129/><V47/><F47/><W128/><G128/><T118/><D130/><U20/><E101/><V3/><F134/><W43/><G106/><T100/><D118/><U11/><E64/><V81/><F76/><W31/><G99/><T124/><D113/><U135/><E135/><V71/><F57/><W96/><G96/><T18/><D124/><U8/><E112/><V26/><F17/><W13/><G2/><T28/><D28/><U42/><E46/><V82/><F3/><W19/><REACH who="3" step="1"/><G31/><REACH who="3" ten="420,275,224,71" step="2"/><T116/><D107/><N who="2" m="41034" /><F102/><W16/><G16/><T83/><D103/><U122/><E4/><V87/><F82/><W59/><G59/><N who="0" m="37375" /><D100/><U30/><E30/><V49/><F87/><W1/><G1/><T121/><D132/><U61/><E73/><V95/><F95/><W92/><G92/><T114/><D114/><U35/><E72/><V56/><F56/><W12/><G12/><T90/><D116/><U131/><E131/><V133/><F133/><W77/><G77/><T98/><D98/><U9/><E122/><V60/><F49/><W5/><G5/><T37/><D121/><U110/><E110/><V86/><F86/><W97/><G97/><T85/><D50/><U115/><E115/><V65/><F70/><W27/><G27/><T75/><D75/><U108/><E108/><V93/><F93/><W69/><G69/><T84/><D85/><U88/><E61/><V80/><F80/><W78/><G78/><T127/><D127/><AGARI ba="1,1" hai="10,13,19,21,23,38,43,45,51,55,58,125,126,127" machi="127" ten="40,8000,1" yaku="1,1,6,1,18,1,52,1,53,1" doraHai="68" doraHaiUra="44" who="3" fromWho="0" sc="420,-83,275,0,224,0,71,93" /><INIT seed="5,0,0,0,2,123" ten="337,275,224,164" oya="1" hai0="63,95,90,30,77,6,105,67,55,11,52,37,106" hai1="73,19,58,98,34,62,31,81,32,14,66,78,2" hai2="125,86,44,80,83,53,92,71,70,33,4,42,116" hai3="118,47,15,75,45,41,127,101,60,85,0,97,120"/><U76/><E2/><V9/><F116/><W21/><G120/><T65/><D37/><U104/><E78/><V131/><F33/><W91/><G0/><T122/><D122/><U87/><E31/><V121/><F131/><W108/><G108/><T114/><D77/><U38/><E38/><V23/><F121/><W110/><G110/><T51/><D114/><U35/><E104/><V27/><F125/><W13/><G127/><T100/><D100/><U126/><E126/><V64/><F92/><W12/><G118/><T36/><D36/><U20/><REACH who="1" step="1"/><E98/><REACH who="1" ten="337,265,224,164" step="2"/><V135/><F135/><W5/><G75/><AGARI ba="0,1" hai="14,19,20,32,34,35,58,62,66,73,75,76,81,87" machi="75" ten="40,12000,1" yaku="1,1,2,1,53,2" doraHai="123" doraHaiUra="107" who="1" fromWho="3" sc="337,0,265,130,224,0,164,-120" /><INIT seed="5,1,0,4,1,47" ten="337,395,224,44" oya="1" hai0="9,112,109,79,130,125,6,97,100,78,34,81,3" hai1="28,11,126,85,124,24,58,45,14,39,105,63,82" hai2="57,129,68,40,106,44,107,52,111,87,75,27,42" hai3="56,17,2,13,30,72,88,71,110,54,114,62,12"/><U94/><E105/><V134/><F111/><W21/><G2/><T121/><D109/><U95/><E39/><V98/><F75/><W103/><G110/><T80/><D34/><U131/><E131/><V67/><F129/><W53/><G72/><T22/><D130/><U8/><E45/><V23/><F134/><W96/><G114/><T48/><D22/><U49/><E28/><V55/><F87/><W135/><G135/><T60/><D60/><U64/><E24/><V89/><F55/><W104/><G71/><T74/><D125/><N who="1" m="48235" /><E49/><V41/><F107/><W25/><G88/><T51/><D112/><U10/><E14/><V108/><F108/><W127/><G127/><T99/><D121/><U118/><E118/><V61/><F106/><W31/><G54/><T92/><D99/><U133/><E133/><V132/><F132/><W29/><AGARI ba="1,0" hai="12,13,17,21,25,29,30,31,53,56,62,96,103,104" machi="29" ten="30,1100,0" yaku="0,1" doraHai="47" who="3" fromWho="3" sc="337,-4,395,-6,224,-4,44,14" /><INIT seed="6,0,0,0,0,77" ten="333,389,220,58" oya="2" hai0="124,14,27,8,21,133,82,56,110,92,33,26,103" hai1="36,3,95,67,81,90,35,102,43,29,120,49,39" hai2="96,17,125,79,129,72,123,28,63,132,68,127,12" hai3="46,112,38,73,19,6,10,4,40,60,75,18,7"/><V65/><F123/><W31/><G31/><T64/><D110/><U13/><E3/><V135/><F28/><W34/><G34/><T55/><D64/><U111/><E111/><V74/><F96/><W93/><G112/><T1/><D133/><N who="2" m="51274" /><F79/><W37/><G10/><T57/><D57/><U106/><E106/><V32/><F12/><W52/><G93/><T114/><D124/><N who="2" m="47690" /><F17/><W100/><G100/><T58/><D114/><U11/><E102/><V80/><F80/><W15/><G15/><T41/><D82/><U118/><E13/><V22/><F22/><W59/><REACH who="3" step="1"/><G38/><REACH who="3" ten="333,389,220,48" step="2"/><T131/><D14/><U121/><E29/><V53/><F32/><W50/><G50/><T44/><D33/><U122/><E35/><V101/><F101/><W115/><G115/><T86/><D103/><U85/><E122/><V42/><F42/><W0/><G0/><T91/><D1/><U25/><E43/><V88/><F53/><W45/><G45/><T116/><D44/><U130/><E121/><V24/><F24/><W97/><G97/><T104/><D27/><U54/><E25/><V126/><F126/><W48/><G48/><T62/><D26/><U89/><E54/><V2/><F2/><W109/><G109/><T105/><D55/><U128/><E120/><V83/><F74/><AGARI ba="0,1" hai="4,6,7,18,19,37,40,46,52,59,60,73,74,75" machi="74" ten="40,2600,0" yaku="1,1,54,1,53,0" doraHai="77" doraHaiUra="16" who="3" fromWho="2" sc="333,0,389,0,220,-26,48,36" /><INIT seed="7,0,0,5,5,114" ten="333,389,194,84" oya="3" hai0="2,49,133,52,82,132,5,38,78,112,111,24,125" hai1="55,131,72,37,109,43,16,134,73,59,93,65,63" hai2="87,1,99,17,106,53,11,117,98,56,42,35,84" hai3="79,31,97,105,46,70,118,3,25,28,101,64,103"/><W7/><G79/><T22/><D38/><U113/><E109/><V13/><F35/><N who="3" m="20879" /><G103/><T71/><D112/><U102/><E131/><V126/><F42/><W122/><G46/><T69/><D5/><U14/><E113/><V85/><F126/><W0/><G31/><T108/><D82/><U68/><E134/><N who="0" m="51817" /><D78/><U66/><E66/><V80/><F1/><N who="3" m="587" /><G7/><T4/><D4/><U74/><E93/><V45/><F80/><W30/><G30/><N who="0" m="17687" /><D2/><U6/><E6/><V107/><F45/><W119/><G122/><T129/><D129/><U23/><E102/><V62/><F99/><W81/><G81/><T48/><D49/><N who="1" m="31215" /><E74/><V104/><REACH who="2" step="1"/><F98/><REACH who="2" ten="333,389,184,84" step="2"/><W44/><G44/><AGARI ba="0,1" hai="14,16,23,37,43,44,63,65,68,72,73" m="31215" machi="44" ten="30,2000,0" yaku="24,1,54,1" doraHai="114" who="1" fromWho="3" sc="333,0,389,30,184,0,84,-20" owari="333,13.3,419,51.9,184,-21.6,64,-43.6" /></mjloggm>