<mjloggm ver="2.3"><GO type="41" lobby="0"/><UN n0="%E2%93%9D%4C%75%63%6B%79%4A" n1="%E9%81%8B%E5%A4%AA" n2="%76%75%64%64%68%61" n3="%4F%49%54%53%59" dan="17,14,15,13" rate="2140.96,1929.93,1950.88,1824.28" sx="M,M,M,M"/><TAIKYOKU oya="0"/><INIT seed="0,0,0,1,4,123" ten="250,250,250,250" oya="0" hai0="8,106,84,112,58,105,19,108,125,11,42,75,132" hai1="1,28,80,98,90,97,41,129,88,33,15,9,86" hai2="30,116,53,68,103,7,25,117,65,52,74,104,135" hai3="14,43,109,16,128,20,38,101,10,50,110,113,81"/><T67/><D112/><U24/><E129/><V27/><F74/><W31/><G113/><T39/><D75/><U0/><E41/><V133/><F7/><W114/><G38/><T134/><D125/><U78/><E78/><V82/><F82/><W13/><G114/><T64/><D58/><U18/><REACH who="1" step="1"/><E90/><REACH who="1" ten="250,240,250,250" step="2"/><V36/><F116/><W29/><G128/><T96/><D42/><U70/><E70/><V93/><F117/><W118/><G118/><T35/><D39/><U89/><E89/><V95/><F36/><W121/><G121/><T2/><D134/><U21/><E21/><V66/><F68/><W63/><G101/><T131/><D132/><U55/><E55/><V26/><F103/><W76/><G63/><T40/><D40/><U130/><E130/><V62/><F62/><W4/><G43/><T92/><D131/><U54/><E54/><V51/><F53/><W99/><G50/><T60/><D60/><U69/><E69/><V71/><F71/><W48/><G48/><T126/><D67/><N who="2" m="25610" /><F133/><W119/><G119/><T107/><D64/><U59/><E59/><N who="2" m="33183" /><F135/><W124/><G124/><T34/><D126/><U3/><AGARI ba="0,1" hai="0,1,3,9,15,18,24,28,33,80,86,88,97,98" machi="3" ten="30,4000,0" yaku="1,1,0,1,54,1,53,0" doraHai="123" doraHaiUra="72" who="1" fromWho="1" sc="250,-20,240,50,250,-10,250,-10" /><INIT seed="1,0,0,3,4,33" ten="230,290,240,240" oya="1" hai0="118,43,77,22,98,12,115,85,69,45,125,76,132" hai1="134,6,80,93,124,9,99,127,60,108,50,11,72" hai2="84,106,58,54,52,38,89,56,47,94,55,1,44" hai3="48,46,59,104,5,96,130,37,8,16,114,4,63"/><U64/><E134/><V25/><F106/><W97/><G114/><T21/><D69/><U27/><E27/><V17/><F38/><W86/><G37/><T42/><D125/><N who="1" m="48203" /><E108/><V32/><F32/><W41/><G130/><T119/><D98/><U10/><E50/><V18/><F25/><W133/><G133/><T15/><D132/><U26/><E26/><V95/><F1/><W71/><G71/><T111/><D85/><U2/><E80/><V120/><F120/><W123/><G123/><T100/><D45/><N who="2" m="17482" /><F94/><W90/><G4/><T110/><REACH who="0" step="1"/><D100/><REACH who="0" ten="220,290,240,240" step="2"/><N who="1" m="60527" /><E72/><V73/><F73/><W87/><G87/><T102/><D102/><U40/><E40/><V65/><F58/><AGARI ba="0,1" hai="2,6,9,10,11,58,60,64" m="60527,48203" machi="58" ten="30,2900,0" yaku="18,1,52,1" doraHai="33" who="1" fromWho="2" sc="220,0,290,39,240,-29,240,0" /><INIT seed="1,1,0,5,3,57" ten="220,329,211,240" oya="1" hai0="115,107,89,22,31,59,51,50,77,85,60,72,48" hai1="21,11,79,104,20,61,47,5,101,96,14,9,69" hai2="113,39,66,127,3,124,83,6,26,114,33,126,121" hai3="123,109,133,134,97,58,68,92,67,16,84,129,1"/><U53/><E79/><V42/><F83/><W102/><G1/><T125/><D115/><N who="2" m="44042" /><F42/><W80/><G123/><T63/><D107/><U2/><E47/><V106/><F106/><W86/><G68/><T36/><D125/><U118/><E118/><V19/><F66/><W108/><G129/><T91/><D72/><U43/><E43/><V94/><F94/><W103/><G16/><T75/><D75/><U98/><E98/><V41/><F41/><W64/><G58/><T52/><D36/><U4/><REACH who="1" step="1"/><E53/><REACH who="1" ten="220,319,211,240" step="2"/><V13/><F121/><W90/><G67/><AGARI ba="1,1" hai="2,4,5,9,11,14,20,21,61,67,69,96,101,104" machi="67" ten="40,7700,0" yaku="1,1,2,1,52,1,53,0" doraHai="57" doraHaiUra="128" who="1" fromWho="3" sc="220,0,319,90,211,0,240,-80" /><INIT seed="1,2,0,3,3,101" ten="220,409,211,160" oya="1" hai0="17,40,61,112,56,109,51,18,111,119,67,92,114" hai1="130,128,99,121,68,94,134,23,73,29,36,15,122" hai2="93,78,75,32,102,43,28,54,3,85,45,88,71" hai3="59,58,129,87,120,46,96,11,107,22,48,127,89"/><U10/><E36/><V123/><F123/><W80/><G120/><T82/><D82/><U1/><E68/><V12/><F3/><W2/><G127/><T126/><D92/><U74/><E134/><V69/><F32/><W97/><G129/><N who="1" m="49770" /><E1/><V90/><F28/><W42/><G96/><T106/><D18/><N who="1" m="8567" /><E74/><V124/><F124/><W79/><G22/><T50/><D17/><U76/><E76/><V20/><F20/><W25/><G25/><T83/><D83/><U64/><E64/><V115/><F12/><W125/><G125/><T133/><D119/><U19/><E73/><V14/><F14/><W100/><REACH who="3" step="1"/><G79/><REACH who="3" ten="220,409,211,150" step="2"/><T62/><D126/><U39/><E29/><V103/><F78/><W81/><G81/><T24/><D24/><N who="1" m="14463" /><E39/><V117/><F117/><W53/><G53/><T110/><D111/><U33/><E33/><V47/><F54/><W55/><G55/><T70/><D110/><U72/><E72/><V57/><F75/><W35/><G35/><T91/><D109/><U44/><E122/><V6/><F43/><W34/><G34/><T63/><D40/><U26/><E121/><V31/><F31/><W84/><G84/><T98/><D133/><U118/><E26/><V30/><F30/><W105/><G105/><T41/><D106/><U4/><E118/><V52/><F85/><W116/><G116/><T27/><D27/><U13/><E99/><V7/><F52/><W86/><G86/><T38/><D98/><U113/><E94/><V16/><F93/><W66/><G66/><T65/><D67/><U104/><E104/><V49/><F49/><RYUUKYOKU ba="2,1" sc="220,-10,409,-10,211,-10,150,30" hai3="2,11,42,46,48,58,59,80,87,89,97,100,107" /><INIT seed="2,3,1,0,1,114" ten="210,399,201,180" oya="2" hai0="10,56,99,2,82,42,77,60,23,44,128,87,47" hai1="38,11,53,97,51,33,80,124,100,62,108,20,12" hai2="105,66,54,6,115,98,122,90,86,61,50,27,70" hai3="93,85,118,84,41,21,71,116,9,112,35,135,37"/><V69/><F122/><W107/><G107/><T104/><D128/><U55/><E38/><V102/><F115/><W25/><G112/><T79/><D79/><U19/><E33/><V63/><F6/><W43/><G35/><T3/><D47/><U40/><E108/><V121/><F121/><W127/><G71/><T49/><D23/><U72/><E72/><V32/><F63/><W30/><G127/><T13/><D99/><U129/><E129/><V120/><F120/><W96/><G135/><T126/><D104/><U81/><E40/><V91/><F69/><W58/><G41/><T28/><D28/><U24/><E62/><V113/><F113/><W48/><G37/><T18/><REACH who="0" step="1"/><D126/><REACH who="0" ten="200,399,201,180" step="2"/><U1/><E124/><V31/><F86/><W95/><G9/><T101/><D101/><U74/><E74/><V92/><F92/><W8/><G8/><T46/><D46/><AGARI ba="3,2" hai="27,31,32,46,50,54,61,66,70,90,91,98,102,105" machi="46" ten="30,5800,0" yaku="7,1,25,2" doraHai="114" who="2" fromWho="0" sc="200,-67,399,0,201,87,180,0" /><INIT seed="2,4,0,2,4,116" ten="133,399,288,180" oya="2" hai0="46,36,54,23,88,66,130,40,64,48,10,72,105" hai1="118,63,39,87,33,82,124,71,133,37,120,73,92" hai2="126,60,61,119,67,99,41,62,81,70,28,121,47" hai3="102,21,4,111,100,56,17,122,32,53,27,76,104"/><V26/><F119/><W31/><G111/><T78/><D105/><U59/><E118/><V128/><F126/><W115/><G76/><T58/><D130/><U55/><E124/><V49/><F128/><W34/><G115/><T51/><D72/><U86/><E33/><V2/><F2/><W134/><G134/><T3/><D78/><U22/><E133/><V114/><F81/><W7/><G34/><T74/><D74/><U65/><E73/><V80/><F80/><W68/><G68/><T94/><D36/><U45/><E22/><V95/><F121/><W107/><G107/><T19/><D10/><U79/><E45/><V101/><F114/><W57/><G57/><T5/><D5/><U132/><E132/><V93/><F93/><W24/><G104/><T90/><D3/><U108/><E108/><V89/><F89/><W52/><G53/><T13/><REACH who="0" step="1"/><D90/><REACH who="0" ten="123,399,288,180" step="2"/><U110/><E39/><V129/><F129/><W135/><G135/><T16/><D16/><U97/><E37/><V123/><F123/><W44/><G122/><T35/><D35/><AGARI ba="4,1" hai="26,28,35,41,47,49,60,61,62,67,70,95,99,101" machi="35" ten="30,1500,0" yaku="7,1" doraHai="116" who="2" fromWho="0" sc="123,-27,399,0,288,37,180,0" /><INIT seed="2,5,0,2,5,95" ten="96,399,325,180" oya="2" hai0="101,110,23,76,63,65,30,19,0,85,108,73,7" hai1="33,120,80,87,12,38,57,35,72,96,111,41,71" hai2="97,67,9,31,102,58,123,113,130,54,20,124,11" hai3="118,24,49,43,8,51,26,46,117,2,78,69,64"/><V103/><F123/><W16/><G78/><T81/><D30/><U125/><E120/><V14/><F14/><W70/><G2/><T77/><D101/><U66/><E111/><N who="0" m="42537" /><D0/><U99/><E72/><V128/><F113/><W135/><G135/><T56/><D7/><U3/><E3/><V48/><F102/><W68/><G64/><T100/><D100/><U112/><E112/><V92/><F67/><W13/><REACH who="3" step="1"/><G51/><REACH who="3" ten="96,399,325,170" step="2"/><T47/><D47/><U106/><E66/><V61/><F48/><W84/><G84/><T34/><D77/><U126/><E38/><V52/><F54/><W21/><G21/><T27/><D34/><U94/><E35/><V36/><F36/><W62/><G62/><T122/><D122/><U107/><E33/><V50/><F50/><W83/><G83/><T39/><D39/><U79/><E41/><V93/><F20/><W5/><G5/><T4/><D4/><U1/><E1/><V86/><F86/><AGARI ba="5,1" hai="19,23,27,56,63,65,73,76,81,85,86" m="42537" machi="86" ten="30,1000,0" yaku="14,1" doraHai="95" who="0" fromWho="2" sc="96,35,399,0,325,-25,170,0" /><INIT seed="3,0,0,1,3,13" ten="131,399,300,170" oya="3" hai0="132,111,5,64,135,93,109,19,119,6,92,75,60" hai1="69,50,22,98,67,97,4,124,72,61,90,122,56" hai2="54,102,83,47,46,108,133,118,66,16,96,107,36" hai3="126,130,40,123,115,23,88,1,11,131,70,105,95"/><W15/><G115/><T18/><D75/><U38/><E122/><V57/><F118/><W129/><G123/><T80/><D80/><U41/><E72/><V26/><F66/><W10/><G105/><T27/><D119/><U94/><E124/><V74/><F36/><W8/><G70/><T68/><D27/><U35/><E35/><V120/><F108/><N who="0" m="41546" /><D6/><U112/><E112/><V37/><F37/><W110/><G110/><T42/><D5/><U87/><E4/><V79/><F133/><N who="0" m="51274" /><D42/><U28/><E38/><V32/><F120/><W2/><G40/><T91/><D93/><U55/><E41/><V25/><F25/><W99/><G126/><T51/><D51/><U77/><E77/><V63/><F32/><W30/><G30/><T29/><D29/><U84/><E84/><AGARI ba="0,0" hai="18,19,60,64,68,84,91,92" m="51274,41546" machi="84" ten="30,7700,0" yaku="14,1,20,1,52,2" doraHai="13" who="0" fromWho="1" sc="131,77,399,-77,300,0,170,0" /><INIT seed="4,0,0,2,0,64" ten="208,322,300,170" oya="0" hai0="88,113,100,27,102,107,103,63,89,116,67,109,3" hai1="112,81,47,70,117,1,30,85,11,130,41,69,28" hai2="92,72,91,55,53,122,62,114,90,22,65,104,86" hai3="7,68,73,16,5,17,60,98,97,50,135,74,9"/><T93/><D116/><U10/><E117/><V51/><F104/><W128/><G135/><T4/><D107/><U110/><E110/><V75/><F122/><W79/><G128/><T23/><D109/><U14/><E130/><V101/><F114/><W33/><G33/><T15/><D3/><U54/><E1/><V18/><F101/><W48/><G60/><T83/><D113/><U52/><E112/><V131/><F90/><W119/><G119/><T32/><D32/><U46/><E14/><V78/><F78/><W26/><G26/><T24/><D83/><U123/><E41/><V124/><F53/><W121/><G9/><T19/><D4/><U133/><E133/><V132/><F124/><W61/><G61/><T13/><D15/><U105/><E105/><V125/><F125/><W120/><REACH who="3" step="1"/><G79/><REACH who="3" ten="208,322,300,160" step="2"/><T37/><D37/><U42/><E123/><V82/><F131/><W77/><G77/><T8/><D27/><U56/><E11/><V34/><F34/><W95/><G95/><T118/><D118/><U49/><E10/><V43/><F82/><W111/><G111/><T39/><D39/><U87/><E81/><V0/><F132/><W36/><G36/><T96/><D93/><U2/><E49/><V115/><F115/><W127/><G127/><T129/><D129/><U126/><E126/><V76/><F76/><W59/><G59/><N who="0" m="37375" /><D96/><U35/><E35/><V12/><F92/><W94/><G94/><T38/><D38/><U58/><E2/><V84/><F0/><W21/><G21/><T20/><D8/><U99/><E99/><V66/><F22/><RYUUKYOKU ba="0,1" sc="208,10,322,10,300,-30,160,10" hai0="13,19,20,23,24,88,89,100,102,103" hai1="28,30,42,46,47,52,54,56,58,69,70,85,87" hai3="5,7,16,17,48,50,68,73,74,97,98,120,121" /><INIT seed="4,1,1,5,0,70" ten="218,332,270,170" oya="0" hai0="128,65,34,13,55,22,116,31,87,35,92,123,53" hai1="61,81,37,0,106,40,57,12,4,45,72,16,85" hai2="64,15,68,39,102,36,108,112,32,99,78,27,28" hai3="96,94,47,50,104,8,84,134,132,86,44,115,74"/><T130/><D65/><U58/><E106/><N who="2" m="63839" /><F15/><W91/><G44/><T17/><D123/><U126/><E126/><V122/><F122/><W118/><G118/><T51/><D116/><U60/><E72/><V98/><F108/><W95/><G8/><T3/><D3/><U89/><E0/><V41/><F41/><W73/><G50/><T14/><D31/><U48/><E4/><V2/><F2/><W18/><G18/><T38/><D38/><N who="2" m="14378" /><F98/><N who="3" m="57695" /><G47/><T62/><D14/><U103/><E48/><V63/><F78/><W88/><G115/><AGARI ba="1,1" hai="27,28,32,63,64,68,112,115" m="14378,63839" machi="115" ten="30,8000,1" yaku="25,1,23,1,52,3" doraHai="70" who="2" fromWho="3" sc="218,0,332,0,270,93,170,-83" /><INIT seed="5,0,0,1,4,5" ten="218,332,363,87" oya="1" hai0="50,25,89,64,108,36,118,115,68,80,99,13,106" hai1="11,123,101,48,128,14,73,23,24,21,86,39,114" hai2="97,61,119,116,92,29,54,76,125,53,55,8,84" hai3="132,60,26,133,67,44,70,12,49,7,6,127,78"/><U47/><E123/><V87/><F125/><W105/><G105/><T38/><D108/><U124/><E124/><V109/><F109/><W129/><G127/><T83/><D50/><U96/><E128/><V15/><F29/><W20/><G129/><T30/><D13/><U58/><E73/><V65/><F116/><W126/><G78/><T135/><D89/><U28/><E39/><V3/><F3/><W22/><G22/><T9/><D115/><U81/><E58/><V120/><F119/><W107/><G107/><T16/><D135/><U10/><E114/><V93/><F120/><W56/><G70/><T88/><D38/><U130/><E130/><V2/><F2/><W72/><G72/><T131/><D36/><U18/><E101/><V57/><F92/><W1/><G1/><T59/><D68/><U91/><E96/><V111/><F76/><W43/><G126/><T100/><D118/><U0/><E0/><V74/><F74/><W94/><G94/><T98/><D99/><U103/><E103/><N who="2" m="60847" /><F111/><W37/><G37/><T34/><D131/><U32/><E32/><V104/><F104/><W40/><G40/><AGARI ba="0,0" hai="10,11,14,18,21,23,24,28,40,47,48,81,86,91" machi="40" ten="30,11600,0" yaku="7,1,8,1,52,2" doraHai="5" who="1" fromWho="3" sc="218,0,332,116,363,0,87,-116" owari="218,-18.2,448,54.8,363,16.3,-29,-52.9" /></mjloggm>