<mjloggm ver="2.3"><GO type="41" lobby="0"/><UN n0="%E2%93%9D%4C%75%63%6B%79%4A" n1="%72%65%79%6E%6F%6C%64%73" n2="%6B%79%74%33%39" n3="%E7%B7%91%E3%83%89%E3%83%B3%31%34%30%30%30" dan="14,14,13,13" rate="2051.66,1885.92,1914.50,1928.07" sx="M,M,M,M"/><TAIKYOKU oya="0"/><INIT seed="0,0,0,1,5,97" ten="250,250,250,250" oya="0" hai0="106,90,72,122,28,37,33,91,29,81,85,6,128" hai1="8,65,30,124,87,77,79,89,119,112,49,31,16" hai2="20,125,60,131,66,127,94,61,0,132,57,116,25" hai3="5,84,107,48,101,93,62,34,12,42,74,108,54"/><T121/><D37/><U114/><E119/><V10/><F0/><W73/><G34/><T135/><D33/><U1/><E1/><V15/><F116/><W56/><G108/><T26/><D106/><U123/><E123/><V98/><F132/><W64/><G107/><T129/><D6/><U63/><E49/><V40/><F40/><W115/><G115/><T117/><D117/><U113/><E124/><V52/><F131/><N who="0" m="50250" /><D26/><U71/><E77/><V13/><F10/><W18/><G5/><T68/><D68/><U39/><E79/><V4/><F4/><W32/><G32/><T27/><D27/><U2/><E2/><V109/><F109/><W53/><G42/><T78/><D29/><U41/><E41/><V76/><F76/><W47/><G54/><T110/><D28/><U23/><E8/><V120/><F120/><N who="0" m="46186" /><D110/><U111/><E39/><V11/><F11/><W50/><G50/><T69/><D69/><U21/><E21/><V133/><F133/><W58/><G47/><T19/><D19/><U36/><E36/><V3/><F3/><W67/><G67/><T9/><D9/><U7/><E7/><V14/><F66/><W44/><G44/><T83/><D91/><U17/><E111/><V24/><F61/><W130/><G130/><T59/><D59/><U105/><E105/><V99/><F25/><W43/><G43/><T22/><D22/><U88/><E17/><V70/><F70/><W86/><G18/><T80/><D135/><U126/><E89/><N who="2" m="55631" /><F99/><N who="3" m="59631" /><G12/><T55/><D55/><U95/><E126/><N who="2" m="48139" /><F13/><AGARI ba="0,0" hai="13,16,23,30,31,63,65,71,87,88,95,112,113,114" machi="13" ten="40,5200,0" yaku="11,1,54,2" doraHai="97" who="1" fromWho="2" sc="250,0,250,52,250,-52,250,0" /><INIT seed="1,0,0,0,3,110" ten="250,302,198,250" oya="1" hai0="95,51,27,52,23,107,133,50,54,41,79,105,72" hai1="49,22,103,116,24,6,97,114,32,11,135,13,118" hai2="48,89,64,3,5,100,129,7,40,29,42,80,82" hai3="8,130,111,35,33,84,131,61,99,67,43,4,77"/><U113/><E135/><V17/><F129/><W66/><G43/><T92/><D133/><U119/><E32/><V60/><F100/><W2/><G111/><T15/><D41/><U83/><E83/><V85/><F42/><W57/><G67/><T59/><D15/><U123/><E49/><V87/><F29/><W18/><G99/><T120/><D120/><U94/><REACH who="1" step="1"/><E123/><REACH who="1" ten="250,292,198,250" step="2"/><V9/><F48/><W36/><G36/><T12/><D51/><U125/><E125/><V117/><F117/><W126/><G126/><T112/><D50/><U62/><E62/><V39/><F39/><W106/><G35/><T90/><D107/><U122/><E122/><V98/><F40/><W134/><G33/><T21/><D105/><U124/><E124/><V75/><F60/><W10/><G106/><T108/><D108/><U14/><E14/><V127/><F127/><W46/><G134/><T28/><D12/><U121/><E121/><V70/><F3/><W73/><G61/><T47/><D95/><U91/><E91/><V63/><F80/><W20/><G131/><T74/><D90/><U37/><E37/><V45/><F89/><W38/><G130/><T58/><D92/><U101/><E101/><V88/><F82/><W86/><G38/><T53/><D79/><U31/><AGARI ba="0,1" hai="6,11,13,22,24,31,94,97,103,113,114,116,118,119" machi="31" ten="30,11700,0" yaku="1,1,0,1,52,2,53,0" doraHai="110" doraHaiUra="102" who="1" fromWho="1" sc="250,-39,292,127,198,-39,250,-39" /><INIT seed="1,1,0,1,2,65" ten="211,419,159,211" oya="1" hai0="23,76,10,7,22,75,29,13,93,24,94,98,97" hai1="17,70,133,71,54,72,135,129,62,46,111,25,48" hai2="110,27,20,73,64,18,114,123,127,104,125,2,12" hai3="120,56,16,126,36,86,92,106,81,100,61,101,0"/><U5/><E72/><V121/><F104/><W35/><G35/><T87/><D75/><U90/><E129/><V78/><F78/><N who="3" m="46391" /><G0/><T39/><D39/><U128/><E128/><V83/><F83/><W50/><G36/><T124/><D124/><N who="2" m="47690" /><F2/><W34/><G34/><T84/><D23/><U89/><E5/><V41/><F41/><W82/><G126/><T109/><D109/><U40/><E111/><V67/><F67/><N who="3" m="39335" /><G106/><T19/><D29/><U1/><E1/><V66/><F66/><W60/><G60/><T134/><D134/><N who="1" m="51211" /><E25/><V103/><F64/><W28/><G28/><T132/><D132/><U122/><E17/><N who="2" m="12687" /><F103/><N who="3" m="39499" /><G120/><N who="2" m="46153" /><F110/><W102/><G82/><T3/><D3/><U91/><E122/><V105/><F105/><W57/><N who="3" m="39507" /><W47/><DORA hai="118" /><G92/><T55/><D94/><U21/><E21/><V53/><F53/><N who="3" m="29919" /><G57/><AGARI ba="1,0" hai="40,46,48,54,57,62,70,71,89,90,91" m="51211" machi="57" ten="30,5800,0" yaku="20,1,52,2" doraHai="65,118" who="1" fromWho="3" sc="211,0,419,61,159,0,211,-61" /><INIT seed="1,2,0,2,2,87" ten="211,480,159,150" oya="1" hai0="89,72,128,51,77,76,117,113,19,16,126,43,115" hai1="75,13,27,92,125,8,9,55,93,5,131,88,57" hai2="133,91,107,21,67,74,10,121,99,84,60,64,71" hai3="100,3,106,35,134,110,29,79,4,40,41,17,32"/><U7/><E131/><V49/><F133/><W39/><G41/><T20/><D117/><U85/><E125/><V53/><F74/><W50/><G50/><T81/><D126/><U46/><E27/><V102/><F121/><W127/><G17/><T86/><D128/><U118/><E75/><V25/><F10/><N who="3" m="2335" /><G127/><T69/><D69/><U24/><E24/><V12/><F12/><W112/><G112/><T11/><D115/><U1/><E118/><V73/><F73/><W6/><G6/><T68/><D68/><U42/><E42/><V80/><F60/><W31/><G79/><T108/><D108/><U56/><E46/><V45/><REACH who="2" step="1"/><F71/><REACH who="2" ten="211,480,149,150" step="2"/><W78/><G134/><T54/><D72/><U59/><REACH who="1" step="1"/><E93/><REACH who="1" ten="211,470,149,150" step="2"/><V18/><AGARI ba="2,2" hai="18,21,25,45,49,53,64,67,80,84,91,99,102,107" machi="18" ten="20,12000,2" yaku="1,1,2,1,0,1,7,1,52,1,53,1" doraHai="87" doraHaiUra="23" who="2" fromWho="2" sc="211,-32,470,-62,149,146,150,-32" /><INIT seed="2,0,0,5,1,56" ten="179,408,295,118" oya="2" hai0="72,45,80,33,114,65,109,127,35,118,51,15,90" hai1="19,23,130,36,121,6,83,110,69,14,9,54,41" hai2="115,125,84,39,104,48,43,79,24,28,105,101,47" hai3="81,123,131,135,31,87,134,128,13,111,82,126,11"/><V119/><F115/><W27/><G123/><T94/><D114/><U99/><E110/><V40/><F119/><W46/><G46/><T20/><D109/><U88/><E130/><N who="3" m="49706" /><G87/><T1/><D1/><U93/><E69/><V122/><F125/><W89/><G111/><T71/><D127/><U68/><E68/><V74/><F74/><W17/><G89/><T77/><D118/><U92/><E83/><V52/><F122/><W10/><G126/><T76/><D77/><U106/><E106/><V70/><F70/><W53/><G53/><T85/><D65/><U86/><E121/><V133/><F133/><N who="3" m="50699" /><G82/><T50/><D71/><U100/><E54/><V108/><F108/><W21/><G81/><T91/><D91/><U73/><E73/><V30/><F79/><W62/><G62/><T55/><D51/><U64/><E64/><V4/><F84/><W129/><N who="3" m="49714" /><W8/><AGARI ba="0,0" hai="8,10,11,13,17,21,27,31" m="50699,49714" machi="8" ten="50,8000,1" yaku="4,1,19,1,20,1,34,2" doraHai="56" who="3" fromWho="3" sc="179,-20,408,-20,295,-40,118,80" /><INIT seed="3,0,0,1,5,97" ten="159,388,255,198" oya="3" hai0="47,8,98,127,96,21,100,55,59,128,107,67,105" hai1="109,41,15,92,102,56,5,33,44,54,79,3,86" hai2="126,73,7,16,104,31,119,52,62,39,11,121,120" hai3="43,91,6,61,66,71,84,19,10,27,23,88,89"/><W90/><G43/><T99/><D127/><U32/><E109/><V133/><F39/><W14/><N who="3" m="22528" /><DORA hai="46" /><W123/><REACH who="3" step="1"/><G84/><REACH who="3" ten="159,388,255,188" step="2"/><T83/><D107/><U42/><E86/><V68/><F104/><W112/><G112/><T135/><D105/><U29/><E42/><V81/><F120/><AGARI ba="0,1" hai="6,10,14,19,23,27,61,66,71,120,123" m="22528" machi="120" ten="50,4800,0" yaku="1,1,54,1,53,0" doraHai="97,46" doraHaiUra="74,134" who="3" fromWho="2" sc="159,0,388,0,255,-48,188,58" /><INIT seed="3,1,0,3,3,94" ten="159,388,207,246" oya="3" hai0="48,93,97,114,72,28,18,76,134,15,35,10,7" hai1="51,36,47,16,89,19,54,126,101,123,106,120,99" hai2="43,104,50,84,4,45,2,39,117,78,90,98,5" hai3="135,127,132,119,20,116,118,3,1,105,88,38,124"/><W40/><G105/><T34/><D114/><U41/><E126/><N who="3" m="48170" /><G88/><T80/><D134/><N who="3" m="51241" /><G40/><T130/><D130/><U32/><E32/><V57/><F117/><W0/><G20/><T62/><D62/><U12/><E89/><V53/><F78/><W29/><G29/><T17/><D48/><U33/><E33/><V22/><F2/><W79/><G79/><T68/><D68/><U86/><E86/><V31/><F31/><W13/><G13/><T49/><D49/><U11/><REACH who="1" step="1"/><E19/><REACH who="1" ten="159,378,207,246" step="2"/><V44/><F44/><AGARI ba="1,1" hai="11,12,16,36,41,44,47,51,54,99,101,106,120,123" machi="44" ten="30,8000,1" yaku="1,1,2,1,7,1,52,1,54,1,53,0" doraHai="94" doraHaiUra="122" who="1" fromWho="2" sc="159,0,378,93,207,-83,246,0" /><INIT seed="4,0,0,0,2,16" ten="159,471,124,246" oya="0" hai0="132,46,121,10,51,118,111,40,86,99,0,131,55" hai1="96,47,22,92,105,12,50,104,18,106,112,31,75" hai2="125,67,81,135,45,72,114,123,65,122,127,59,128" hai3="77,94,87,63,69,108,58,11,83,7,64,19,98"/><T62/><D121/><U134/><E75/><V32/><F32/><W90/><G108/><T82/><D118/><U103/><E134/><V48/><F72/><W91/><G69/><T88/><D132/><U107/><E112/><V5/><F5/><W37/><G37/><T43/><D111/><U28/><N who="1" m="26624" /><DORA hai="35" /><U110/><REACH who="1" step="1"/><E110/><REACH who="1" ten="159,461,124,246" step="2"/><V54/><F135/><W79/><G19/><T70/><D131/><U13/><E13/><AGARI ba="0,1" hai="7,11,13,58,63,64,77,79,83,87,90,91,94,98" machi="13" ten="30,2000,0" yaku="7,1,8,1" doraHai="16,35" who="3" fromWho="1" sc="159,0,461,-20,124,0,246,30" /><INIT seed="5,0,0,5,3,17" ten="159,441,124,276" oya="1" hai0="11,105,15,134,89,41,48,88,132,8,20,131,124" hai1="72,4,107,24,75,33,93,25,44,70,112,39,19" hai2="114,101,2,5,63,60,79,98,127,90,135,55,78" hai3="104,29,97,77,0,125,122,96,9,71,62,35,87"/><U32/><E107/><V108/><F108/><W50/><G122/><T53/><D41/><U102/><E70/><V99/><F2/><W115/><G125/><T37/><D37/><U91/><E102/><V34/><F34/><W128/><G115/><T66/><D66/><U84/><E112/><V80/><F114/><W130/><G50/><T30/><D105/><U106/><E106/><V23/><F5/><N who="3" m="1191" /><G87/><T38/><D38/><U82/><E4/><V43/><F43/><W65/><G77/><T73/><D131/><N who="3" m="50217" /><G104/><T7/><D11/><U95/><E19/><V109/><F135/><N who="0" m="51754" /><D73/><U116/><E39/><V57/><F109/><W133/><G133/><T1/><D124/><U16/><E16/><V27/><F127/><W119/><G119/><T45/><D1/><U10/><E10/><V40/><F40/><W129/><N who="3" m="50225" /><W68/><DORA hai="47" /><G68/><T42/><D42/><U113/><E113/><V61/><F98/><N who="3" m="37995" /><G35/><T117/><D117/><U100/><E116/><V86/><F78/><W121/><G121/><T14/><D15/><U51/><E100/><V81/><F101/><W28/><AGARI ba="0,0" hai="28,29,62,65,71" m="37995,50225,1191" machi="28" ten="50,1600,0" yaku="19,1" doraHai="17,47" who="3" fromWho="3" sc="159,-4,441,-8,124,-4,276,16" /><INIT seed="6,0,0,1,3,52" ten="155,433,120,292" oya="2" hai0="129,50,135,40,55,98,45,74,93,67,115,47,59" hai1="122,106,12,92,78,84,68,36,103,107,87,109,70" hai2="114,134,29,7,66,6,51,90,82,63,56,81,124" hai3="61,20,24,22,118,10,43,72,28,126,65,91,112"/><V14/><F114/><W57/><G118/><T54/><D115/><U94/><E36/><V69/><F134/><W127/><G112/><T37/><D74/><U41/><E41/><V8/><F124/><N who="3" m="47659" /><G72/><T60/><D135/><U95/><E12/><V85/><F29/><W31/><G43/><T123/><D123/><U1/><E1/><V125/><F125/><W113/><G113/><T108/><D108/><U80/><E68/><V88/><F69/><W32/><G31/><T44/><D129/><U117/><E70/><V0/><F51/><W58/><G10/><T86/><D86/><N who="1" m="48407" /><E109/><V111/><F111/><W62/><G91/><T5/><D5/><U42/><E42/><V121/><F121/><W11/><G11/><T97/><D93/><N who="1" m="35947" /><E117/><V119/><F119/><W17/><G17/><T49/><AGARI ba="0,0" hai="37,40,44,45,47,49,50,54,55,59,60,67,97,98" machi="49" ten="30,4000,0" yaku="0,1,9,1,52,1" doraHai="52" who="0" fromWho="0" sc="155,40,433,-10,120,-20,292,-10" /><INIT seed="7,0,0,0,4,64" ten="195,423,100,282" oya="3" hai0="119,50,81,124,20,77,29,7,40,133,130,46,86" hai1="123,110,92,129,0,88,53,78,48,57,107,93,34" hai2="96,30,16,91,103,18,5,76,55,63,19,100,112" hai3="42,61,6,115,9,31,80,68,75,105,59,11,28"/><W131/><G105/><T43/><D119/><U10/><E34/><V94/><F112/><W79/><G131/><T72/><D130/><U4/><E107/><V21/><F5/><W118/><G118/><T39/><D124/><U89/><E110/><V14/><F76/><W26/><G115/><T38/><D133/><U132/><E132/><V67/><F55/><W90/><G11/><T45/><D50/><U127/><E123/><V49/><F49/><W113/><G113/><T51/><D51/><U126/><E78/><V109/><F109/><W134/><G134/><T98/><D98/><U23/><E23/><V13/><F30/><W102/><G102/><T65/><D65/><U69/><E69/><V121/><F121/><W135/><G135/><T54/><D54/><U108/><E108/><V2/><F2/><W47/><G90/><T32/><D7/><U37/><E37/><V74/><F74/><W44/><G26/><T25/><D32/><U62/><E48/><V120/><F120/><W52/><G68/><T24/><D25/><U17/><E17/><V97/><F97/><W1/><G47/><T36/><D39/><AGARI ba="0,0" hai="1,6,9,28,31,39,42,44,52,59,61,75,79,80" machi="39" ten="30,11600,0" yaku="7,1,25,2,54,1" doraHai="64" who="3" fromWho="0" sc="195,-116,423,0,100,0,282,116" /><INIT seed="7,1,0,5,0,128" ten="79,423,100,398" oya="3" hai0="105,123,92,87,13,95,93,33,17,14,24,76,127" hai1="80,90,64,84,60,129,18,133,49,74,43,82,19" hai2="97,94,6,39,1,109,134,110,34,11,8,101,57" hai3="112,3,81,59,120,71,16,119,62,73,89,83,35"/><W42/><G35/><T124/><D105/><U50/><E129/><V41/><F34/><W78/><G119/><T52/><D123/><U45/><E133/><V91/><F134/><W98/><G120/><T125/><D76/><U121/><E121/><V36/><F36/><W9/><G112/><T56/><D87/><U61/><E49/><V21/><F41/><W30/><G30/><N who="0" m="19655" /><D17/><U29/><E29/><V113/><F113/><W5/><G71/><T117/><D117/><U130/><E130/><V7/><F39/><W40/><G16/><N who="1" m="6186" /><E64/><V79/><F21/><W22/><G22/><T131/><D131/><U86/><E74/><V67/><F79/><AGARI ba="1,0" hai="43,45,50,60,61,79,80,82,84,86,90" m="6186" machi="79" ten="30,2000,0" yaku="8,1,54,1" doraHai="128" who="1" fromWho="2" sc="79,0,423,23,100,-23,398,0" owari="79,-32.1,446,54.6,77,-42.3,398,19.8" /></mjloggm>