<mjloggm ver="2.3"><GO type="41" lobby="0"/><UN n0="%E2%98%86%E5%A4%A7%E5%90%89%E2%98%86" n1="%E2%93%9D%4C%75%63%6B%79%4A" n2="%E3%81%AD%E3%81%8A%E3%81%98%E3%82%80" n3="%6E%61%6B%6F%66%67%6D%70" dan="15,18,14,13" rate="2016.13,2212.42,1929.43,1930.65" sx="M,M,M,M"/><TAIKYOKU oya="0"/><INIT seed="0,0,0,3,2,110" ten="250,250,250,250" oya="0" hai0="115,85,39,11,40,95,27,134,30,24,42,28,57" hai1="133,8,83,111,77,38,34,13,25,15,88,4,93" hai2="26,108,124,46,55,109,67,49,129,114,5,58,2" hai3="44,86,62,22,32,7,68,75,73,92,71,3,56"/><T81/><D134/><U94/><E133/><V132/><F5/><W72/><G32/><T50/><D115/><U106/><E111/><N who="2" m="42571" /><F2/><W0/><G44/><T102/><D39/><U82/><E106/><V74/><F26/><W45/><G45/><T118/><D118/><U18/><E38/><V69/><F74/><W100/><G22/><T104/><D104/><U98/><E77/><V60/><F132/><W66/><G100/><T130/><D130/><U1/><E15/><V23/><F23/><W65/><G65/><T52/><D11/><U80/><E94/><V76/><F76/><W125/><G125/><T126/><D126/><U89/><E1/><V84/><F84/><W6/><G6/><T17/><D17/><U79/><E79/><V97/><F97/><W20/><G20/><T19/><D19/><U31/><REACH who="1" step="1"/><E4/><REACH who="1" ten="250,240,250,250" step="2"/><V121/><F124/><W37/><G37/><T91/><D24/><U21/><E21/><V61/><F129/><W63/><G7/><T96/><REACH who="0" step="1"/><D28/><REACH who="0" ten="240,240,250,250" step="2"/><U78/><E78/><V112/><F121/><W128/><G128/><T135/><D135/><U103/><AGARI ba="0,2" hai="8,13,18,25,31,34,80,82,83,88,89,93,98,103" machi="103" ten="30,7900,0" yaku="1,1,0,1,54,1,53,1" doraHai="110" doraHaiUra="29" who="1" fromWho="1" sc="240,-39,240,99,250,-20,250,-20" /><INIT seed="1,0,0,4,4,1" ten="201,339,230,230" oya="1" hai0="86,99,43,2,67,34,31,22,129,38,9,28,88" hai1="108,130,37,11,51,36,116,104,49,58,55,35,54" hai2="7,117,5,48,85,132,4,50,60,8,30,95,122" hai3="65,96,126,57,119,123,134,109,75,26,63,81,74"/><U77/><E104/><V10/><F117/><W19/><G123/><T27/><D129/><U110/><E35/><V24/><F122/><W61/><G109/><N who="1" m="42090" /><E77/><V135/><F60/><W121/><G121/><T66/><D31/><U6/><E116/><V20/><F85/><W52/><G119/><T80/><D34/><U17/><E17/><V87/><F87/><W25/><G134/><N who="2" m="51241" /><F95/><W53/><G126/><T23/><D23/><U83/><E83/><V64/><F64/><W128/><G128/><T56/><D99/><U16/><E16/><V97/><F97/><W47/><G19/><T89/><D89/><U82/><E82/><V33/><F33/><W46/><G81/><T18/><D28/><U42/><E42/><V124/><F124/><W114/><G114/><T40/><D40/><U73/><E73/><V112/><F112/><W59/><G96/><T84/><D84/><U79/><E79/><V107/><F107/><W94/><G94/><T44/><D80/><U102/><E102/><V127/><F127/><W71/><REACH who="3" step="1"/><G65/><REACH who="3" ten="201,339,230,220" step="2"/><T12/><D67/><U15/><E130/><V131/><F131/><W68/><AGARI ba="0,1" hai="25,26,46,47,52,53,57,59,61,63,68,71,74,75" machi="68" ten="25,12000,2" yaku="1,1,2,1,0,1,22,2,54,1,53,0" doraHai="1" doraHaiUra="101" who="3" fromWho="3" sc="201,-30,339,-60,230,-30,220,130" /><INIT seed="2,0,0,1,4,9" ten="171,279,200,350" oya="2" hai0="37,6,110,86,17,26,126,104,85,57,49,39,107" hai1="5,69,65,19,3,7,115,92,62,41,51,24,113" hai2="32,134,0,102,120,66,27,111,133,90,127,34,74" hai3="36,68,67,21,12,108,58,87,30,122,82,131,44"/><V121/><F74/><W75/><G122/><T46/><D6/><U63/><E3/><V103/><F0/><W2/><G68/><T53/><D110/><U48/><E92/><V112/><F66/><W71/><G2/><T64/><D126/><U70/><E19/><V50/><F127/><W79/><G71/><T125/><D125/><U119/><E24/><V78/><F78/><W73/><G131/><T123/><D123/><U59/><E41/><V25/><F50/><W135/><G108/><T47/><D37/><U13/><E59/><V77/><F77/><W61/><G135/><T43/><D107/><U40/><E40/><V132/><F90/><W28/><G30/><T35/><D104/><U114/><E119/><V80/><F80/><W23/><G21/><T16/><D64/><U14/><E115/><V31/><F112/><W81/><G81/><T106/><D106/><U94/><E94/><V83/><F83/><W89/><G79/><T95/><D95/><U18/><E18/><V1/><F1/><W118/><G118/><T33/><D47/><U129/><E65/><V100/><F111/><W96/><G96/><T55/><D55/><U130/><AGARI ba="0,0" hai="5,7,13,14,48,51,62,63,69,70,113,114,129,130" machi="130" ten="25,8000,1" yaku="0,1,22,2,52,2" doraHai="9" who="1" fromWho="1" sc="171,-20,279,80,200,-40,350,-20" /><INIT seed="3,0,0,4,1,119" ten="151,359,160,330" oya="3" hai0="85,42,8,106,128,132,121,105,122,125,104,100,30" hai1="123,124,118,84,68,98,113,77,101,0,95,80,44" hai2="65,10,40,93,127,60,56,46,35,114,12,39,9" hai3="117,97,72,91,28,50,75,36,70,64,47,11,51"/><W109/><G117/><T37/><D30/><U71/><E118/><V115/><F127/><W130/><G36/><T52/><D52/><U41/><E113/><V38/><F35/><W86/><G86/><T112/><D8/><U23/><E0/><V99/><F39/><W29/><G130/><T1/><D1/><U7/><E124/><V110/><F110/><W48/><G109/><T102/><D125/><U58/><E123/><N who="0" m="47113" /><D42/><U92/><E7/><V21/><F21/><W19/><G47/><T20/><D20/><U25/><E95/><V73/><F73/><W90/><G97/><N who="0" m="61455" /><D37/><U6/><E6/><V67/><F67/><W33/><G64/><T2/><D2/><U126/><E58/><V82/><F82/><W16/><G33/><T18/><D18/><N who="3" m="6697" /><G11/><T22/><D22/><U87/><E126/><V13/><F10/><W32/><G32/><T34/><D34/><U108/><E108/><V3/><F3/><W79/><G79/><T57/><D57/><U96/><E77/><V4/><REACH who="2" step="1"/><F13/><REACH who="2" ten="151,359,150,330" step="2"/><W134/><G70/><T89/><D128/><U129/><E71/><V81/><F81/><W135/><G75/><T107/><D112/><U59/><E129/><V61/><F61/><W66/><G72/><T88/><D132/><N who="3" m="50729" /><G66/><T17/><D17/><U31/><E23/><V76/><F76/><W94/><G94/><N who="0" m="54543" /><D89/><AGARI ba="0,1" hai="4,9,12,38,40,46,56,60,65,89,93,99,114,115" machi="89" ten="30,3900,0" yaku="1,1,7,1,53,1" doraHai="119" doraHaiUra="55" who="2" fromWho="0" sc="151,-39,359,0,150,49,330,0" /><AGARI ba="0,0" hai="28,29,48,50,51,89,90,91" m="50729,6697" machi="89" ten="40,12000,1" yaku="28,2,20,1,54,1" doraHai="119" who="3" fromWho="0" sc="112,-120,359,0,199,0,330,120" owari="-8,-50.8,359,15.9,199,-20.1,450,55.0" /></mjloggm>