<mjloggm ver="2.3"><GO type="41" lobby="0"/><UN n0="%E7%84%A1%E5%B9%BB" n1="%E2%93%9D%4C%75%63%6B%79%4A" n2="%67%6E%7A%77%79" n3="%E3%81%BE%E3%81%A9%E3%81%B4%E3%83%BC" dan="13,16,14,14" rate="1890.28,2169.85,1921.34,2001.50" sx="F,M,M,F"/><TAIKYOKU oya="0"/><INIT seed="0,0,0,1,5,63" ten="250,250,250,250" oya="0" hai0="73,106,37,78,61,55,24,108,18,21,59,70,111" hai1="31,9,53,94,133,25,126,72,134,76,60,92,20" hai2="71,115,16,86,50,105,103,96,46,43,27,123,101" hai3="75,2,121,64,45,95,48,114,66,3,5,102,30"/><T100/><D37/><U74/><E9/><V38/><F123/><W28/><G121/><T81/><REACH who="0" step="1"/><D70/><REACH who="0" ten="240,250,250,250" step="2"/><U29/><E134/><V52/><F71/><W109/><G114/><T58/><D58/><U90/><E133/><V1/><F115/><W99/><G109/><T67/><D67/><U10/><E74/><V7/><F38/><W135/><G64/><T57/><D57/><U47/><E72/><V113/><F113/><W13/><G66/><T42/><D42/><U51/><E53/><V8/><F43/><W77/><G135/><T84/><D84/><U15/><E47/><V130/><F86/><W122/><G122/><T119/><D119/><U6/><E60/><V62/><F130/><W12/><G75/><T36/><D36/><U124/><E51/><V82/><F62/><W14/><G48/><T65/><D65/><U83/><E126/><V97/><F82/><W54/><G54/><T125/><D125/><U118/><E118/><V129/><F129/><W112/><G45/><T35/><D35/><U116/><E124/><V0/><F0/><W49/><G49/><T107/><D107/><U91/><E116/><V131/><F131/><W39/><G39/><T68/><D68/><U110/><E94/><V23/><REACH who="2" step="1"/><F105/><REACH who="2" ten="240,250,240,250" step="2"/><W69/><G69/><T85/><D85/><U26/><E92/><V79/><F79/><W19/><G95/><T11/><D11/><U93/><E10/><V22/><F22/><W128/><G2/><T32/><D32/><N who="1" m="20599" /><E76/><V34/><F34/><W80/><G77/><T117/><D117/><U88/><E91/><V87/><F87/><RYUUKYOKU ba="0,2" sc="240,15,250,-15,240,15,250,-15" hai0="18,21,24,55,59,61,73,78,81,100,106,108,111" hai2="1,7,8,16,23,27,46,50,52,96,97,101,103" /><INIT seed="0,1,2,0,2,104" ten="255,235,255,235" oya="0" hai0="31,40,95,123,100,86,51,64,10,41,42,82,55" hai1="132,37,110,22,18,26,32,44,106,30,93,97,87" hai2="75,134,29,5,52,62,57,14,35,12,50,135,111" hai3="129,92,125,77,72,20,58,94,89,76,115,88,116"/><T11/><D123/><U19/><E106/><V4/><F111/><W54/><G115/><T112/><D64/><U96/><E110/><V124/><F29/><W1/><G1/><T45/><D31/><U81/><E132/><N who="2" m="50731" /><F35/><W73/><G20/><T78/><D112/><U48/><E37/><V23/><F124/><W21/><G21/><T38/><D38/><U119/><E119/><V128/><F128/><W68/><G54/><T113/><D113/><U46/><E46/><N who="2" m="27735" /><F23/><W91/><G58/><T114/><D114/><U36/><E36/><V67/><F75/><N who="3" m="28747" /><G68/><T9/><D100/><U131/><E131/><V122/><F122/><W34/><G34/><T133/><D133/><U130/><E130/><V118/><F118/><W25/><G129/><T6/><REACH who="0" step="1"/><D95/><REACH who="0" ten="245,235,255,235" step="2"/><N who="3" m="36393" /><G116/><T61/><D61/><U56/><E30/><V49/><F49/><W74/><G125/><T84/><D84/><U65/><E87/><V117/><F117/><W120/><G120/><T53/><D53/><U33/><E33/><V43/><F43/><W99/><G74/><T105/><D105/><U0/><E32/><V126/><F126/><W17/><G99/><T8/><D8/><U103/><E97/><V27/><F62/><W90/><G25/><T28/><D28/><U71/><E96/><V79/><F27/><W127/><G127/><T13/><AGARI ba="1,3" hai="6,9,10,11,13,40,41,42,45,51,55,78,82,86" machi="13" ten="30,18000,2" yaku="1,1,0,1,8,1,53,3" doraHai="104" doraHaiUra="7" who="0" fromWho="0" sc="245,213,235,-61,255,-61,235,-61" /><INIT seed="0,2,0,1,0,101" ten="458,174,194,174" oya="0" hai0="106,52,8,19,58,82,73,28,22,124,62,89,102" hai1="90,51,135,79,80,54,109,115,69,9,105,126,6" hai2="49,27,110,7,121,127,37,125,88,113,38,134,11" hai3="117,35,116,76,12,87,2,120,83,42,92,18,3"/><T56/><D124/><N who="2" m="47690" /><F121/><W10/><G120/><T67/><D28/><U50/><E69/><V74/><F113/><W77/><G35/><T33/><D33/><U4/><E109/><V114/><F114/><W16/><G42/><T93/><D8/><U55/><E135/><V97/><F74/><W14/><G76/><T21/><D21/><U131/><E131/><V75/><F75/><W66/><G66/><T85/><D73/><U17/><E105/><V39/><F110/><W30/><G30/><T29/><D29/><U47/><E79/><V98/><F134/><W13/><G13/><T84/><D106/><U72/><E72/><V15/><F27/><W48/><G48/><T5/><D102/><U100/><E100/><V133/><F49/><W95/><G95/><T31/><D31/><U59/><E115/><V112/><F112/><W36/><G36/><N who="2" m="9217" /><V118/><DORA hai="53" /><F118/><W108/><G108/><T123/><D123/><U129/><E129/><V104/><F133/><W60/><G92/><T57/><D5/><U40/><E40/><V103/><F97/><W68/><G116/><T63/><D63/><U128/><E128/><V78/><F78/><W107/><G117/><T64/><D64/><U70/><E126/><V1/><F15/><W43/><G43/><T99/><D67/><U111/><E111/><V32/><F88/><W45/><G12/><N who="0" m="9575" /><D99/><U46/><E90/><AGARI ba="2,0" hai="52,56,57,58,62,82,84,85,89,90,93" m="9575" machi="90" ten="30,12000,1" yaku="8,1,52,3,54,1" doraHai="101,53" who="0" fromWho="1" sc="458,126,174,-126,194,0,174,0" /><INIT seed="0,3,0,4,1,103" ten="584,48,194,174" oya="0" hai0="69,63,134,36,11,83,124,95,12,90,15,61,101" hai1="24,96,64,107,8,51,119,122,131,73,105,118,31" hai2="53,34,45,9,130,84,22,108,126,110,91,44,71" hai3="68,111,46,93,112,14,81,38,48,113,76,98,54"/><T28/><D36/><U127/><E122/><V19/><F71/><W87/><G68/><T97/><D134/><U133/><E133/><V47/><F34/><W3/><G3/><T35/><D124/><U56/><E73/><V82/><F126/><W89/><G111/><N who="2" m="42537" /><F53/><W41/><REACH who="3" step="1"/><G14/><REACH who="3" ten="584,48,194,164" step="2"/><T4/><D69/><U7/><E127/><V117/><F117/><W99/><G99/><T21/><D15/><U92/><E119/><V52/><F130/><W50/><G50/><T100/><D12/><U49/><E51/><N who="2" m="28775" /><F9/><W32/><G32/><T43/><D35/><U5/><E49/><V77/><F77/><W86/><G86/><T27/><D11/><U0/><E118/><V20/><F22/><W75/><G75/><T67/><D21/><U26/><E8/><V13/><AGARI ba="3,1" hai="13,19,20,45,47,82,84,91" m="28775,42537" machi="13" ten="30,2000,0" yaku="14,1,54,1" doraHai="103" who="2" fromWho="2" sc="584,-13,48,-8,194,39,164,-8" /><INIT seed="1,0,0,5,1,111" ten="571,40,233,156" oya="1" hai0="48,36,20,75,124,49,92,101,97,103,127,87,22" hai1="85,131,135,93,23,16,60,76,129,59,98,40,134" hai2="34,72,106,119,128,105,35,58,42,121,99,65,14" hai3="45,2,107,43,79,62,4,132,26,78,18,64,1"/><U68/><E68/><V94/><F72/><W108/><G108/><T3/><D75/><U80/><E40/><V133/><F119/><W47/><G107/><T125/><D36/><U130/><E59/><V5/><F121/><W117/><G117/><T74/><D74/><U10/><E60/><V28/><F42/><W95/><G132/><T126/><D3/><U83/><E10/><V66/><F133/><N who="1" m="50697" /><E83/><V81/><F81/><W112/><G95/><T113/><D113/><U33/><E33/><V6/><F128/><N who="1" m="32769" /><U12/><DORA hai="67" /><E93/><V89/><F34/><W88/><G62/><T115/><D115/><U120/><E98/><V57/><F35/><W70/><G112/><T116/><D116/><U19/><E19/><V15/><F28/><W51/><G18/><T8/><D8/><U96/><E96/><V61/><F99/><W114/><G70/><T30/><D127/><U71/><E71/><V90/><F61/><W91/><G114/><T100/><D87/><U54/><E54/><V110/><F94/><W17/><G17/><T46/><D30/><U56/><E56/><V63/><F63/><W44/><G43/><T29/><D29/><U104/><E120/><V123/><F123/><W122/><G122/><T0/><D92/><U50/><E50/><V21/><F21/><W86/><G51/><T84/><D97/><U73/><E73/><V69/><F69/><W77/><G47/><T82/><D126/><U53/><E53/><V27/><F58/><W24/><G45/><T55/><D125/><U39/><E39/><V52/><F57/><W38/><G44/><RYUUKYOKU ba="0,0" sc="571,-10,40,30,233,-10,156,-10" hai1="12,16,23,76,80,85,104" /><INIT seed="1,1,0,2,4,11" ten="561,70,223,146" oya="1" hai0="44,94,119,47,101,48,108,121,125,115,99,39,13" hai1="58,107,7,89,69,10,65,114,53,110,81,70,83" hai2="34,76,71,49,77,124,95,23,112,31,26,75,59" hai3="35,117,9,102,30,128,111,18,133,82,2,43,57"/><U96/><E114/><V55/><F71/><W42/><G111/><T37/><D115/><U66/><E110/><V78/><F112/><W64/><G128/><T6/><D108/><U19/><E70/><V104/><F104/><W122/><G122/><T109/><D109/><U52/><E69/><V106/><F106/><W72/><G133/><T74/><D119/><U24/><E53/><V130/><F130/><W40/><G117/><T15/><D74/><U92/><E107/><V135/><F124/><W12/><G102/><T132/><D125/><U3/><E66/><V116/><F135/><W127/><G127/><T73/><D73/><U45/><E65/><V33/><F116/><W100/><G100/><T134/><D6/><U80/><E45/><V87/><F75/><W25/><G2/><T56/><D121/><U118/><E118/><V126/><F126/><W113/><G113/><T86/><D56/><U17/><REACH who="1" step="1"/><E24/><REACH who="1" ten="561,60,223,146" step="2"/><V62/><F26/><W85/><G43/><T93/><D132/><U1/><E1/><V97/><F55/><W131/><G131/><T120/><D134/><U68/><E68/><V90/><F59/><W8/><G42/><T21/><D120/><U129/><E129/><V61/><F62/><AGARI ba="1,1" hai="3,7,10,17,19,52,58,62,80,81,83,89,92,96" machi="62" ten="40,3900,0" yaku="1,1,54,1,53,0" doraHai="11" doraHaiUra="20" who="1" fromWho="2" sc="561,0,60,52,223,-42,146,0" /><INIT seed="1,2,0,5,4,76" ten="561,112,181,146" oya="1" hai0="61,122,37,110,50,135,104,59,70,10,67,77,15" hai1="34,21,75,102,66,35,27,58,79,4,69,24,98" hai2="54,134,72,32,88,101,14,90,125,17,8,42,2" hai3="124,119,5,123,64,121,133,84,12,57,111,41,29"/><U80/><E69/><V99/><F125/><W22/><G124/><T128/><D37/><U68/><E68/><V19/><F134/><W28/><G133/><T6/><D135/><U1/><E27/><V40/><F32/><W63/><G111/><T45/><D110/><U91/><E91/><V60/><F2/><W92/><G119/><T100/><D122/><U87/><E75/><V103/><F72/><W51/><G121/><T46/><D128/><U83/><E83/><V16/><F101/><W47/><G123/><T11/><D77/><U107/><E4/><N who="2" m="3335" /><F103/><W93/><G93/><T81/><D81/><U44/><E1/><V31/><F31/><W74/><G74/><T89/><D89/><N who="2" m="34410" /><F99/><W94/><G84/><T132/><D132/><U71/><E71/><V112/><F112/><W86/><G86/><T13/><D100/><U115/><E115/><V3/><F3/><W114/><G114/><T65/><D104/><U106/><E107/><V38/><F38/><W55/><G92/><T108/><D108/><U117/><E117/><V9/><F9/><N who="3" m="4143" /><G94/><T7/><D67/><U0/><E0/><V26/><F26/><N who="3" m="16471" /><G29/><T25/><D25/><U127/><E127/><V33/><F33/><W109/><G109/><T23/><D23/><U96/><E98/><V113/><F113/><W18/><G18/><N who="2" m="4609" /><V73/><DORA hai="30" /><F73/><W116/><G116/><T130/><D130/><U131/><E131/><V36/><F36/><W129/><G129/><T118/><D118/><U20/><E21/><V52/><F60/><N who="3" m="35903" /><G64/><T105/><D105/><U97/><E106/><V126/><F126/><RYUUKYOKU ba="2,0" sc="561,10,112,-30,181,10,146,10" hai0="6,7,10,11,13,15,45,46,50,59,61,65,70" hai2="40,42,52,54" hai3="41,47,51,63" /><INIT seed="2,3,0,3,3,56" ten="571,82,191,156" oya="2" hai0="53,129,14,122,4,109,135,3,36,120,59,35,31" hai1="17,88,70,9,55,33,40,126,127,73,2,26,46" hai2="79,78,104,80,114,90,0,47,83,85,112,23,50" hai3="63,67,130,19,39,128,49,58,72,61,52,123,103"/><V44/><F0/><W64/><G123/><T87/><D36/><U115/><E73/><V94/><F104/><W25/><G72/><T74/><D74/><U75/><E70/><V96/><F23/><N who="3" m="13567" /><G39/><T89/><D3/><U30/><E75/><V21/><F21/><W43/><G103/><T62/><D135/><U13/><E115/><V6/><F6/><W97/><G97/><T82/><D129/><N who="3" m="49769" /><G43/><T99/><D99/><U100/><E100/><N who="2" m="60439" /><F50/><W132/><G132/><T133/><D109/><U60/><E2/><V106/><F47/><W66/><AGARI ba="3,0" hai="49,52,58,61,63,64,66,67" m="49769,13567" machi="66" ten="30,7900,0" yaku="19,1,52,2,54,1" doraHai="56" who="3" fromWho="3" sc="571,-23,82,-23,191,-42,156,88" /><INIT seed="3,0,0,3,4,47" ten="548,59,149,244" oya="3" hai0="53,77,8,11,129,80,14,102,41,44,58,74,84" hai1="109,130,62,103,21,57,111,119,60,122,49,45,95" hai2="1,12,88,101,126,105,61,85,107,100,5,86,50" hai3="89,22,82,65,123,70,87,91,133,10,23,54,51"/><W96/><G123/><T78/><D129/><U118/><E21/><V48/><F126/><W97/><G133/><T9/><D102/><N who="2" m="39530" /><F105/><W124/><G124/><T75/><D75/><U81/><E81/><V7/><F107/><W110/><G110/><N who="1" m="41994" /><E103/><V20/><F1/><W67/><G70/><T113/><D113/><U117/><E95/><N who="2" m="54671" /><F61/><N who="1" m="23657" /><E130/><V98/><F98/><N who="3" m="37995" /><G89/><T31/><D74/><U26/><E26/><V3/><F86/><W4/><G4/><N who="2" m="1609" /><F3/><W114/><G10/><T132/><D132/><U72/><E72/><V134/><F134/><W42/><G114/><T125/><D125/><U38/><E122/><V30/><F12/><W59/><G42/><T93/><D41/><N who="1" m="24751" /><E38/><V68/><F68/><W94/><G82/><T63/><D80/><U55/><E119/><V116/><F116/><W25/><G22/><T13/><D13/><U112/><E112/><V0/><F0/><W29/><AGARI ba="0,0" hai="23,25,29,51,54,59,65,67,87,91,94" m="37995" machi="29" ten="30,3000,0" yaku="8,1,52,1" doraHai="47" who="3" fromWho="3" sc="548,-10,59,-10,149,-10,244,30" /><INIT seed="3,1,0,3,3,50" ten="538,49,139,274" oya="3" hai0="48,118,4,1,135,120,30,41,132,128,49,83,113" hai1="58,6,88,39,97,79,35,72,91,98,26,29,32" hai2="37,127,69,45,63,53,57,17,95,116,40,131,7" hai3="19,81,105,107,124,3,80,102,75,42,68,89,125"/><W94/><G68/><T47/><D118/><U23/><E39/><V44/><F7/><W114/><G3/><T78/><D120/><U59/><E79/><V99/><F116/><W70/><G70/><T129/><D113/><U111/><E72/><V22/><F127/><N who="3" m="48715" /><G19/><T67/><D30/><U14/><E111/><V108/><F131/><N who="0" m="50250" /><D67/><U86/><E35/><V43/><F108/><W134/><G42/><T130/><D130/><U5/><E32/><V13/><F69/><W36/><G36/><T38/><D4/><U60/><E59/><V106/><F106/><N who="3" m="40459" /><G114/><T66/><D66/><U73/><E73/><V0/><F0/><W52/><G52/><T64/><D64/><U21/><E6/><V46/><REACH who="2" step="1"/><F37/><REACH who="2" ten="538,49,129,274" step="2"/><W115/><G115/><T51/><D1/><U8/><E5/><V20/><F20/><W112/><G112/><T96/><D38/><U87/><E23/><V15/><F15/><W56/><G75/><T93/><D132/><U84/><E14/><V121/><F121/><W25/><G25/><T62/><D135/><U100/><E26/><V9/><F9/><W71/><G71/><T34/><D34/><U28/><E8/><V61/><F61/><W33/><G33/><T2/><D62/><U31/><E21/><V85/><F85/><W55/><G134/><T27/><D2/><U65/><REACH who="1" step="1"/><E98/><REACH who="1" ten="538,39,129,274" step="2"/><V133/><F133/><W101/><G101/><AGARI ba="1,2" hai="13,17,22,40,43,44,45,46,53,57,63,95,99,101" machi="101" ten="40,5200,0" yaku="1,1,8,1,52,1,53,0" doraHai="50" doraHaiUra="103" who="2" fromWho="3" sc="538,0,39,0,129,75,274,-55" /><INIT seed="4,0,0,4,2,5" ten="538,39,204,219" oya="0" hai0="76,70,86,123,22,67,24,72,20,81,61,97,77" hai1="116,57,10,117,114,1,89,23,19,16,12,0,69" hai2="39,85,80,130,11,92,25,31,101,26,103,71,96" hai3="75,50,74,100,108,65,104,131,33,56,135,52,78"/><T95/><D123/><U27/><E69/><V132/><F39/><W102/><G108/><T124/><D124/><U21/><E89/><V127/><F71/><W40/><G33/><T122/><D122/><U36/><E36/><V3/><F127/><W84/><G131/><T91/><D77/><U47/><E47/><V68/><F68/><W43/><G135/><T9/><D72/><U37/><E37/><V62/><F132/><W7/><G75/><T118/><D118/><N who="1" m="45675" /><E57/><V55/><F130/><W17/><G74/><T59/><D70/><U119/><N who="1" m="45683" /><U93/><DORA hai="53" /><E93/><V46/><F26/><W66/><G7/><T14/><D24/><N who="1" m="14463" /><E114/><V60/><F46/><W29/><G29/><AGARI ba="0,0" hai="0,1,10,12,16,21,27,29" m="14463,45683" machi="29" ten="40,8000,1" yaku="34,2,52,1,54,1" doraHai="5,53" who="1" fromWho="3" sc="538,0,39,80,204,0,219,-80" /><INIT seed="5,0,0,5,4,22" ten="538,119,204,139" oya="1" hai0="115,63,56,75,70,66,71,16,89,38,106,104,102" hai1="98,77,57,127,119,52,44,123,103,41,42,79,68" hai2="105,18,29,6,69,118,11,34,2,15,27,58,23" hai3="26,50,37,84,93,113,114,3,82,45,43,61,1"/><U53/><E123/><V125/><F69/><W60/><G93/><T131/><D75/><U7/><E119/><V135/><F105/><W110/><G110/><T122/><D38/><U86/><E68/><V120/><F120/><W134/><G37/><T10/><D122/><U88/><E7/><V5/><F118/><W73/><G73/><T21/><D115/><N who="3" m="44041" /><G134/><T35/><D35/><U62/><E127/><V121/><F121/><W20/><G3/><T59/><D10/><U117/><E117/><V8/><F125/><W95/><G95/><T51/><D89/><U55/><E103/><V87/><F87/><W101/><G1/><T19/><D131/><U111/><E98/><V100/><F100/><W94/><G94/><T12/><D19/><U72/><E111/><V83/><F83/><W112/><N who="3" m="44049" /><W109/><DORA hai="67" /><G101/><T65/><D102/><U107/><E107/><V39/><F58/><W116/><G109/><T129/><D129/><U25/><E72/><V24/><F39/><W31/><G116/><T130/><D130/><U30/><E79/><AGARI ba="0,0" hai="20,26,31,43,45,50,60,61,79,82,84" m="44049" machi="79" ten="40,2600,0" yaku="15,1,52,1" doraHai="22,67" who="3" fromWho="1" sc="538,0,119,-26,204,0,139,26" /><INIT seed="6,0,0,0,5,109" ten="538,93,204,165" oya="2" hai0="26,64,2,134,20,128,19,39,124,33,78,28,29" hai1="44,94,88,67,1,114,108,112,60,103,51,97,99" hai2="36,42,54,122,55,110,41,113,40,125,133,49,16" hai3="59,92,21,14,83,8,52,132,93,123,38,11,117"/><V46/><F122/><W70/><G117/><T34/><D64/><U32/><E108/><V30/><F30/><N who="0" m="11882" /><D78/><U74/><E1/><V62/><F110/><W12/><G70/><T80/><D80/><U22/><E32/><N who="0" m="12393" /><D39/><U48/><E22/><V61/><F133/><W56/><G21/><T18/><D134/><U104/><E74/><V10/><F113/><N who="1" m="43625" /><E44/><V107/><F107/><W63/><G38/><T15/><D2/><U89/><E89/><V131/><F36/><W23/><G123/><T3/><D3/><U79/><E79/><V47/><F131/><W116/><G116/><T66/><D66/><U102/><E103/><V17/><F125/><W50/><G132/><T130/><D124/><U111/><E111/><V84/><F84/><W24/><G83/><T121/><D121/><U37/><E37/><V91/><F91/><W96/><G92/><T127/><D127/><U6/><E6/><V75/><F75/><W13/><G93/><T43/><D43/><U77/><E77/><V58/><F10/><AGARI ba="0,0" hai="10,15,18,19,20,26,128,130" m="12393,11882" machi="10" ten="30,2000,0" yaku="34,2" doraHai="109" who="0" fromWho="2" sc="538,20,93,0,204,-20,165,0" /><INIT seed="7,0,0,5,2,34" ten="558,93,184,165" oya="3" hai0="129,115,47,27,45,24,120,2,96,72,28,127,126" hai1="0,108,81,26,97,39,31,23,40,6,122,114,11" hai2="106,119,71,5,87,1,9,78,90,64,51,84,62" hai3="41,118,85,82,74,80,3,67,54,58,133,125,30"/><W132/><G118/><T121/><D72/><U123/><E108/><V43/><F106/><W112/><G112/><T95/><D2/><U7/><E114/><V63/><F119/><W19/><G125/><N who="0" m="47627" /><D129/><U18/><E97/><V15/><F62/><W38/><G30/><T13/><D13/><U49/><E39/><V65/><F64/><W109/><G80/><T116/><D116/><U52/><E40/><V57/><F1/><W20/><G67/><T29/><D115/><U79/><E7/><V70/><F71/><W101/><G101/><N who="0" m="60575" /><D29/><U53/><E31/><V37/><F37/><W68/><G20/><N who="0" m="15367" /><D27/><U44/><REACH who="1" step="1"/><E53/><REACH who="1" ten="558,83,184,165" step="2"/><V32/><F43/><W77/><G54/><T107/><D107/><U88/><E88/><V89/><F89/><W8/><G109/><T102/><D102/><U130/><E130/><V17/><F90/><W124/><G124/><T56/><D56/><U117/><E117/><V128/><F57/><W92/><G58/><T110/><D110/><U16/><E16/><V42/><F17/><W111/><G111/><T73/><D73/><AGARI ba="0,1" hai="0,6,11,18,23,26,44,49,52,73,79,81,122,123" machi="73" ten="30,7700,0" yaku="1,1,7,1,52,1,54,1,53,0" doraHai="34" doraHaiUra="55" who="1" fromWho="0" sc="558,-77,83,87,184,0,165,0" owari="481,58.1,170,-23.0,184,-1.6,165,-33.5" /></mjloggm>