<mjloggm ver="2.3"><GO type="41" lobby="0"/><UN n0="%73%75%63%72%6F%73%65" n1="%73%6F%6D%65%6F%6E%65" n2="%E9%B3%A5%E6%B5%B7%E3%81%84%E3%81%95%E5%AD%90" n3="%E2%93%9D%4C%75%63%6B%79%4A" dan="13,14,16,18" rate="1829.98,1963.12,2040.47,2199.66" sx="M,F,F,M"/><TAIKYOKU oya="0"/><INIT seed="0,0,0,2,5,49" ten="250,250,250,250" oya="0" hai0="89,0,40,120,82,121,116,32,107,129,57,104,65" hai1="88,127,22,37,106,70,12,63,68,19,46,8,25" hai2="7,18,75,91,15,13,24,122,55,54,74,78,3" hai3="132,51,38,44,10,14,52,17,110,111,58,39,100"/><T16/><D0/><U119/><E119/><V67/><F122/><W23/><G100/><T135/><D32/><U126/><E106/><V92/><F67/><W47/><G132/><T9/><D116/><U103/><E103/><V69/><F69/><W42/><G10/><T115/><D115/><U62/><E68/><V33/><F3/><W113/><G113/><T20/><D40/><AGARI ba="0,0" hai="14,17,23,38,39,40,42,44,47,51,52,58,110,111" machi="40" ten="40,5200,0" yaku="9,1,52,1,54,1" doraHai="49" who="3" fromWho="0" sc="250,-52,250,0,250,0,250,52" /><INIT seed="1,0,0,0,2,95" ten="198,250,250,302" oya="1" hai0="14,96,48,103,16,116,0,128,99,28,127,104,25" hai1="19,118,98,69,40,114,86,9,112,71,37,24,124" hai2="106,20,129,23,81,61,30,34,10,115,13,64,53" hai3="87,91,21,94,29,66,93,39,31,108,131,133,119"/><U51/><E118/><V26/><F129/><W72/><G39/><T68/><D68/><U54/><E124/><V83/><F115/><W90/><G72/><T110/><D0/><U92/><E86/><V27/><F53/><W125/><G108/><T59/><D116/><U60/><E40/><V117/><F117/><W62/><G133/><T107/><D110/><U5/><E37/><V79/><F106/><W121/><G121/><T75/><D75/><U4/><E112/><V134/><F134/><W36/><G36/><T12/><D128/><U65/><E71/><V2/><F2/><W74/><G74/><T113/><D113/><U47/><E114/><V126/><F126/><W33/><G33/><T22/><D127/><U88/><REACH who="1" step="1"/><E9/><REACH who="1" ten="198,240,250,302" step="2"/><V58/><F79/><W41/><G41/><T6/><D107/><U123/><E123/><V15/><F10/><W70/><G125/><T63/><D48/><U101/><E101/><V67/><F83/><W135/><G119/><T100/><D103/><U130/><E130/><V1/><F81/><W7/><G131/><T18/><D104/><U32/><E32/><V97/><F34/><W132/><G135/><T122/><D100/><U85/><E85/><V73/><F73/><W89/><G87/><T46/><D122/><U78/><E78/><V82/><F82/><W77/><G77/><T3/><D46/><U17/><E17/><N who="0" m="6761" /><D3/><U45/><E45/><V50/><F1/><W52/><G132/><T57/><D59/><U56/><E56/><V42/><F58/><W11/><G70/><T38/><D38/><U84/><E84/><RYUUKYOKU ba="0,1" sc="198,-10,240,30,250,-10,302,-10" hai1="4,5,19,24,47,51,54,60,65,69,88,92,98" /><INIT seed="1,1,1,3,5,74" ten="188,270,240,292" oya="1" hai0="18,121,84,89,69,26,13,94,88,81,130,124,38" hai1="127,11,16,14,23,70,66,31,128,76,45,28,43" hai2="4,115,54,51,33,7,44,109,123,50,116,92,90" hai3="5,15,133,104,131,34,59,63,117,9,40,61,135"/><U19/><E128/><V118/><F123/><W100/><G131/><T52/><D38/><U101/><E127/><V78/><F33/><W30/><G40/><T25/><D69/><U114/><E114/><V20/><F115/><W93/><G104/><T98/><D130/><U57/><E70/><V95/><F109/><W56/><G30/><T2/><D2/><U36/><E101/><V107/><F107/><W82/><G34/><T71/><D71/><U86/><E57/><N who="3" m="22090" /><G82/><T21/><D124/><U0/><E66/><V3/><F20/><W85/><G117/><T37/><D37/><U60/><E60/><V32/><F32/><W8/><G9/><T47/><D121/><U24/><REACH who="1" step="1"/><E0/><REACH who="1" ten="188,260,240,292" step="2"/><V97/><F3/><W39/><G100/><T91/><REACH who="0" step="1"/><D89/><REACH who="0" ten="178,260,240,292" step="2"/><U41/><E41/><V87/><F118/><W110/><G110/><T79/><D79/><U108/><E108/><V132/><F78/><W83/><G135/><T106/><D106/><U129/><E129/><V105/><F105/><W29/><G133/><T1/><D1/><U55/><E55/><N who="2" m="30151" /><F132/><W22/><G39/><T62/><D62/><U58/><E58/><N who="2" m="33119" /><F116/><W122/><G63/><T134/><D134/><U6/><E6/><V42/><F42/><W77/><G61/><T80/><D80/><AGARI ba="1,3" hai="11,14,16,19,23,24,28,31,36,43,45,76,80,86" machi="80" ten="40,12000,1" yaku="1,1,52,1,54,1,53,2" doraHai="74" doraHaiUra="27" who="1" fromWho="0" sc="178,-123,260,153,240,0,292,0" /><INIT seed="1,2,0,1,1,28" ten="55,413,240,292" oya="1" hai0="6,59,112,108,70,96,50,44,32,41,20,23,74" hai1="45,115,77,42,98,53,75,19,30,38,66,24,128" hai2="51,15,58,27,113,1,22,107,119,13,84,90,43" hai3="10,26,69,110,17,82,18,72,52,25,0,88,37"/><U103/><E115/><V67/><F119/><W134/><G69/><T87/><D74/><U81/><E128/><V63/><F1/><W132/><G37/><T89/><D70/><U116/><E116/><V64/><F107/><W54/><G0/><T35/><D112/><U118/><E118/><V97/><F97/><W3/><G3/><T4/><D96/><U111/><E111/><V86/><F64/><W117/><G117/><T46/><D59/><U131/><E131/><V79/><F113/><W21/><G10/><T57/><D57/><U120/><E120/><V9/><F79/><W68/><G68/><T123/><D123/><U93/><E66/><V102/><F102/><W101/><G101/><T104/><D104/><U39/><E19/><V31/><F90/><W92/><G110/><T73/><D73/><U129/><E129/><V49/><F15/><W61/><G61/><T105/><D105/><U127/><E53/><V14/><F14/><W106/><G106/><T83/><D108/><U11/><E11/><V133/><F133/><N who="3" m="51307" /><G18/><T122/><D122/><U65/><E65/><V95/><F95/><W60/><G60/><T48/><D23/><U34/><REACH who="1" step="1"/><E127/><REACH who="1" ten="55,403,240,292" step="2"/><V12/><F9/><W62/><G54/><T47/><D20/><U130/><E130/><V94/><F67/><W40/><G52/><T114/><D114/><U76/><E76/><V109/><F109/><W99/><G17/><T7/><REACH who="0" step="1"/><D41/><REACH who="0" ten="45,403,240,292" step="2"/><U5/><E5/><V85/><F43/><W78/><G40/><T55/><D55/><U16/><E16/><V71/><F22/><W33/><G21/><RYUUKYOKU ba="2,2" sc="45,15,403,15,240,-15,292,-15" hai0="4,6,7,32,35,44,46,47,48,50,83,87,89" hai1="24,30,34,38,39,42,45,75,77,81,93,98,103" /><INIT seed="1,3,2,5,4,47" ten="60,418,225,277" oya="1" hai0="7,26,130,112,120,38,25,42,68,55,119,123,115" hai1="45,132,39,31,86,23,82,72,19,111,5,110,70" hai2="124,11,133,118,67,97,20,93,53,109,22,0,96" hai3="71,131,51,52,79,29,85,74,91,13,128,114,58"/><U40/><E72/><V135/><F118/><W127/><G114/><T48/><D7/><U88/><E70/><V15/><F0/><W69/><G29/><T32/><D32/><U62/><E132/><N who="2" m="50763" /><F109/><N who="1" m="41481" /><E62/><V122/><F122/><N who="0" m="46634" /><D25/><N who="1" m="14591" /><E5/><N who="2" m="3567" /><F124/><W134/><G127/><T92/><D26/><U14/><E14/><V105/><F67/><W34/><G134/><T76/><D92/><U56/><E56/><V18/><F105/><W33/><G71/><T49/><D76/><U73/><E73/><V60/><F18/><W84/><G74/><T61/><D119/><U9/><E9/><V116/><F116/><W8/><G69/><T36/><D130/><N who="3" m="49705" /><G79/><T89/><D89/><U100/><E100/><N who="2" m="60431" /><F97/><W3/><G3/><T6/><D6/><U104/><E31/><V37/><F37/><N who="0" m="14442" /><D42/><U129/><E129/><V30/><F30/><W1/><G1/><T64/><D55/><U4/><E4/><V57/><AGARI ba="3,2" hai="20,22,53,57,60" m="60431,3567,50763" machi="57" ten="30,1100,0" yaku="20,1" doraHai="47" who="2" fromWho="2" sc="60,-6,418,-8,225,40,277,-6" /><INIT seed="2,0,0,4,2,37" ten="54,410,265,271" oya="2" hai0="39,132,109,97,58,73,134,121,113,123,91,69,74" hai1="95,119,19,107,38,30,29,84,90,92,55,131,117" hai2="49,89,34,68,82,32,114,51,103,12,36,98,22" hai3="13,129,40,122,50,26,76,62,10,20,70,56,67"/><V41/><F114/><W130/><G76/><T124/><D39/><U28/><E107/><V88/><F68/><W0/><G0/><T127/><D58/><U125/><E125/><N who="0" m="48201" /><D69/><U43/><E131/><N who="3" m="50186" /><G122/><N who="0" m="46603" /><D113/><U83/><E55/><V100/><F36/><W31/><G70/><T24/><D24/><U8/><E8/><V115/><F115/><W63/><G67/><T27/><D27/><U79/><E95/><V66/><F66/><W53/><G40/><T16/><D16/><AGARI ba="0,0" hai="10,13,16,20,26,31,50,53,56,62,63" m="50186" machi="16" ten="30,2000,0" yaku="19,1,54,1" doraHai="37" who="3" fromWho="0" sc="54,-20,410,0,265,0,271,20" /><INIT seed="3,0,0,0,0,49" ten="34,410,265,291" oya="3" hai0="77,6,121,131,120,21,37,2,55,18,72,101,103" hai1="65,91,31,53,60,80,27,12,25,117,133,36,95" hai2="29,70,16,84,102,90,54,108,69,45,107,126,32" hai3="46,118,88,87,112,5,44,73,94,26,11,7,17"/><W74/><G112/><T9/><D131/><U71/><E133/><V13/><F108/><W42/><G118/><T40/><D55/><U14/><E36/><V116/><F116/><W92/><G74/><T99/><D40/><U76/><E117/><V113/><F113/><W123/><G73/><T68/><D37/><U15/><E53/><V62/><F126/><W110/><G123/><T43/><D43/><U3/><E3/><V81/><F102/><W33/><G110/><T10/><D68/><U134/><E134/><V122/><F107/><W63/><G94/><T104/><D10/><U1/><E1/><V67/><F122/><W0/><G7/><T50/><D103/><U24/><E80/><V127/><F127/><W19/><G63/><T114/><D114/><U39/><E76/><V105/><F105/><W93/><G93/><T57/><D77/><U109/><E39/><V119/><F119/><W82/><G92/><T58/><D72/><U8/><E109/><V30/><F32/><W128/><G128/><T97/><D99/><U23/><REACH who="1" step="1"/><E8/><REACH who="1" ten="34,400,265,291" step="2"/><N who="2" m="6183" /><F69/><W100/><G42/><T111/><D111/><U61/><E61/><V129/><F129/><W86/><G0/><T52/><REACH who="0" step="1"/><D58/><REACH who="0" ten="24,400,265,291" step="2"/><U28/><E28/><V124/><F124/><W89/><G11/><T4/><D4/><U51/><E51/><AGARI ba="0,2" hai="29,30,45,51,54,62,67,70,81,84,90" m="6183" machi="51" ten="30,3900,0" yaku="25,1,52,1,54,1" doraHai="49" who="2" fromWho="1" sc="24,0,400,-39,265,59,291,0" /><INIT seed="4,0,0,4,4,62" ten="24,361,324,291" oya="0" hai0="27,52,39,35,84,71,43,54,110,93,120,98,107" hai1="2,29,7,113,13,4,127,40,55,88,92,130,46" hai2="95,70,79,6,90,11,115,132,16,17,26,76,78" hai3="25,41,117,66,75,23,3,33,74,44,87,125,77"/><T82/><D120/><U45/><E2/><V10/><F70/><W102/><G33/><T48/><D107/><U122/><E122/><V100/><F115/><W104/><G3/><T14/><D71/><U24/><E130/><V99/><F132/><W18/><G117/><T86/><D39/><U112/><E127/><V83/><F26/><W34/><G34/><T37/><D37/><U47/><E55/><V119/><F119/><W21/><G23/><T56/><D43/><U5/><E13/><V135/><F135/><W64/><G75/><T49/><D110/><U59/><E59/><V51/><F51/><N who="3" m="27023" /><G74/><T126/><D126/><U124/><E40/><V9/><REACH who="2" step="1"/><F6/><REACH who="2" ten="24,361,314,291" step="2"/><W22/><G25/><T118/><D118/><U72/><E124/><V134/><F134/><W106/><G125/><T73/><D14/><U111/><E111/><V123/><F123/><W69/><G69/><T67/><D67/><U12/><E12/><V31/><F31/><W36/><G66/><T129/><D129/><U131/><E131/><V32/><F32/><W109/><G64/><T50/><D48/><U30/><E72/><V42/><F42/><W105/><G36/><T38/><D38/><U19/><E19/><V128/><F128/><W116/><G18/><T114/><D114/><N who="1" m="44139" /><E24/><V53/><F53/><W15/><G116/><T133/><D133/><U65/><E65/><V57/><F57/><W97/><G109/><T96/><D73/><U0/><E0/><V58/><F58/><W89/><G15/><T121/><D121/><U101/><E101/><V20/><F20/><W60/><G22/><RYUUKYOKU ba="0,1" sc="24,-15,361,15,314,15,291,-15" hai1="4,5,7,29,30,45,46,47,88,92" hai2="9,10,11,16,17,76,78,79,83,90,95,99,100" /><INIT seed="5,1,1,5,5,100" ten="9,376,329,276" oya="1" hai0="5,113,63,2,78,42,94,122,6,120,83,19,126" hai1="52,61,93,44,110,47,57,27,119,109,4,64,102" hai2="123,65,133,67,26,16,84,112,48,104,36,28,90" hai3="106,1,132,75,77,105,115,71,108,38,22,54,89"/><U129/><E119/><V118/><F118/><W111/><G54/><T92/><D63/><U40/><E129/><V11/><F36/><W41/><G22/><T134/><D42/><U125/><E125/><V23/><F123/><W121/><G89/><T79/><D19/><U82/><E4/><V25/><F133/><W24/><G24/><T96/><D2/><U3/><E3/><V60/><F112/><W30/><G30/><T50/><D50/><U21/><E82/><V15/><F104/><N who="3" m="40043" /><G121/><N who="0" m="46699" /><D5/><U72/><E72/><V45/><F26/><W103/><G103/><N who="0" m="60807" /><D6/><U86/><E64/><V51/><F60/><W91/><G91/><T117/><D117/><U116/><E116/><V7/><F7/><W107/><G1/><T0/><D0/><U68/><E68/><V14/><F14/><W59/><G71/><T55/><D55/><U13/><E13/><V87/><F51/><W114/><G132/><T53/><D53/><U124/><E124/><V18/><F18/><W46/><G59/><T135/><D126/><U97/><E86/><V70/><F84/><W62/><G62/><T17/><D17/><U56/><E56/><V69/><F69/><W98/><G115/><T29/><D29/><N who="1" m="17647" /><E40/><N who="2" m="24615" /><F70/><W35/><G114/><T58/><D58/><U8/><E8/><V99/><F87/><W33/><G41/><T85/><D113/><U101/><E102/><V10/><F10/><W74/><G75/><N who="0" m="43487" /><D94/><U32/><E32/><V88/><F65/><W20/><G35/><T130/><D130/><U31/><E31/><V43/><F67/><W76/><G33/><T95/><D95/><RYUUKYOKU ba="1,1" sc="9,15,376,15,329,-15,276,-15" hai0="79,85,134,135" hai1="44,47,52,57,61,93,97,101,109,110" /><INIT seed="5,2,1,5,4,129" ten="24,391,314,261" oya="1" hai0="80,39,21,50,63,78,45,90,53,115,117,10,56" hai1="134,14,51,15,54,126,99,127,120,101,31,112,124" hai2="29,108,128,47,118,81,132,96,74,125,107,28,76" hai3="114,43,24,11,16,19,122,26,70,97,92,123,35"/><U98/><E120/><V116/><F108/><W84/><G70/><T59/><D115/><U18/><E112/><V91/><F28/><W72/><G72/><T73/><D117/><U69/><E69/><V113/><F29/><W100/><G114/><T71/><D21/><U57/><E134/><V12/><F12/><W68/><G68/><T133/><D133/><U0/><E0/><V61/><F132/><W22/><G43/><T25/><D25/><U1/><E1/><V55/><F128/><W85/><G35/><T33/><D33/><U93/><E31/><V42/><F113/><W131/><G131/><T52/><D90/><N who="1" m="55607" /><E18/><V17/><F17/><W75/><G75/><T94/><D94/><AGARI ba="2,1" hai="14,15,51,54,57,94,99,101,124,126,127" m="55607" machi="94" ten="30,1500,0" yaku="18,1" doraHai="129" who="1" fromWho="0" sc="24,-21,391,31,314,0,261,0" /><INIT seed="5,3,0,2,0,133" ten="3,422,314,261" oya="1" hai0="3,77,113,15,99,6,9,59,75,115,19,78,38" hai1="122,28,48,85,10,119,11,118,54,100,110,18,21" hai2="89,7,86,87,111,40,106,88,27,76,55,2,45" hai3="117,126,71,35,60,96,26,94,135,70,33,14,108"/><U123/><E100/><V116/><F111/><W39/><G39/><T112/><D38/><U53/><E28/><V49/><F116/><W102/><G108/><T61/><D99/><U80/><E110/><V93/><F106/><W37/><G37/><T103/><D103/><U91/><E119/><V90/><F2/><W57/><G135/><T104/><D75/><U36/><E36/><V0/><F0/><W16/><G126/><T43/><D43/><U98/><E98/><V131/><F131/><W62/><G62/><T64/><D104/><U50/><E118/><V107/><F107/><W46/><G46/><T114/><N who="0" m="28672" /><DORA hai="17" /><T44/><D44/><N who="1" m="27783" /><E123/><V47/><F7/><W4/><G4/><T79/><D78/><U74/><E74/><V127/><F127/><W125/><G125/><T82/><D82/><U32/><E32/><V92/><F76/><W63/><G35/><T95/><D95/><U105/><E105/><V41/><F45/><W1/><G33/><T65/><D65/><U66/><E66/><V23/><F90/><W121/><G117/><T42/><D42/><U13/><E122/><V67/><F67/><W134/><G121/><T24/><D24/><U34/><E34/><V58/><REACH who="2" step="1"/><F47/><AGARI ba="3,0" hai="10,11,13,18,21,47,50,54,80,85,91" m="27783" machi="47" ten="30,2900,0" yaku="8,1,52,1" doraHai="133,17" who="1" fromWho="2" sc="3,0,422,38,314,-38,261,0" /><INIT seed="5,4,0,2,5,83" ten="3,460,276,261" oya="1" hai0="8,41,93,96,103,79,50,132,52,11,128,126,29" hai1="19,108,110,58,119,120,43,133,102,67,85,80,97" hai2="62,134,63,40,123,77,127,68,44,2,59,64,135" hai3="48,87,121,31,38,45,4,106,26,60,76,35,47"/><U81/><E119/><V73/><F2/><W0/><G121/><T116/><D116/><U9/><E120/><V112/><F73/><W24/><G106/><T78/><D132/><N who="2" m="50730" /><F77/><N who="0" m="29194" /><D128/><U46/><E133/><V49/><F123/><W27/><G47/><N who="0" m="27743" /><D126/><U71/><E71/><V94/><F94/><W12/><G38/><T7/><D29/><U33/><E33/><V122/><F122/><W65/><G0/><T20/><D41/><U22/><E9/><N who="0" m="3657" /><D20/><U117/><E117/><V36/><F127/><W69/><G35/><T75/><D75/><U53/><E43/><V32/><F32/><W74/><G74/><T37/><D37/><U30/><E22/><V118/><F118/><W95/><G31/><T17/><D17/><U124/><E19/><V104/><F104/><W3/><G3/><T109/><D109/><U16/><E16/><V21/><F21/><W72/><G72/><T131/><D131/><U99/><E30/><V89/><F112/><W6/><G6/><AGARI ba="4,0" hai="6,7,93,96,103" m="3657,27743,29194" machi="6" ten="30,2000,0" yaku="8,1,54,1" doraHai="83" who="0" fromWho="3" sc="3,32,460,0,276,0,261,-32" /><INIT seed="6,0,0,5,4,8" ten="35,460,276,229" oya="2" hai0="32,16,97,38,131,31,104,40,121,127,50,90,79" hai1="118,28,61,109,13,93,66,33,62,44,26,96,0" hai2="103,98,110,10,83,95,14,25,73,27,6,5,53" hai3="21,69,59,80,67,20,88,64,23,102,4,60,42"/><V37/><F37/><W75/><G102/><T113/><D121/><U49/><E0/><V100/><F110/><W2/><G2/><T24/><D38/><U114/><E109/><V122/><F122/><W101/><G101/><T1/><D1/><U132/><E132/><V81/><F5/><W11/><G75/><T119/><D113/><U41/><E118/><V3/><F3/><W125/><G125/><T94/><D127/><U105/><E105/><V86/><F103/><W82/><G42/><T30/><D31/><U106/><E106/><V120/><F120/><W74/><G74/><T35/><D35/><U112/><E13/><V51/><F73/><W43/><G43/><T22/><D131/><U89/><REACH who="1" step="1"/><E62/><REACH who="1" ten="35,450,276,229" step="2"/><V63/><F63/><W116/><G116/><T12/><D104/><U124/><E124/><V45/><F83/><W68/><G82/><T29/><D119/><U57/><AGARI ba="0,1" hai="26,28,33,41,44,49,57,61,66,89,93,96,112,114" machi="57" ten="30,7900,0" yaku="1,1,0,1,53,2" doraHai="8" doraHaiUra="108" who="1" fromWho="1" sc="35,-20,450,89,276,-39,229,-20" /><INIT seed="7,0,0,4,1,87" ten="15,539,237,209" oya="3" hai0="42,93,5,14,64,120,117,130,24,66,53,126,82" hai1="106,60,54,43,77,37,65,112,9,63,70,84,1" hai2="133,122,0,25,29,134,74,102,123,110,113,50,108" hai3="125,8,38,11,98,127,131,19,27,118,61,36,3"/><W10/><G118/><T31/><D117/><U22/><E106/><V92/><F50/><W104/><G3/><T116/><D116/><U17/><E112/><V30/><F74/><W91/><G131/><T76/><D120/><U32/><E32/><V52/><F52/><W45/><G61/><T12/><D130/><U89/><E77/><V33/><F102/><W69/><G69/><T73/><D126/><N who="3" m="48137" /><G45/><T20/><D42/><U129/><E43/><V100/><F113/><W80/><G27/><T94/><D53/><U56/><E37/><N who="3" m="14442" /><G19/><T90/><D94/><U99/><E1/><V121/><F0/><W111/><G111/><T109/><D109/><U96/><E129/><V4/><F4/><W47/><G47/><T40/><D40/><U79/><E17/><V101/><F30/><W26/><G26/><T97/><REACH who="0" step="1"/><D5/><REACH who="0" ten="5,539,237,209" step="2"/><U2/><E2/><V135/><F108/><W103/><G80/><T62/><D62/><U41/><E63/><V119/><F110/><W7/><G7/><T58/><D58/><U34/><E70/><V124/><F119/><W21/><G21/><T13/><AGARI ba="0,1" hai="12,13,14,20,24,31,64,66,73,76,82,90,93,97" machi="13" ten="30,7900,0" yaku="1,1,0,1,52,1,53,1" doraHai="87" doraHaiUra="105" who="0" fromWho="0" sc="5,89,539,-20,237,-20,209,-39" owari="94,-40.6,519,61.9,217,1.7,170,-23.0" /></mjloggm>