<mjloggm ver="2.3"><GO type="41" lobby="0"/><UN n0="%E3%83%97%E3%83%AA%E3%83%B3%E3%83%97%E3%83%AA%E3%83%B3" n1="%68%61%74%6F%70%6F" n2="%E8%B5%A4%E7%BE%BD%E3%81%AE%E7%8E%8B" n3="%E2%93%9D%4C%75%63%6B%79%4A" dan="13,14,15,18" rate="1903.78,2016.94,2029.48,2211.38" sx="M,M,M,M"/><TAIKYOKU oya="0"/><INIT seed="0,0,0,0,5,96" ten="250,250,250,250" oya="0" hai0="118,87,133,42,108,45,35,36,104,121,3,57,63" hai1="28,41,43,134,89,0,75,60,116,119,46,84,7" hai2="8,129,54,132,30,114,4,102,31,10,22,14,58" hai3="77,135,122,2,26,70,21,51,61,25,40,39,17"/><T78/><D121/><U125/><E75/><V29/><F129/><W15/><G39/><T130/><D3/><U55/><E125/><V12/><F114/><W56/><G70/><T112/><D118/><U124/><E124/><V52/><F132/><W27/><G2/><T16/><D130/><U99/><E134/><V82/><F82/><W13/><G135/><T69/><D133/><U98/><E28/><V111/><F111/><W6/><G122/><T101/><D35/><U5/><E0/><V95/><F22/><W38/><G38/><T71/><D112/><U127/><E127/><V24/><F24/><W88/><G77/><T92/><D108/><U76/><E76/><V19/><F58/><W47/><G15/><T11/><D104/><U109/><E109/><V9/><F9/><W50/><G51/><T32/><D32/><U90/><E84/><V37/><F37/><W65/><REACH who="3" step="1"/><G88/><REACH who="3" ten="250,250,250,240" step="2"/><N who="1" m="33898" /><E119/><V103/><F95/><W79/><G79/><T123/><D78/><U83/><E116/><V97/><F97/><N who="1" m="36873" /><E83/><V1/><F1/><W72/><G72/><T53/><D123/><U105/><E105/><V113/><F113/><W126/><G126/><T110/><D110/><U93/><E93/><V33/><F33/><W34/><G34/><T49/><D69/><U20/><E20/><V131/><F131/><W68/><G68/><T59/><D71/><U85/><E85/><V80/><F80/><W66/><G66/><N who="0" m="39279" /><D92/><U100/><E60/><V18/><F4/><AGARI ba="0,1" hai="4,6,13,17,21,25,26,27,40,47,50,56,61,65" machi="4" ten="40,2600,0" yaku="1,1,8,1,53,0" doraHai="96" doraHaiUra="73" who="3" fromWho="2" sc="250,0,250,0,250,-26,240,36" /><INIT seed="1,0,0,4,0,102" ten="250,250,224,276" oya="1" hai0="17,33,44,114,93,53,15,24,72,14,63,59,7" hai1="49,51,97,108,55,115,29,101,111,26,79,18,81" hai2="100,131,74,84,127,36,112,70,4,68,86,129,41" hai3="88,47,34,61,10,132,125,57,135,123,104,85,32"/><U117/><E117/><V19/><F74/><W78/><G123/><T16/><D72/><U130/><E115/><V8/><F127/><W0/><G78/><T42/><D114/><U98/><E18/><V39/><F100/><W60/><G47/><T65/><D7/><U56/><E130/><V43/><F19/><W6/><G61/><T50/><D33/><U38/><E38/><V66/><F112/><W89/><G89/><T126/><D126/><U27/><E98/><V116/><F8/><W106/><G34/><T80/><D80/><U69/><E69/><V35/><F35/><W25/><G25/><T54/><D24/><U118/><E118/><V37/><F66/><N who="3" m="39183" /><G32/><T124/><D124/><U83/><E49/><V3/><F3/><W77/><G77/><T119/><D119/><U58/><E58/><V121/><F116/><W120/><G120/><T76/><D76/><U20/><E27/><V11/><F11/><W82/><G125/><T109/><D109/><N who="1" m="42059" /><E79/><V95/><F95/><AGARI ba="0,0" hai="20,26,29,51,55,56,81,83,95,97,101" m="42059" machi="95" ten="30,2900,0" yaku="14,1,10,1" doraHai="102" who="1" fromWho="2" sc="250,0,250,29,224,-29,276,0" /><INIT seed="1,1,0,4,2,102" ten="250,279,195,276" oya="1" hai0="134,107,51,5,7,98,3,93,109,48,68,46,122" hai1="26,15,86,125,127,124,52,47,87,100,81,75,8" hai2="2,126,95,129,120,123,88,60,14,45,106,90,119" hai3="132,91,38,17,114,85,67,70,118,16,64,112,78"/><U121/><E121/><V74/><F74/><W69/><G38/><T41/><D3/><U77/><E26/><V18/><F2/><W9/><G78/><T65/><D109/><U63/><E100/><V117/><F126/><W13/><G132/><T99/><D134/><U83/><E83/><V4/><F4/><W40/><G40/><T23/><D122/><U29/><E29/><V128/><F45/><W62/><G118/><N who="2" m="45065" /><F60/><W25/><G67/><T101/><D65/><U105/><E105/><V28/><F28/><W115/><G70/><T43/><D68/><U39/><E39/><V33/><F33/><W130/><G130/><N who="2" m="50281" /><F106/><W1/><G1/><T111/><D111/><U97/><E97/><N who="2" m="57575" /><F90/><W54/><G115/><T27/><D43/><U94/><E63/><V104/><F104/><W12/><G114/><T19/><REACH who="0" step="1"/><D51/><REACH who="0" ten="240,279,195,276" step="2"/><N who="1" m="28799" /><E94/><V11/><AGARI ba="1,1" hai="11,14,18,120,123" m="57575,50281,45065" machi="11" ten="30,2000,0" yaku="19,1,54,1" doraHai="102" who="2" fromWho="2" sc="240,-6,279,-11,195,33,276,-6" /><INIT seed="2,0,0,1,5,75" ten="234,268,228,270" oya="2" hai0="34,61,102,56,62,3,120,55,88,93,4,60,103" hai1="127,43,40,51,76,79,91,11,115,18,85,128,92" hai2="78,49,67,25,112,21,105,87,108,104,73,41,66" hai3="42,45,118,106,50,129,28,80,74,0,101,116,135"/><V95/><F112/><W113/><G113/><T130/><D34/><U16/><E115/><V12/><F108/><W33/><G0/><T46/><D130/><U24/><E128/><V13/><F73/><W31/><G129/><T133/><D133/><U22/><E127/><V97/><F104/><W99/><G135/><T5/><D46/><N who="1" m="26055" /><E43/><V6/><F105/><W19/><G19/><N who="1" m="7210" /><E11/><N who="2" m="4215" /><F13/><W83/><G33/><T7/><D3/><U89/><E89/><N who="2" m="55535" /><F49/><W100/><G74/><T63/><REACH who="0" step="1"/><D120/><REACH who="0" ten="224,268,228,270" step="2"/><U107/><E107/><V121/><F121/><W81/><REACH who="3" step="1"/><G101/><REACH who="3" ten="224,268,228,260" step="2"/><T17/><D17/><AGARI ba="0,2" hai="17,22,24,76,79,85,91,92" m="7210,26055" machi="17" ten="30,7700,0" yaku="8,1,52,2,54,1" doraHai="75" who="1" fromWho="0" sc="224,-77,268,97,228,0,260,0" /><INIT seed="3,0,0,0,0,104" ten="147,365,228,260" oya="3" hai0="134,66,2,93,70,122,98,16,5,3,84,68,55" hai1="116,69,18,8,119,62,135,100,94,64,41,54,59" hai2="37,113,120,96,130,57,121,23,38,78,127,56,24" hai3="4,30,52,102,6,80,44,32,74,73,36,11,29"/><W48/><G36/><T109/><D122/><N who="2" m="47210" /><F113/><W51/><G102/><T82/><D134/><U33/><E33/><V101/><F78/><W125/><G125/><T72/><D109/><U95/><E135/><V89/><F130/><W92/><G92/><T47/><D5/><U15/><E41/><V19/><F89/><W99/><G99/><T43/><D55/><U1/><E1/><V7/><F7/><W124/><G124/><T90/><D68/><U103/><E103/><V60/><F127/><W105/><G105/><T63/><D72/><U27/><E27/><V50/><F50/><W77/><G6/><T22/><D98/><U83/><E83/><V35/><F35/><W108/><G108/><T107/><D107/><U129/><E100/><V42/><F42/><W81/><G51/><T91/><D91/><U14/><E129/><V20/><F20/><W110/><G110/><T133/><D82/><U65/><E14/><V10/><F10/><W118/><G118/><N who="1" m="45098" /><E65/><N who="2" m="39047" /><F57/><W61/><G32/><T75/><D133/><U9/><E9/><V34/><F34/><W12/><G61/><AGARI ba="0,0" hai="8,15,18,54,59,61,62,64,69,94,95" m="45098" machi="61" ten="30,1000,0" yaku="12,1" doraHai="104" who="1" fromWho="3" sc="147,0,365,10,228,0,260,-10" /><INIT seed="4,0,0,4,5,49" ten="147,375,228,250" oya="0" hai0="27,135,81,119,90,72,1,38,34,77,43,134,23" hai1="85,41,100,57,66,96,61,95,110,94,10,62,114" hai2="131,53,55,48,103,78,30,83,120,133,35,70,123" hai3="117,128,65,122,47,40,3,88,112,4,51,69,21"/><T86/><D34/><U54/><E110/><V46/><F70/><W105/><G105/><T50/><D38/><U0/><E41/><V45/><F131/><W101/><G101/><T127/><D119/><U80/><E114/><V124/><F103/><W104/><G104/><T13/><D127/><U115/><E115/><V52/><F124/><W91/><G117/><T28/><D1/><U11/><E94/><V73/><F133/><W22/><G128/><T118/><D118/><U6/><E11/><V68/><F68/><W37/><G122/><T26/><D26/><U126/><E126/><V97/><F97/><W17/><G22/><T113/><D113/><U108/><E108/><V31/><F46/><W87/><G4/><T102/><D102/><U98/><E98/><V14/><F14/><W82/><G3/><T129/><D129/><U20/><E20/><V89/><F89/><W74/><G74/><T67/><D67/><U32/><E32/><V44/><F44/><W106/><G106/><T9/><D50/><U75/><E75/><V8/><F8/><W33/><G33/><T132/><D43/><U63/><E66/><V12/><F12/><N who="3" m="9383" /><G112/><T99/><D99/><U125/><E125/><V93/><F93/><W29/><G65/><T84/><REACH who="0" step="1"/><D90/><AGARI ba="0,0" hai="0,6,10,54,57,61,62,63,80,85,90,95,96,100" machi="90" ten="30,2000,0" yaku="7,1,52,1" doraHai="49" who="1" fromWho="0" sc="147,-20,375,20,228,0,250,0" /><INIT seed="5,0,0,1,1,61" ten="127,395,228,250" oya="1" hai0="69,57,30,130,123,78,100,98,64,102,117,104,47" hai1="128,26,101,40,43,8,129,39,25,83,110,116,82" hai2="21,32,0,63,34,60,113,73,89,65,38,6,135" hai3="33,97,107,71,103,133,19,105,85,127,53,58,20"/><U88/><E116/><V14/><F73/><W94/><G71/><T79/><D117/><U99/><E8/><V125/><F38/><W92/><G33/><T7/><D123/><U49/><E39/><V131/><F0/><W75/><G75/><T115/><D115/><U126/><E49/><V119/><F119/><W68/><G68/><T111/><D111/><U24/><E110/><V77/><F77/><W93/><G127/><T52/><D7/><U31/><E31/><V76/><F76/><W62/><G133/><T41/><D102/><U16/><E126/><V132/><F125/><W120/><G120/><T124/><D124/><U1/><E1/><V50/><F131/><N who="1" m="50249" /><E16/><V22/><F50/><W67/><G107/><T44/><D130/><U9/><E9/><V18/><F6/><W29/><G29/><T84/><D30/><U13/><E13/><V122/><F122/><W96/><G85/><T86/><D78/><U114/><E114/><V108/><F113/><W35/><G35/><N who="2" m="13353" /><F108/><W112/><G112/><T74/><D74/><U91/><E101/><V121/><F63/><W59/><G105/><T90/><D79/><U36/><E36/><V28/><F121/><W42/><G42/><N who="1" m="15914" /><E99/><V106/><F135/><W5/><G5/><T23/><D41/><U95/><E95/><V87/><F106/><W27/><REACH who="3" step="1"/><G97/><REACH who="3" ten="127,395,228,240" step="2"/><T10/><D98/><U37/><E37/><V118/><F132/><W12/><G12/><T15/><D15/><U11/><E11/><N who="2" m="6495" /><F28/><W80/><G80/><AGARI ba="0,1" hai="24,25,26,80,82,83,88,91" m="15914,50249" machi="80" ten="40,12000,1" yaku="28,2,19,1,54,1" doraHai="61" who="1" fromWho="3" sc="127,0,395,130,228,0,240,-120" /><INIT seed="5,1,0,3,3,133" ten="127,525,228,120" oya="1" hai0="26,134,13,110,16,25,79,8,84,102,86,68,44" hai1="132,125,62,40,72,101,121,5,98,100,32,126,23" hai2="97,116,10,94,73,19,39,129,52,43,120,58,42" hai3="119,124,70,96,113,35,69,103,54,99,38,29,71"/><U3/><E121/><V80/><F120/><W9/><G38/><T17/><D68/><U0/><E132/><V76/><F116/><W64/><G119/><T60/><D60/><U122/><E122/><V65/><F65/><W93/><G113/><T131/><D134/><U91/><E32/><V6/><F19/><W27/><G54/><T21/><D131/><U37/><E23/><V118/><F129/><W12/><G99/><T123/><D123/><U18/><E18/><V105/><F105/><W11/><G11/><T81/><D110/><U104/><E91/><V45/><F43/><W33/><G35/><T89/><D102/><U78/><E62/><V90/><F118/><W30/><G30/><T61/><D61/><U75/><E101/><V95/><F95/><W56/><G56/><T55/><D26/><U108/><E108/><V82/><F82/><W57/><G57/><T47/><REACH who="0" step="1"/><D55/><REACH who="0" ten="117,525,228,120" step="2"/><U112/><E112/><V20/><F58/><W7/><REACH who="3" step="1"/><G64/><REACH who="3" ten="117,525,228,110" step="2"/><T49/><D49/><U59/><E59/><V4/><F52/><W22/><G22/><T46/><D46/><U1/><E40/><V83/><F20/><W106/><G106/><T107/><D107/><U114/><E37/><V67/><F67/><W14/><G14/><T48/><D48/><U15/><E114/><V31/><F10/><W115/><G115/><T109/><D109/><U50/><E50/><V92/><F42/><W77/><G77/><T130/><D130/><U66/><E78/><N who="2" m="44111" /><F39/><W127/><AGARI ba="1,2" hai="7,9,12,27,29,33,69,70,71,93,96,103,124,127" machi="127" ten="40,8000,1" yaku="1,1,0,1,52,2,53,0" doraHai="133" doraHaiUra="41" who="3" fromWho="3" sc="117,-21,525,-41,228,-21,110,103" /><INIT seed="6,0,0,0,4,64" ten="96,484,207,213" oya="2" hai0="87,88,83,23,27,78,77,118,76,54,48,4,17" hai1="16,86,131,56,25,63,103,112,122,9,114,95,119" hai2="123,126,90,133,55,28,104,121,1,110,117,6,40" hai3="89,50,101,94,68,51,26,108,41,10,0,96,99"/><V129/><F28/><W47/><G108/><T2/><D2/><U109/><E119/><V65/><F40/><W39/><G68/><T105/><D105/><U120/><E109/><V3/><F65/><W36/><G39/><T134/><D134/><U60/><E131/><V42/><F42/><W79/><G79/><T102/><D4/><U46/><E46/><V53/><F90/><W111/><G111/><T52/><D118/><U58/><E103/><V71/><F6/><W43/><G26/><T66/><D66/><N who="1" m="39175" /><E95/><V82/><F82/><W34/><G34/><T29/><D102/><U8/><E86/><V70/><F117/><W69/><G69/><N who="2" m="26121" /><F110/><W13/><G43/><T18/><REACH who="0" step="1"/><D54/><REACH who="0" ten="86,484,207,213" step="2"/><N who="2" m="20490" /><F104/><W21/><G101/><T45/><AGARI ba="0,1" hai="17,18,23,27,29,45,48,52,76,77,78,83,87,88" machi="45" ten="30,8000,1" yaku="1,1,0,1,8,1,54,2,53,0" doraHai="64" doraHaiUra="100" who="0" fromWho="0" sc="86,90,484,-20,207,-40,213,-20" /><INIT seed="7,0,0,4,4,57" ten="176,464,167,193" oya="3" hai0="21,70,104,120,18,101,34,53,46,80,67,126,23" hai1="128,26,131,7,8,112,44,41,116,35,97,106,84" hai2="90,65,25,28,5,43,52,87,76,4,93,85,9" hai3="111,124,100,12,37,88,94,113,98,49,75,15,68"/><W14/><G37/><T66/><D70/><U127/><E112/><V55/><F65/><W72/><G113/><T125/><D120/><U91/><E116/><V110/><F43/><W73/><G68/><T69/><D69/><U63/><E63/><V133/><F110/><W130/><G111/><T50/><D34/><U78/><E78/><V64/><F64/><W83/><G124/><T20/><D80/><U114/><E114/><V134/><F76/><W58/><G130/><N who="1" m="49706" /><E106/><V117/><F87/><W122/><G122/><T33/><D33/><U51/><E97/><V17/><F17/><W62/><G49/><T11/><D101/><U71/><E71/><V36/><F36/><W89/><REACH who="3" step="1"/><G83/><REACH who="3" ten="176,464,167,183" step="2"/><T56/><D125/><U22/><E127/><V45/><F117/><W109/><G109/><T96/><D126/><U48/><E48/><V119/><F119/><W103/><G103/><T19/><D104/><U38/><E38/><V79/><F134/><W47/><G47/><T61/><D96/><U6/><E51/><V102/><F45/><W29/><G29/><T27/><D66/><AGARI ba="0,1" hai="12,14,15,58,62,66,72,73,75,88,89,94,98,100" machi="66" ten="50,12000,1" yaku="1,1,52,1,54,1,53,1" doraHai="57" doraHaiUra="54" who="3" fromWho="0" sc="176,-120,464,0,167,0,183,130" /><INIT seed="7,1,0,5,1,109" ten="56,464,167,313" oya="3" hai0="81,37,17,19,53,85,62,121,131,71,126,114,130" hai1="30,127,79,134,4,103,63,23,49,117,65,82,100" hai2="94,14,36,78,116,31,29,96,12,87,111,66,119" hai3="91,10,60,72,35,73,16,133,56,41,128,21,124"/><W77/><G35/><T34/><D34/><U38/><E38/><V50/><F36/><W27/><G128/><T101/><D121/><U39/><E39/><V18/><F66/><W74/><G133/><T80/><D126/><U98/><E117/><V106/><F106/><W102/><G102/><T110/><D110/><U68/><E103/><V118/><F50/><W113/><G113/><T52/><D37/><U135/><E4/><V112/><F111/><W92/><G124/><T55/><D101/><U8/><E8/><V0/><F87/><W122/><G122/><T48/><D48/><U3/><E49/><V33/><F78/><W26/><G27/><T45/><D45/><U123/><E3/><V70/><F70/><W24/><G26/><T54/><D85/><U83/><E123/><V51/><F51/><W84/><G41/><T32/><D32/><U125/><E82/><V11/><F94/><W132/><G132/><N who="1" m="50730" /><E23/><V75/><F96/><W89/><G91/><T120/><D120/><U61/><E61/><V43/><F75/><W67/><REACH who="3" step="1"/><G10/><REACH who="3" ten="56,464,167,303" step="2"/><T115/><N who="0" m="13312" /><DORA hai="99" /><T40/><D71/><U95/><E30/><N who="2" m="11275" /><F43/><W93/><G93/><T44/><D40/><U1/><E1/><V7/><F112/><N who="0" m="43050" /><D62/><U105/><E95/><V88/><F33/><W69/><G69/><T76/><D76/><AGARI ba="1,1" hai="16,21,24,56,60,67,72,73,74,76,77,84,89,92" machi="76" ten="40,18000,2" yaku="1,1,54,1,53,4" doraHai="109,99" doraHaiUra="107,58" who="3" fromWho="0" sc="56,-183,464,0,167,0,303,193" owari="-127,-62.7,464,26.4,167,-23.3,496,59.6" /></mjloggm>