<mjloggm ver="2.3"><GO type="41" lobby="0"/><UN n0="%E2%93%9D%4C%75%63%6B%79%4A" n1="%6C%65%6C%65%6C%65%35%36" n2="%E6%B8%85%E9%A2%A8%E6%98%8E%E6%9C%88" n3="%68%61%74%61%70%6F%6E" dan="18,15,14,15" rate="2212.39,1938.21,2035.45,2053.13" sx="M,M,M,M"/><TAIKYOKU oya="0"/><INIT seed="0,0,0,2,1,133" ten="250,250,250,250" oya="0" hai0="135,12,0,121,90,20,63,36,51,73,8,134,87" hai1="29,66,130,38,95,79,68,59,82,14,37,99,80" hai2="25,131,48,31,24,55,85,78,42,102,92,16,69" hai3="18,132,97,65,44,77,57,22,43,106,52,113,21"/><T35/><D36/><U54/><E130/><V27/><F69/><W76/><G113/><T3/><D73/><U122/><E122/><V125/><F131/><W56/><G132/><N who="0" m="50731" /><D63/><U7/><E29/><V129/><F42/><W100/><G65/><T53/><D20/><U45/><E66/><V109/><F109/><W62/><G22/><T50/><D35/><U94/><E95/><V101/><F31/><W126/><G57/><N who="0" m="32959" /><D50/><U6/><E68/><V89/><F129/><W32/><G32/><T15/><D121/><U120/><E45/><V103/><F78/><W28/><G28/><T128/><D15/><U67/><E67/><V49/><F49/><W11/><G11/><T115/><D115/><U34/><E34/><V96/><F48/><W75/><G75/><T71/><D71/><U61/><E38/><V123/><F123/><W108/><G44/><T86/><D128/><U104/><E120/><V112/><F55/><W23/><G43/><T114/><D114/><U17/><E37/><V117/><F27/><W39/><G39/><T4/><D87/><U10/><E61/><V118/><F25/><W26/><G23/><T1/><D86/><U30/><E54/><V58/><F58/><W88/><G56/><T84/><D84/><U13/><E59/><V46/><F46/><W83/><G62/><T127/><D90/><U110/><E14/><V119/><F112/><W9/><G88/><T64/><D64/><U81/><E13/><V70/><F70/><W111/><G21/><T116/><D116/><U40/><E40/><V107/><F118/><W74/><G74/><RYUUKYOKU ba="0,0" sc="250,30,250,-10,250,-10,250,-10" hai0="0,1,3,4,8,12,127" /><INIT seed="0,1,0,1,5,30" ten="280,240,240,240" oya="0" hai0="76,74,46,86,112,21,90,94,37,102,8,50,120" hai1="49,122,62,118,1,9,115,40,135,89,129,15,88" hai2="66,36,43,18,77,85,6,39,119,71,110,33,70" hai3="101,10,126,104,29,111,116,82,64,100,5,52,22"/><T103/><D37/><U53/><E118/><V23/><F6/><W133/><G111/><T91/><D120/><U97/><E122/><V51/><F110/><W34/><G126/><T19/><D112/><U125/><E125/><V113/><F113/><W27/><G133/><T81/><D91/><U84/><E115/><V57/><F119/><W79/><G116/><T128/><D128/><U99/><E1/><V17/><F77/><W98/><G100/><T132/><D8/><U44/><E135/><V25/><F85/><W0/><G64/><T38/><D38/><U58/><E129/><V11/><F11/><W28/><G28/><T92/><D94/><U4/><REACH who="1" step="1"/><E89/><REACH who="1" ten="280,230,240,240" step="2"/><V72/><F71/><W130/><G130/><T75/><D132/><U108/><E108/><V20/><F70/><W114/><G114/><T68/><D68/><U107/><E107/><V106/><F106/><W3/><G3/><T65/><D75/><U117/><E117/><V48/><F72/><W134/><G134/><T41/><REACH who="0" step="1"/><D65/><REACH who="0" ten="270,230,240,240" step="2"/><U59/><E59/><V24/><F66/><W13/><G104/><T12/><AGARI ba="1,2" hai="12,19,21,41,46,50,74,76,81,86,90,92,102,103" machi="12" ten="20,7800,0" yaku="1,1,2,1,0,1,7,1,53,0" doraHai="30" doraHaiUra="54" who="0" fromWho="0" sc="270,101,230,-27,240,-27,240,-27" /><INIT seed="0,2,0,5,2,2" ten="371,203,213,213" oya="0" hai0="109,92,14,35,96,81,69,107,135,80,22,71,41" hai1="43,23,132,0,98,85,125,31,128,127,6,131,117" hai2="123,103,24,56,104,38,39,21,67,106,105,100,52" hai3="89,59,114,115,51,10,49,82,94,65,5,18,55"/><T50/><D35/><U93/><E117/><V110/><F123/><W62/><G82/><T113/><D113/><U47/><E31/><V122/><F122/><W124/><G124/><N who="1" m="47690" /><E23/><V88/><F67/><W83/><G83/><T112/><D107/><U1/><E85/><V48/><F110/><W61/><G18/><T40/><D135/><U79/><E79/><V70/><F70/><W111/><G111/><T20/><D109/><U44/><E93/><V134/><F134/><W36/><G36/><T8/><D112/><U15/><E98/><V90/><F39/><W3/><G51/><T54/><D71/><U101/><E101/><V58/><F58/><W25/><G25/><T75/><D69/><U11/><E47/><V45/><F38/><W133/><G133/><T32/><D32/><U28/><E28/><V120/><F120/><W102/><G102/><N who="0" m="60679" /><D81/><U99/><E99/><V57/><F103/><W13/><G3/><N who="1" m="1098" /><E132/><V116/><F116/><W74/><G74/><T118/><D80/><U84/><E84/><V34/><F34/><W12/><G115/><T19/><D75/><U27/><E27/><V73/><F100/><W42/><G114/><T72/><D72/><U46/><E46/><V64/><F45/><W26/><G26/><T126/><D126/><U130/><E44/><V87/><F73/><W129/><G94/><T17/><D118/><U4/><E43/><N who="0" m="16457" /><D19/><AGARI ba="2,0" hai="4,6,11,15,19,128,130,131" m="1098,47690" machi="19" ten="40,12000,2" yaku="19,1,18,1,34,2,52,2" doraHai="2" who="1" fromWho="0" sc="371,-126,203,126,213,0,213,0" /><INIT seed="1,0,0,5,3,69" ten="245,329,213,213" oya="1" hai0="11,59,113,116,45,6,124,49,44,47,73,28,85" hai1="39,35,1,117,42,93,51,97,107,83,17,16,48" hai2="132,25,120,32,115,43,58,0,75,26,94,77,126" hai3="109,30,5,103,36,82,80,46,18,74,81,122,54"/><U38/><E117/><V105/><F58/><W90/><G122/><T41/><D73/><U31/><E1/><V129/><F94/><W100/><G109/><T108/><D113/><U98/><E107/><V12/><F43/><W123/><G123/><T76/><D124/><U53/><E83/><V20/><F77/><W29/><G74/><T34/><D34/><U24/><E42/><V131/><F20/><W89/><G5/><T111/><D28/><N who="3" m="10857" /><G36/><T8/><D11/><U37/><E51/><V10/><F12/><W2/><G2/><T118/><D85/><U68/><E68/><V99/><F99/><W72/><G72/><T19/><D19/><U15/><E93/><V63/><F10/><W55/><G18/><T121/><D76/><U3/><E3/><V57/><F105/><W112/><G112/><T134/><D134/><U87/><E87/><V102/><F0/><W78/><G78/><T9/><D9/><U33/><E17/><V92/><F132/><W88/><G46/><N who="0" m="18027" /><D8/><U64/><E35/><V22/><F32/><W23/><G23/><T61/><D6/><U106/><E106/><V95/><F22/><W27/><G27/><T56/><D121/><U79/><E79/><V135/><F120/><W65/><G65/><N who="0" m="39103" /><D56/><U50/><E98/><V130/><F57/><W7/><G7/><T14/><D14/><U125/><E97/><V133/><F75/><W104/><G104/><T71/><D71/><U60/><E33/><V52/><F135/><W4/><G4/><T84/><D84/><U110/><E15/><V62/><F133/><W128/><G128/><RYUUKYOKU ba="0,0" sc="245,15,329,-15,213,-15,213,15" hai0="41,47,49,108,111,116,118" hai3="54,55,80,81,82,88,89,90,100,103" /><INIT seed="2,1,0,1,5,21" ten="260,314,198,228" oya="2" hai0="48,28,34,117,91,81,102,39,54,74,67,6,114" hai1="25,121,76,101,98,116,93,61,80,63,124,9,82" hai2="68,104,14,128,132,135,12,27,92,66,113,49,83" hai3="105,52,30,96,84,72,29,118,73,122,18,50,47"/><V36/><F104/><W45/><G118/><T51/><D39/><U85/><E116/><V106/><F106/><W110/><G110/><T123/><D67/><U15/><E124/><V42/><F36/><W43/><G122/><T11/><D114/><U13/><E121/><V115/><F128/><W7/><G7/><T16/><D102/><U4/><E15/><N who="2" m="5675" /><F42/><W8/><G8/><T60/><D28/><U41/><E41/><V57/><F68/><W129/><G129/><T131/><D34/><U89/><REACH who="1" step="1"/><E25/><REACH who="1" ten="260,304,198,228" step="2"/><V24/><F115/><W31/><G43/><T125/><D123/><U0/><E0/><V20/><F113/><W87/><G18/><T103/><D16/><U119/><E119/><V120/><F120/><W126/><G126/><T10/><D125/><U134/><E134/><N who="2" m="51243" /><F20/><W77/><G31/><T69/><D117/><U99/><E99/><V37/><F37/><W62/><G96/><T40/><D40/><U86/><AGARI ba="1,1" hai="4,9,13,61,63,76,80,82,85,86,89,93,98,101" machi="86" ten="20,5200,0" yaku="1,1,0,1,7,1,8,1,53,0" doraHai="21" doraHaiUra="19" who="1" fromWho="1" sc="260,-14,304,65,198,-27,228,-14" /><INIT seed="3,0,0,2,3,35" ten="246,369,171,214" oya="3" hai0="63,127,126,122,16,92,4,85,102,83,109,11,105" hai1="73,135,58,97,128,103,104,95,134,36,80,7,57" hai2="28,96,6,100,40,34,86,49,23,116,24,75,2" hai3="121,98,52,53,44,0,90,130,133,25,76,51,9"/><W87/><G121/><T79/><D122/><U68/><E68/><V88/><F75/><W62/><G130/><T129/><D129/><U77/><E128/><V50/><F116/><W45/><G133/><N who="1" m="50698" /><E36/><V66/><F66/><W33/><G33/><T123/><D123/><U119/><E119/><V70/><F70/><W118/><G118/><T67/><D92/><U20/><E7/><V47/><F34/><W18/><G0/><T27/><D102/><U17/><E95/><V93/><F6/><W8/><G76/><T46/><D46/><U78/><E78/><V132/><F132/><W12/><G98/><T42/><D42/><U41/><E41/><V26/><F26/><AGARI ba="0,0" hai="17,20,26,57,58,73,77,80,97,103,104" m="50698" machi="26" ten="30,1000,0" yaku="20,1" doraHai="35" who="1" fromWho="2" sc="246,0,369,10,171,-10,214,0" /><INIT seed="4,0,0,0,4,6" ten="246,379,161,214" oya="0" hai0="58,86,131,133,25,116,40,104,120,114,51,21,90" hai1="39,94,129,72,89,96,105,46,93,81,91,60,127" hai2="79,13,64,88,63,26,74,109,16,130,34,45,18" hai3="54,53,17,68,113,132,106,61,14,3,55,92,134"/><T42/><D120/><U30/><E30/><V7/><F109/><W76/><G106/><T62/><D116/><U56/><E39/><V9/><F130/><W33/><G33/><T52/><D104/><U32/><E32/><V80/><F45/><W65/><G3/><T103/><D114/><U126/><E46/><V23/><F34/><W85/><G113/><T19/><D133/><U44/><E44/><V70/><REACH who="2" step="1"/><F88/><REACH who="2" ten="246,379,151,214" step="2"/><N who="3" m="53263" /><G76/><T37/><D131/><U124/><E91/><V10/><F10/><N who="3" m="6359" /><G68/><T67/><D37/><U48/><E89/><V15/><F15/><W4/><G4/><AGARI ba="0,1" hai="4,7,9,13,16,18,23,26,63,64,70,74,79,80" machi="4" ten="40,5200,0" yaku="1,1,52,1,54,1,53,0" doraHai="6" doraHaiUra="71" who="2" fromWho="3" sc="246,0,379,0,151,62,214,-52" /><INIT seed="5,0,0,4,4,61" ten="246,379,213,162" oya="1" hai0="23,114,89,113,42,124,21,95,125,17,131,33,51" hai1="7,11,16,69,97,53,88,71,20,84,22,107,0" hai2="133,68,111,28,117,52,91,86,24,77,128,123,31" hai3="9,121,44,10,66,74,70,3,72,12,64,40,81"/><U116/><E116/><V49/><F111/><W25/><G121/><T14/><D42/><U6/><E22/><V62/><F117/><W135/><G70/><T106/><D106/><U63/><E7/><V46/><F77/><W129/><G135/><T109/><D51/><U93/><E53/><V118/><F118/><W26/><G129/><T67/><D33/><U80/><E107/><V76/><F76/><W102/><G102/><T38/><D38/><U101/><REACH who="1" step="1"/><E63/><REACH who="1" ten="246,369,213,162" step="2"/><V103/><F62/><W36/><G3/><T94/><D23/><U78/><E78/><V99/><F52/><W105/><G105/><T87/><D21/><U126/><E126/><V4/><F4/><W37/><G40/><T32/><D125/><U122/><E122/><V56/><F123/><W41/><G41/><T39/><D124/><U8/><E8/><V35/><F35/><W15/><G81/><T1/><D32/><U45/><E45/><AGARI ba="0,1" hai="9,10,12,15,25,26,36,37,44,45,64,66,72,74" machi="45" ten="25,6400,0" yaku="22,2,52,2" doraHai="61" who="3" fromWho="1" sc="246,0,369,-64,213,0,162,74" /><INIT seed="6,0,0,4,1,43" ten="246,305,213,236" oya="2" hai0="86,68,5,55,121,54,127,66,50,26,48,87,131" hai1="64,70,108,14,118,42,18,53,1,60,58,92,7" hai2="111,31,62,25,94,37,22,3,114,21,44,80,112" hai3="129,82,24,115,28,99,10,71,41,101,38,81,29"/><V134/><F134/><W88/><G129/><T104/><D104/><U40/><E108/><V72/><F111/><W117/><G115/><N who="2" m="44073" /><F3/><W32/><G117/><T36/><D36/><U98/><E7/><V102/><F62/><W122/><G122/><T77/><D77/><U33/><E33/><N who="2" m="20719" /><F102/><W16/><G71/><T119/><D68/><U20/><E1/><V79/><F94/><N who="3" m="56775" /><G38/><T105/><D121/><U84/><E84/><V6/><F6/><W89/><G32/><T8/><D5/><U30/><E30/><N who="3" m="11882" /><G101/><T35/><D35/><U95/><E95/><V91/><F91/><W2/><G2/><T52/><D119/><U97/><E97/><V61/><F61/><W45/><G89/><T15/><D105/><U27/><E118/><V11/><F11/><W74/><G74/><T85/><D8/><U65/><E92/><V19/><F19/><W93/><G93/><T103/><D103/><U34/><E98/><V73/><F73/><W123/><G123/><T100/><D100/><U125/><E34/><V110/><F110/><W75/><G75/><T113/><D113/><U135/><E135/><V23/><F37/><W12/><G24/><T56/><D26/><U116/><E27/><V106/><F106/><W59/><G59/><T63/><D15/><U17/><E70/><V13/><F13/><W69/><G69/><T76/><D76/><U90/><E90/><V130/><F130/><W51/><AGARI ba="0,0" hai="10,12,16,41,45,51,81,82" m="11882,56775" machi="51" ten="30,7900,0" yaku="8,1,52,1,54,2" doraHai="43" who="3" fromWho="3" sc="246,-20,305,-20,213,-39,236,79" /><INIT seed="7,0,0,0,1,113" ten="226,285,174,315" oya="3" hai0="71,22,130,132,0,94,82,9,66,107,84,24,81" hai1="111,58,78,27,26,88,8,51,74,67,38,53,109" hai2="108,116,63,105,45,129,4,121,12,48,31,98,133" hai3="19,32,11,126,91,20,55,17,117,123,47,131,30"/><W23/><G123/><T60/><D107/><U127/><E38/><V10/><F108/><W103/><G117/><T124/><D124/><U119/><E119/><V99/><F121/><W40/><G126/><T68/><D130/><U102/><E102/><V37/><F37/><W61/><G131/><T13/><D0/><U100/><E100/><V18/><F129/><W80/><G32/><T62/><D132/><U79/><E127/><V85/><F133/><W90/><G40/><T101/><D62/><U56/><E79/><V122/><F122/><W73/><G73/><T41/><D41/><U28/><E8/><V52/><F105/><W39/><G39/><T6/><D71/><U21/><E27/><V29/><F116/><W64/><G11/><T87/><D87/><U25/><E25/><V118/><F118/><W92/><G30/><T57/><D68/><U42/><E42/><V72/><F72/><W65/><G103/><T75/><D75/><U114/><E114/><V77/><F4/><W104/><G90/><N who="0" m="53575" /><D101/><U36/><E88/><V106/><F106/><W5/><G91/><T69/><D69/><U1/><E1/><V33/><F33/><W96/><G96/><T59/><D59/><U16/><E28/><AGARI ba="0,0" hai="6,9,13,22,24,28,57,60,66,81,82" m="53575" machi="28" ten="30,1000,0" yaku="8,1" doraHai="113" who="0" fromWho="1" sc="226,10,285,-10,174,0,315,0" owari="236,-16.4,275,7.5,174,-32.6,315,41.5" /></mjloggm>