<mjloggm ver="2.3"><GO type="41" lobby="0"/><UN n0="%E9%99%BD%E6%B0%97%E3%81%AA%E3%82%AE%E3%83%A3%E3%83%B3%E3%82%B0" n1="%E2%93%9D%4C%75%63%6B%79%4A" n2="%E6%B7%B1%E5%A4%9C%E9%A3%9F%E5%A0%82" n3="%E5%8B%9D%E3%81%A1%E7%A2%BA%E3%83%AA%E3%83%BC%E3%83%81" dan="15,13,13,13" rate="1999.16,1897.70,1868.34,1885.11" sx="M,M,M,M"/><TAIKYOKU oya="0"/><INIT seed="0,0,0,3,5,20" ten="250,250,250,250" oya="0" hai0="122,107,64,40,99,123,71,113,29,104,133,28,58" hai1="88,18,70,76,56,135,30,78,16,84,108,43,4" hai2="117,55,67,61,130,17,96,94,36,34,44,8,45" hai3="69,90,59,121,75,63,50,38,119,79,83,73,111"/><T103/><D113/><U89/><E70/><V42/><F34/><W5/><G111/><T13/><D71/><U91/><E108/><V132/><F132/><W100/><G119/><T21/><D133/><U24/><E135/><V27/><F117/><W33/><G38/><T1/><D1/><U77/><E4/><V39/><F130/><W80/><G121/><T128/><D128/><U3/><E3/><V41/><F8/><W134/><G134/><T66/><D40/><U7/><E7/><V2/><F2/><W23/><G69/><T126/><D126/><U15/><E43/><V12/><F55/><W51/><G100/><T46/><D46/><U127/><E127/><V31/><F31/><W65/><G5/><T52/><D107/><U57/><E84/><V106/><F106/><W97/><G75/><T124/><D124/><U81/><E81/><V35/><F35/><W114/><G114/><T37/><D37/><U86/><E86/><V93/><F96/><W49/><G23/><T47/><D47/><U98/><E98/><V62/><F12/><W101/><G97/><T32/><D32/><U95/><E95/><V26/><F17/><N who="1" m="6761" /><E15/><V105/><F105/><W115/><G115/><T110/><D110/><U116/><E116/><V10/><F10/><W120/><G33/><T102/><D102/><U109/><E109/><V53/><F53/><W68/><G101/><T25/><D13/><U11/><E11/><V131/><F131/><W60/><G120/><N who="0" m="46123" /><D29/><U9/><E9/><V118/><F118/><W6/><G6/><T85/><D85/><U14/><E14/><RYUUKYOKU ba="0,0" sc="250,10,250,10,250,10,250,-30" hai0="21,25,28,52,58,64,66,99,103,104" hai1="24,30,56,57,76,77,78,88,89,91" hai2="26,27,36,39,41,42,44,45,61,62,67,93,94" /><INIT seed="0,1,0,3,3,68" ten="260,260,260,220" oya="0" hai0="63,123,37,79,57,98,95,87,30,34,86,33,13" hai1="4,3,17,10,70,133,7,25,110,90,12,108,8" hai2="135,65,24,75,93,49,52,129,26,20,29,69,39" hai3="9,0,111,43,41,99,21,80,103,130,60,67,6"/><T40/><D123/><U132/><E70/><V127/><F129/><W77/><G111/><N who="1" m="42538" /><E90/><V47/><F135/><N who="1" m="51785" /><E25/><V73/><F127/><W82/><G21/><T115/><D115/><U46/><E46/><V44/><F93/><W84/><G82/><T97/><D13/><U58/><E58/><V55/><F26/><W81/><G81/><T22/><D22/><U102/><E102/><V72/><F69/><W31/><G31/><T114/><D114/><U116/><E116/><V118/><F118/><W112/><G130/><T42/><D30/><U5/><AGARI ba="1,0" hai="3,4,5,7,8,10,12,17" m="51785,42538" machi="5" ten="40,8000,1" yaku="14,1,20,1,34,2" doraHai="68" who="1" fromWho="1" sc="260,-41,260,83,260,-21,220,-21" /><INIT seed="1,0,0,3,1,83" ten="219,343,239,199" oya="1" hai0="126,25,40,82,90,24,35,17,58,32,34,62,23" hai1="96,27,114,97,46,123,33,116,22,122,44,43,45" hai2="12,77,19,18,115,103,38,52,5,66,131,0,129" hai3="105,128,75,81,100,55,47,113,112,54,107,31,79"/><U109/><E116/><V48/><F115/><W11/><G128/><N who="2" m="49225" /><F38/><W91/><G31/><T76/><D126/><U93/><E114/><V41/><F0/><W84/><G11/><T134/><D134/><U51/><E33/><V1/><F1/><W16/><G55/><T119/><D119/><U127/><E127/><V95/><F66/><W53/><G53/><T68/><D68/><U101/><E109/><V26/><F41/><W28/><G28/><T133/><D133/><U2/><E2/><V73/><F26/><W36/><G100/><T72/><D90/><U59/><E97/><N who="2" m="59839" /><F73/><W120/><G120/><T30/><D40/><U20/><E123/><V98/><F98/><W49/><G36/><T56/><D56/><U21/><E122/><V64/><F64/><AGARI ba="0,0" hai="17,23,24,25,30,32,34,35,58,62,64,72,76,82" machi="64" ten="30,1000,0" yaku="7,1" doraHai="83" who="0" fromWho="2" sc="219,10,343,0,239,-10,199,0" /><INIT seed="2,0,0,3,0,37" ten="229,343,229,199" oya="2" hai0="63,72,27,3,111,86,100,115,2,92,59,31,134" hai1="95,71,60,85,7,15,61,112,49,1,67,56,76" hai2="126,83,121,9,80,20,78,133,23,54,98,43,8" hai3="128,66,110,65,79,109,29,104,6,28,68,119,51"/><V113/><F121/><W25/><G119/><T12/><D111/><N who="3" m="42505" /><G128/><T46/><D134/><U69/><E1/><V122/><F113/><W45/><G104/><T0/><D72/><U11/><E112/><V120/><F133/><W73/><G68/><T41/><D115/><U38/><E38/><V108/><F108/><W57/><G57/><T90/><D100/><U75/><E75/><V18/><F126/><W26/><G6/><T40/><D12/><U17/><E61/><V102/><F122/><W34/><G79/><T82/><D82/><U10/><E49/><V21/><F120/><W118/><G73/><T132/><D46/><U33/><E33/><V106/><F54/><N who="3" m="30063" /><G118/><T127/><D127/><U70/><E76/><V101/><F101/><W77/><G77/><T91/><D91/><U44/><E44/><V13/><F8/><W39/><G39/><T123/><D132/><U117/><E117/><V50/><F78/><W96/><G96/><T4/><D4/><U88/><E11/><V64/><F64/><W105/><G105/><T130/><D130/><U114/><E114/><V135/><F135/><W124/><G124/><T125/><D125/><U74/><E74/><V32/><F32/><AGARI ba="0,0" hai="25,26,28,29,32,34,65,66" m="30063,42505" machi="32" ten="30,1000,0" yaku="14,1" doraHai="37" who="3" fromWho="2" sc="229,0,343,0,229,-10,199,10" /><INIT seed="3,0,0,2,2,59" ten="229,343,219,209" oya="3" hai0="92,95,73,82,43,113,119,24,108,1,56,9,112" hai1="83,45,38,77,84,62,44,48,109,87,72,74,96" hai2="130,51,114,93,67,116,110,118,28,133,70,100,7" hai3="19,10,129,125,54,105,40,39,120,37,117,61,60"/><W8/><G120/><T85/><D108/><U17/><E109/><V25/><F110/><W26/><G117/><T111/><D111/><U0/><E0/><V41/><F114/><W131/><G105/><T69/><D69/><U29/><E29/><V53/><F133/><W89/><G125/><T49/><D73/><U122/><E122/><V35/><F130/><N who="3" m="49675" /><G89/><T78/><D119/><U5/><E5/><V11/><F41/><W107/><G107/><T97/><D24/><U2/><E2/><V71/><F118/><W3/><G54/><T52/><D43/><U64/><E74/><V86/><F116/><W12/><G26/><T18/><D95/><U27/><E96/><V36/><F36/><N who="3" m="13899" /><G40/><T91/><D1/><U123/><E38/><V14/><F67/><W16/><G19/><T15/><AGARI ba="0,0" hai="9,15,18,49,52,56,78,82,85,91,92,97,112,113" machi="15" ten="30,2000,0" yaku="0,1,54,1" doraHai="59" who="0" fromWho="0" sc="229,20,343,-5,219,-5,209,-10" /><INIT seed="4,0,0,0,2,26" ten="249,338,214,199" oya="0" hai0="129,18,70,98,35,27,49,44,96,109,42,125,94" hai1="6,47,60,53,127,34,104,114,62,7,133,14,99" hai2="103,71,81,67,64,102,46,25,119,87,61,92,24" hai3="106,93,68,54,118,108,23,74,88,66,33,73,107"/><T17/><D70/><U90/><E34/><V3/><F119/><W113/><G113/><T135/><D135/><U37/><E104/><V126/><F126/><W57/><G108/><T13/><D125/><U115/><E127/><V105/><F105/><W111/><G111/><T55/><D129/><U76/><E76/><V112/><F112/><N who="1" m="43049" /><E14/><V78/><F3/><W9/><G33/><T22/><D109/><U123/><E123/><V100/><F67/><W85/><G118/><T0/><D0/><U16/><E90/><V41/><REACH who="2" step="1"/><F92/><REACH who="2" ten="249,338,204,199" step="2"/><W117/><G107/><T28/><D94/><U51/><E133/><V84/><F84/><W48/><G106/><T72/><D72/><U128/><E128/><V79/><F79/><W31/><G74/><T5/><D5/><U86/><E7/><V132/><F132/><W45/><G73/><T30/><D18/><U97/><E16/><V101/><N who="2" m="25600" /><DORA hai="39" /><V59/><F59/><W52/><G66/><T63/><D30/><U120/><E6/><V83/><F83/><W89/><G68/><T110/><D110/><U10/><E120/><V95/><F95/><W38/><G31/><T91/><D91/><U65/><E65/><V122/><F122/><W4/><G89/><T43/><REACH who="0" step="1"/><D63/><REACH who="0" ten="239,338,204,199" step="2"/><U130/><E62/><V116/><F116/><W1/><G117/><T19/><D19/><U11/><E130/><V2/><F2/><W20/><REACH who="3" step="1"/><G38/><AGARI ba="0,2" hai="24,25,38,41,46,61,64,71,78,81,87" m="25600" machi="38" ten="50,3200,0" yaku="1,1,52,1,53,0" doraHai="26,39" doraHaiUra="29,15" who="2" fromWho="3" sc="239,0,338,0,204,52,199,-32" /><INIT seed="5,0,0,0,4,27" ten="239,338,256,167" oya="1" hai0="65,61,79,15,76,44,128,28,70,118,123,20,71" hai1="108,10,82,130,30,14,75,124,133,17,6,112,72" hai2="51,126,68,122,47,52,60,96,3,34,1,32,125" hai3="43,64,59,41,8,98,113,16,31,56,9,54,77"/><U0/><E108/><V50/><F122/><W58/><G113/><T57/><D118/><U22/><E112/><V129/><F96/><W33/><G77/><T4/><D128/><U111/><E111/><V88/><F129/><W40/><G64/><T23/><D123/><U13/><E130/><V42/><F68/><W119/><G119/><T93/><D70/><U21/><E82/><V116/><F116/><W53/><G98/><T35/><D35/><U83/><E83/><V91/><F60/><W46/><G33/><T89/><D71/><U48/><E48/><V7/><F7/><W94/><G94/><T110/><D110/><U36/><E36/><V62/><F62/><W135/><G135/><T115/><D44/><U121/><E124/><N who="2" m="47723" /><F34/><W2/><G46/><T19/><D4/><U29/><E121/><V25/><F1/><W117/><G117/><T120/><D115/><U97/><E133/><V127/><F3/><W104/><G104/><T26/><REACH who="0" step="1"/><D120/><REACH who="0" ten="229,338,256,167" step="2"/><U132/><E132/><V85/><F127/><W12/><G2/><T100/><D100/><U106/><E0/><V63/><F32/><W55/><REACH who="3" step="1"/><G31/><REACH who="3" ten="229,338,256,157" step="2"/><T73/><D73/><U92/><E75/><V67/><F85/><AGARI ba="0,2" hai="15,19,20,23,26,28,57,61,65,76,79,85,89,93" machi="85" ten="30,7700,0" yaku="1,1,7,1,8,1,52,1,53,0" doraHai="27" doraHaiUra="103" who="0" fromWho="2" sc="229,97,338,0,256,-77,157,0" /><INIT seed="6,0,0,5,2,48" ten="326,338,179,157" oya="2" hai0="118,10,35,3,57,30,56,12,60,104,131,88,11" hai1="13,81,16,76,67,78,47,130,107,41,17,119,25" hai2="84,34,42,63,4,73,27,2,61,21,32,91,134" hai3="96,132,0,45,1,54,87,26,55,121,94,106,100"/><V124/><F73/><W90/><G121/><T24/><D104/><U39/><E119/><V97/><F134/><W69/><G69/><T62/><D131/><U113/><E107/><V75/><F75/><W18/><G132/><T68/><D118/><U86/><E130/><V53/><F124/><W105/><G105/><T74/><D74/><U112/><E67/><V82/><F42/><W92/><G106/><T122/><D122/><U72/><E25/><V44/><F34/><W111/><G111/><T127/><D127/><U80/><REACH who="1" step="1"/><E13/><REACH who="1" ten="326,328,179,157" step="2"/><V125/><F125/><W120/><G120/><T19/><D68/><U33/><E33/><V50/><F32/><W14/><G26/><T115/><D3/><U38/><E38/><V128/><F128/><W71/><G71/><T85/><D115/><AGARI ba="0,1" hai="16,17,39,41,47,72,76,78,80,81,86,112,113,115" machi="115" ten="40,12000,2" yaku="1,1,15,1,54,1,53,3" doraHai="48" doraHaiUra="110" who="1" fromWho="0" sc="326,-120,328,130,179,0,157,0" /><INIT seed="7,0,0,3,3,51" ten="206,458,179,157" oya="3" hai0="118,29,108,26,89,47,86,104,126,135,96,39,12" hai1="6,0,56,109,92,106,13,75,46,94,82,48,18" hai2="35,60,8,28,38,113,99,107,115,3,127,65,74" hai3="30,129,19,50,68,117,81,112,43,55,131,21,90"/><W69/><G112/><N who="2" m="43081" /><F127/><W23/><G117/><T125/><D108/><U66/><E6/><N who="2" m="1119" /><F74/><W58/><G43/><T9/><D118/><U116/><E106/><V33/><F38/><W119/><G30/><T36/><D135/><U124/><E56/><V76/><F76/><W78/><G90/><T72/><D72/><U32/><E66/><V25/><F60/><W105/><G105/><T95/><D47/><U77/><E32/><N who="2" m="20495" /><F65/><W57/><G57/><T102/><D125/><U17/><E18/><V93/><F93/><W98/><G98/><T101/><D101/><AGARI ba="0,0" hai="33,35,99,101,107" m="20495,1119,43081" machi="101" ten="30,2000,0" yaku="15,1,23,1" doraHai="51" who="2" fromWho="0" sc="206,-20,458,0,179,20,157,0" owari="186,-21.4,458,55.8,199,-0.1,157,-34.3" /></mjloggm>