<mjloggm ver="2.3"><GO type="41" lobby="0"/><UN n0="%6D%69%6B%75%36%31%38" n1="%E3%82%A8%E3%83%A0%E3%82%BA%E3%82%AC%E3%83%BC%E3%83%87%E3%83%B3" n2="%E5%9F%8E%E5%8F%A3" n3="%E2%93%9D%4C%75%63%6B%79%4A" dan="15,13,14,17" rate="2082.20,1830.27,1909.55,2176.33" sx="M,M,M,M"/><TAIKYOKU oya="0"/><INIT seed="0,0,0,1,2,25" ten="250,250,250,250" oya="0" hai0="39,111,84,131,11,102,43,56,119,41,58,32,90" hai1="31,71,130,112,12,2,110,28,57,30,4,94,6" hai2="50,34,85,124,76,83,77,7,105,133,23,46,1" hai3="106,62,82,69,87,115,93,98,74,128,126,44,8"/><T15/><D119/><U37/><E71/><V51/><F34/><W88/><G115/><T100/><D131/><U134/><E37/><V125/><F105/><W122/><G128/><T5/><D111/><U89/><E130/><V60/><F133/><W10/><G126/><N who="2" m="48745" /><F77/><W22/><G122/><T59/><D32/><U38/><E38/><V66/><F23/><W117/><G117/><T103/><REACH who="0" step="1"/><D39/><REACH who="0" ten="240,250,250,250" step="2"/><U3/><E134/><V52/><F50/><W121/><G121/><T104/><D104/><U0/><E110/><V55/><F1/><W91/><G106/><T72/><D72/><U35/><E112/><V27/><F7/><W78/><G74/><T18/><D18/><U108/><E108/><V53/><F27/><W24/><G24/><T101/><N who="0" m="25600" /><DORA hai="29" /><T114/><D114/><U118/><E118/><V21/><F21/><W129/><G22/><T67/><D67/><U17/><E35/><V92/><F92/><AGARI ba="0,1" hai="5,11,15,41,43,56,58,59,84,90,92" m="25600" machi="92" ten="50,4800,0" yaku="1,1,8,1,53,0" doraHai="25,29" doraHaiUra="127,14" who="0" fromWho="2" sc="240,58,250,0,250,-48,250,0" /><INIT seed="0,1,0,0,3,102" ten="298,250,202,250" oya="0" hai0="98,128,43,16,63,24,121,49,115,65,21,71,27" hai1="55,15,31,41,125,90,17,96,73,116,39,111,52" hai2="93,110,83,35,61,114,105,64,1,11,4,6,106" hai3="56,68,20,30,8,62,0,91,48,133,2,94,117"/><T84/><D115/><U38/><E116/><V134/><F114/><W33/><G68/><T47/><D121/><U9/><E73/><V88/><F35/><W5/><G117/><T107/><D128/><U74/><E74/><V25/><F110/><W80/><G33/><T103/><REACH who="0" step="1"/><D84/><REACH who="0" ten="288,250,202,250" step="2"/><U59/><E111/><V104/><F134/><W29/><G133/><T135/><D135/><U120/><E120/><V67/><F4/><W101/><G5/><T86/><D86/><U32/><E125/><V69/><F67/><W95/><G2/><T82/><D82/><U109/><E109/><V81/><REACH who="2" step="1"/><F25/><AGARI ba="1,1" hai="16,21,24,25,27,43,47,49,63,65,71,98,103,107" machi="25" ten="30,11600,0" yaku="1,1,7,1,52,1,54,1,53,0" doraHai="102" doraHaiUra="28" who="0" fromWho="2" sc="288,129,250,0,202,-119,250,0" /><INIT seed="0,2,0,0,0,56" ten="417,250,83,250" oya="0" hai0="9,33,16,32,1,90,113,58,13,123,109,43,63" hai1="28,94,44,60,118,128,49,85,129,45,41,84,119" hai2="26,107,130,59,111,75,71,77,61,76,79,7,97" hai3="52,51,30,124,4,95,88,83,122,115,110,3,131"/><T104/><D113/><U50/><E28/><V36/><F71/><W112/><G110/><T101/><D123/><U20/><E20/><V126/><F36/><W57/><G122/><T68/><D68/><U18/><E18/><V39/><F39/><W8/><G131/><N who="1" m="50250" /><E94/><V31/><F130/><W25/><G124/><T66/><D109/><U78/><E78/><V80/><F111/><W24/><G83/><T53/><D43/><N who="1" m="24735" /><E60/><V105/><F126/><W48/><G51/><T135/><D135/><U62/><E62/><V117/><F117/><AGARI ba="2,0" hai="41,45,50,84,85,117,118,119" m="24735,50250" machi="117" ten="30,1000,0" yaku="19,1" doraHai="56" who="1" fromWho="2" sc="417,0,250,16,83,-16,250,0" /><INIT seed="1,0,0,1,1,59" ten="417,266,67,250" oya="1" hai0="34,85,52,35,96,121,118,88,48,79,67,36,8" hai1="14,1,3,80,26,130,131,38,93,110,9,10,111" hai2="127,55,75,116,109,2,104,134,24,20,15,29,43" hai3="56,119,13,98,70,31,42,102,132,39,89,120,107"/><U66/><E38/><V45/><F116/><W114/><G114/><T41/><D118/><U54/><E80/><V37/><F2/><N who="1" m="521" /><E66/><V84/><F75/><W125/><G31/><T49/><D121/><U50/><E93/><V27/><F104/><W103/><G125/><T81/><D36/><U95/><E95/><V117/><F117/><W44/><G132/><T23/><D67/><U99/><E99/><V51/><F127/><W124/><G120/><T112/><D112/><U90/><E90/><V22/><F134/><W11/><G124/><T63/><D35/><U129/><E26/><V46/><F109/><N who="1" m="41481" /><E14/><V91/><F15/><W32/><G89/><T94/><D34/><U61/><E61/><V115/><F115/><W82/><G13/><T4/><D41/><U105/><E105/><V33/><REACH who="2" step="1"/><F27/><REACH who="2" ten="417,266,57,250" step="2"/><W62/><G107/><T30/><D96/><U126/><E126/><V40/><F40/><W53/><G42/><T128/><D85/><U17/><E17/><V122/><F122/><W21/><G119/><T68/><D68/><U28/><E28/><V47/><F47/><AGARI ba="0,1" hai="9,10,47,50,54,129,130,131" m="41481,521" machi="47" ten="40,7700,0" yaku="19,1,14,1,10,1" doraHai="59" who="1" fromWho="2" sc="417,0,266,87,57,-77,250,0" owari="417,51.7,353,15.3,-20,-52.0,250,-15.0" /></mjloggm>