<mjloggm ver="2.3"><GO type="41" lobby="0"/><UN n0="%E3%81%95%E3%81%8B%E3%81%8D%E3%81%B0%E3%82%89%E3%81%97%E3%82%93%E3%82%84" n1="%E3%83%A1%E3%82%AC%E3%83%8D%E6%8B%AD%E3%81%8D%E3%81%AE%E6%86%82%E9%AC%B1" n2="%E7%8B%82%E3%81%A3%E3%81%9F%E9%B7%B9" n3="%E2%93%9D%4C%75%63%6B%79%4A" dan="15,14,15,16" rate="1941.79,1902.55,2035.44,2158.52" sx="M,M,M,M"/><TAIKYOKU oya="0"/><INIT seed="0,0,0,5,4,134" ten="250,250,250,250" oya="0" hai0="103,29,121,58,111,120,84,102,117,68,95,92,127" hai1="11,113,81,40,2,97,119,129,67,73,37,59,33" hai2="100,80,108,135,112,65,23,62,115,6,24,63,74" hai3="66,16,49,54,124,3,35,75,69,109,27,8,125"/><T55/><D68/><U126/><E119/><V22/><F135/><W122/><G75/><T41/><D117/><U39/><E59/><V43/><F108/><W78/><G78/><T90/><D111/><U57/><E97/><V130/><F130/><W21/><G109/><T105/><D105/><U70/><E57/><V96/><F43/><W15/><G122/><T12/><D41/><U79/><E129/><V104/><F6/><N who="3" m="1119" /><G66/><T98/><D103/><U116/><E116/><V42/><F42/><W107/><G69/><T0/><D0/><U72/><E72/><V34/><F63/><W28/><G107/><T26/><D12/><U85/><E85/><V94/><F23/><W17/><G17/><T18/><D127/><U4/><E126/><V132/><F22/><W99/><G99/><T48/><REACH who="0" step="1"/><D18/><REACH who="0" ten="240,250,250,250" step="2"/><U88/><E40/><V131/><F132/><W50/><G50/><T123/><D123/><U128/><E128/><V87/><F104/><W118/><G118/><T20/><AGARI ba="0,1" hai="20,26,29,48,55,58,84,90,92,95,98,102,120,121" machi="20" ten="20,7800,0" yaku="1,1,0,1,7,1,53,1" doraHai="134" doraHaiUra="83" who="0" fromWho="0" sc="240,88,250,-26,250,-26,250,-26" /><INIT seed="0,1,0,2,1,93" ten="328,224,224,224" oya="0" hai0="108,91,114,106,40,82,69,68,46,21,6,56,19" hai1="116,47,39,51,14,63,120,70,98,72,90,64,110" hai2="30,86,60,101,109,26,96,23,49,55,67,123,42" hai3="107,100,10,102,32,94,125,50,66,122,115,92,48"/><T135/><D114/><U5/><E116/><V88/><F123/><W121/><G115/><T8/><D135/><U131/><E120/><V37/><F109/><W62/><G32/><T41/><D108/><U77/><E131/><V118/><F118/><W76/><G76/><T134/><D134/><U117/><E110/><V65/><F37/><W97/><G107/><T9/><D41/><U99/><E117/><V28/><F42/><W74/><G74/><T126/><D126/><U27/><E90/><V45/><F30/><W1/><G125/><T20/><D20/><U43/><E27/><V58/><F67/><W104/><G104/><T4/><D56/><U24/><E24/><V57/><F57/><W18/><G1/><T61/><D106/><U71/><E71/><V3/><F3/><W128/><G128/><T132/><D132/><U0/><E14/><V89/><REACH who="2" step="1"/><F86/><REACH who="2" ten="328,224,214,224" step="2"/><W105/><G122/><T129/><D69/><U78/><E78/><V11/><F11/><W54/><G10/><T52/><D68/><U111/><E111/><V53/><F53/><W112/><G54/><T29/><D29/><U83/><E51/><V34/><F34/><W81/><G50/><N who="0" m="26951" /><D9/><AGARI ba="1,1" hai="0,5,9,39,43,47,63,64,70,72,77,83,98,99" machi="9" ten="40,8000,1" yaku="25,2,52,2" doraHai="93" who="1" fromWho="0" sc="328,-83,224,93,214,0,224,0" /><INIT seed="1,0,0,1,0,14" ten="245,317,214,224" oya="1" hai0="93,45,107,74,102,68,7,62,53,23,63,16,99" hai1="26,58,135,116,128,25,85,57,60,97,17,43,108" hai2="21,117,10,91,8,44,54,113,11,132,127,75,76" hai3="50,134,94,3,72,118,20,15,70,131,87,28,80"/><U121/><E116/><V106/><F117/><W84/><G118/><T92/><D74/><U71/><E121/><V104/><F113/><W24/><G70/><T83/><D7/><U120/><E120/><V49/><F132/><W59/><G3/><T64/><D83/><U126/><E43/><V37/><F127/><W61/><G131/><T129/><D129/><U55/><E128/><V4/><F37/><W36/><G36/><T51/><REACH who="0" step="1"/><D63/><REACH who="0" ten="235,317,214,224" step="2"/><N who="1" m="36287" /><E71/><V32/><F4/><W6/><G6/><T125/><D125/><U119/><E126/><V105/><F75/><W82/><G72/><T19/><D19/><U78/><E119/><V66/><F76/><W39/><G61/><T81/><D81/><BYE who="0" /><N who="1" m="47287" /><E135/><V115/><F115/><W13/><G82/><T67/><D67/><N who="1" m="39319" /><E108/><V27/><F66/><W101/><G80/><T69/><D69/><U40/><E40/><UN n0="%E3%81%95%E3%81%8B%E3%81%8D%E3%81%B0%E3%82%89%E3%81%97%E3%82%93%E3%82%84" /><V89/><REACH who="2" step="1"/><F32/><REACH who="2" ten="235,317,204,224" step="2"/><W30/><G134/><T33/><D33/><U96/><E26/><AGARI ba="0,2" hai="16,23,26,45,51,53,62,64,68,92,93,99,102,107" machi="26" ten="30,7700,0" yaku="1,1,7,1,52,1,54,1,53,0" doraHai="14" doraHaiUra="34" who="0" fromWho="1" sc="235,97,317,-77,204,0,224,0" /><INIT seed="2,0,0,5,1,98" ten="332,240,204,224" oya="2" hai0="46,48,103,22,51,2,112,125,70,11,105,38,20" hai1="66,47,93,134,100,27,84,15,116,92,128,118,69" hai2="19,9,42,12,117,62,58,120,89,115,129,3,23" hai3="91,72,13,108,31,87,130,18,78,68,56,17,85"/><V110/><F115/><W73/><G68/><T90/><D112/><U86/><E66/><V123/><F117/><W106/><G31/><T1/><D70/><U54/><E69/><V63/><F129/><W107/><G13/><T34/><D34/><U97/><E27/><V4/><F110/><W25/><G25/><T74/><D74/><N who="3" m="28777" /><G56/><T40/><D48/><N who="1" m="28959" /><E128/><V96/><F42/><W121/><G18/><T80/><D38/><U21/><E134/><V37/><F37/><W49/><G17/><T35/><D35/><U131/><E131/><V65/><F63/><W43/><G43/><T114/><D114/><U36/><E36/><V61/><F61/><W30/><G30/><T75/><D75/><U5/><E118/><V119/><F119/><W111/><G49/><T24/><D11/><N who="1" m="4591" /><E116/><V26/><F3/><W52/><G121/><T127/><D22/><U0/><E0/><V59/><F59/><W53/><G53/><T71/><D71/><U101/><E21/><V104/><REACH who="2" step="1"/><F89/><REACH who="2" ten="332,240,194,224" step="2"/><W81/><G130/><T45/><D2/><U135/><E135/><V41/><F41/><W16/><G111/><T60/><D1/><U44/><E44/><V88/><F88/><W109/><G109/><T55/><D46/><U83/><E83/><V79/><F79/><W67/><G78/><T76/><D90/><N who="1" m="53319" /><E86/><V77/><F77/><W50/><G87/><N who="0" m="48519" /><D40/><U33/><E33/><V126/><F126/><W82/><G108/><T102/><D125/><U57/><E57/><V113/><F113/><W8/><G85/><T95/><D127/><U10/><E10/><V64/><F64/><RYUUKYOKU ba="0,1" sc="332,-15,240,15,194,15,224,-15" hai1="93,97,100,101" hai2="4,9,12,19,23,26,58,62,65,96,104,120,123" /><INIT seed="2,1,1,3,1,120" ten="317,255,209,209" oya="2" hai0="79,100,21,19,115,117,73,13,68,58,113,45,87" hai1="105,110,3,23,112,10,18,46,63,80,125,70,41" hai2="59,98,127,30,31,99,93,8,77,62,25,131,39" hai3="27,124,37,130,61,107,92,49,51,94,108,84,119"/><V34/><F127/><W1/><G37/><T50/><D68/><U33/><E105/><V32/><F131/><W38/><G38/><T54/><D117/><U17/><E112/><V57/><F39/><W118/><G107/><T5/><D100/><U7/><E125/><V36/><F36/><W121/><G124/><T129/><D129/><U134/><E33/><V81/><F8/><W67/><G27/><T72/><D45/><U126/><E126/><V65/><F31/><W132/><G84/><T15/><D87/><U97/><E18/><V22/><F57/><W35/><G121/><T56/><D56/><U43/><E97/><V96/><REACH who="2" step="1"/><F93/><REACH who="2" ten="317,255,199,209" step="2"/><W123/><G94/><T52/><D58/><U75/><E70/><V104/><F104/><W106/><G92/><T91/><D113/><U133/><E63/><V135/><F135/><N who="1" m="51721" /><E46/><V55/><F55/><W95/><G106/><T102/><D54/><U4/><E4/><V66/><F66/><W12/><G67/><T14/><D52/><U64/><E64/><V74/><AGARI ba="1,2" hai="22,25,30,32,34,59,62,65,74,77,81,96,98,99" machi="74" ten="30,3000,0" yaku="1,1,0,1,53,0" doraHai="120" doraHaiUra="85" who="2" fromWho="2" sc="317,-11,255,-11,199,53,209,-11" /><INIT seed="2,2,0,1,5,116" ten="306,244,252,198" oya="2" hai0="77,128,109,74,40,113,102,83,95,105,72,53,103" hai1="86,112,10,9,122,120,49,61,69,91,0,126,27" hai2="42,46,28,62,132,11,89,54,22,110,30,100,13" hai3="59,51,88,90,8,123,65,38,29,71,85,131,96"/><V67/><F132/><W82/><G38/><T1/><D1/><U64/><E112/><V94/><F110/><W21/><G71/><T19/><D40/><U92/><E126/><V15/><F100/><W48/><G131/><T25/><D113/><U55/><E27/><V76/><F76/><W50/><G123/><N who="1" m="47146" /><E0/><V114/><F54/><W43/><G8/><T16/><D25/><U37/><E37/><V93/><F93/><N who="3" m="56375" /><G29/><T35/><D105/><U33/><E33/><V108/><F22/><W79/><G21/><T124/><D35/><U68/><E68/><V104/><F15/><W56/><G65/><T98/><D124/><U129/><E129/><V14/><F14/><W73/><G73/><T20/><D109/><U63/><E63/><V58/><F104/><W47/><G51/><T107/><D107/><U135/><E135/><V31/><F108/><W34/><G50/><T99/><D74/><U118/><E118/><V66/><F114/><W26/><G26/><T70/><D70/><U5/><E5/><V115/><F115/><W2/><G2/><T121/><D128/><U60/><E60/><V75/><F75/><W39/><G39/><T78/><D121/><U101/><E101/><V106/><F106/><W17/><G17/><T32/><D32/><U134/><E134/><V6/><F31/><W24/><G79/><N who="0" m="44519" /><D19/><U7/><E7/><V97/><F30/><W45/><G47/><AGARI ba="2,0" hai="9,10,47,49,55,61,64,69,86,91,92" m="47146" machi="47" ten="30,7700,0" yaku="13,1,52,3" doraHai="116" who="1" fromWho="3" sc="306,0,244,83,252,0,198,-83" /><INIT seed="3,0,0,3,0,15" ten="306,327,252,115" oya="3" hai0="135,53,4,116,84,81,114,62,21,5,93,65,110" hai1="71,131,94,67,54,16,68,113,105,33,101,9,56" hai2="1,109,58,41,99,50,59,119,106,29,83,32,38" hai3="133,17,47,97,8,88,37,120,103,127,60,31,66"/><W111/><G120/><T134/><D116/><U3/><E105/><V73/><F119/><W12/><G127/><T20/><D110/><U129/><E33/><V126/><F1/><W36/><G111/><T128/><D128/><N who="1" m="49227" /><E67/><V121/><F121/><W107/><G133/><N who="0" m="50699" /><D53/><U7/><E113/><V49/><F109/><W78/><G78/><N who="0" m="46135" /><D93/><U57/><E57/><V44/><F126/><W104/><G107/><T24/><D21/><U100/><E16/><V87/><F73/><W46/><G31/><N who="0" m="17799" /><D114/><U43/><E43/><V132/><F132/><W30/><G30/><T52/><D52/><U0/><E0/><V10/><F29/><W51/><G47/><T75/><D75/><U130/><N who="1" m="49235" /><U22/><DORA hai="2" /><E22/><V85/><F32/><W28/><G28/><T80/><D80/><U48/><E94/><V27/><F83/><W11/><G11/><T34/><D34/><U122/><E122/><V69/><F10/><W112/><G112/><T26/><D26/><U77/><E77/><V79/><F27/><W118/><G118/><T61/><D61/><U74/><E74/><V64/><F79/><W76/><G76/><T39/><D39/><U98/><E98/><V117/><F99/><W96/><G97/><T82/><D82/><U115/><E115/><V86/><F117/><W35/><G35/><T123/><D123/><U6/><E6/><V19/><F19/><W55/><REACH who="3" step="1"/><G88/><REACH who="3" ten="306,327,252,105" step="2"/><T72/><D72/><U124/><E124/><V13/><F106/><W90/><G90/><T70/><AGARI ba="0,1" hai="4,5,62,65,70" m="17799,46135,50699" machi="70" ten="30,4000,0" yaku="20,1,52,2" doraHai="15,2" who="0" fromWho="0" sc="306,50,327,-10,252,-10,105,-20" /><INIT seed="4,0,0,4,1,72" ten="356,317,242,85" oya="0" hai0="79,94,100,80,66,133,76,28,74,75,24,111,83" hai1="93,3,104,62,121,77,41,20,126,122,7,10,49" hai2="31,25,56,18,4,0,34,48,6,9,53,98,8" hai3="91,2,78,11,109,67,73,21,46,70,32,26,127"/><T101/><D133/><U58/><E104/><V128/><F128/><W35/><G109/><T85/><D111/><U123/><E126/><V88/><F98/><W119/><G91/><N who="0" m="53615" /><D66/><U57/><E93/><V130/><F130/><W50/><G119/><T33/><D24/><U39/><E39/><V29/><F18/><W1/><G70/><T134/><D28/><U13/><E62/><V84/><F25/><W118/><G67/><T102/><D33/><U42/><E77/><N who="0" m="29769" /><D134/><U116/><E116/><V27/><F27/><W135/><G127/><T112/><D112/><U86/><E86/><V61/><F34/><W23/><G35/><T120/><D120/><U132/><E132/><V5/><F31/><W68/><G68/><T131/><D131/><U43/><E3/><V19/><F29/><W124/><G2/><T51/><D51/><U36/><E36/><V37/><F37/><W81/><G124/><T52/><D52/><U115/><E115/><V105/><F0/><W12/><G1/><T69/><D69/><U71/><E71/><V92/><F48/><W108/><G108/><T63/><D63/><U38/><E38/><V103/><F19/><N who="3" m="8607" /><G118/><T95/><D95/><U82/><E49/><V106/><F106/><W59/><G135/><T60/><D60/><U97/><E123/><V87/><F105/><W90/><G32/><T99/><D99/><U96/><E122/><V40/><F53/><N who="3" m="29911" /><G26/><T129/><D129/><U125/><E121/><V16/><F61/><W114/><G114/><T64/><D64/><U15/><E125/><V14/><F6/><W44/><G73/><AGARI ba="0,0" hai="73,74,75,80,83,100,101,102" m="29769,53615" machi="73" ten="30,24000,3" yaku="6,1,35,5,52,3" doraHai="72" who="0" fromWho="3" sc="356,240,317,0,242,0,85,-240" owari="596,69.6,317,11.7,242,-15.8,-155,-65.5" /></mjloggm>