<mjloggm ver="2.3"><GO type="41" lobby="0"/><UN n0="%E2%93%9D%4C%75%63%6B%79%4A" n1="%6C%65%67%61%63%79" n2="%6F%69%6E%61%72%69%6E%67" n3="%E5%A3%B2%E8%99%8E%E7%94%B7" dan="13,14,15,13" rate="1820.45,1931.55,1963.80,1877.56" sx="M,M,M,M"/><TAIKYOKU oya="0"/><INIT seed="0,0,0,0,1,83" ten="250,250,250,250" oya="0" hai0="87,116,115,37,103,107,124,125,15,102,12,76,1" hai1="7,95,48,35,91,14,33,127,74,110,133,80,63" hai2="113,41,31,94,46,56,21,30,19,3,119,126,64" hai3="28,4,89,36,61,85,11,59,43,32,6,58,78"/><T129/><D1/><U24/><E110/><V112/><F113/><W84/><G32/><T52/><D37/><U5/><E133/><V105/><F105/><W86/><G78/><T77/><D115/><U69/><E48/><V75/><F75/><W18/><G28/><T55/><D107/><U66/><E80/><V60/><F3/><W81/><G36/><T104/><D104/><U100/><E100/><V120/><F120/><W97/><G43/><T40/><D40/><U72/><E72/><V34/><F126/><W20/><G11/><T13/><D15/><U47/><E47/><V23/><F34/><W79/><G79/><T17/><D17/><U10/><E74/><V70/><F70/><W93/><G81/><T121/><D129/><U73/><E73/><V132/><F132/><W71/><G71/><T25/><D25/><U45/><E45/><V51/><F119/><W42/><G42/><T106/><D106/><U90/><E7/><N who="3" m="2602" /><G61/><T117/><REACH who="0" step="1"/><D87/><REACH who="0" ten="240,250,250,250" step="2"/><U38/><E38/><V128/><F112/><W22/><G22/><T122/><AGARI ba="0,1" hai="12,13,52,55,76,77,102,103,116,117,121,122,124,125" machi="122" ten="25,24000,3" yaku="1,1,2,1,0,1,22,2,54,1,53,2" doraHai="83" doraHaiUra="8" who="0" fromWho="0" sc="240,250,250,-80,250,-80,250,-80" /><INIT seed="0,1,0,3,3,41" ten="490,170,170,170" oya="0" hai0="59,63,6,64,114,0,29,105,120,33,70,48,13" hai1="87,65,123,127,5,20,89,121,32,62,102,19,104" hai2="44,107,10,2,30,71,56,94,93,101,95,106,110" hai3="119,75,74,125,77,108,35,100,9,134,96,58,12"/><T39/><D120/><U43/><E32/><V132/><F71/><W88/><G119/><T117/><D117/><U86/><E5/><V97/><F110/><W79/><G35/><T66/><D114/><U57/><E127/><V51/><F132/><W23/><G108/><T116/><D39/><U1/><E1/><V76/><F30/><W67/><G125/><T8/><D116/><U26/><E87/><V78/><F107/><W28/><G134/><T115/><D115/><U118/><E118/><V91/><F56/><W61/><G74/><T73/><D73/><U31/><E19/><V69/><F69/><W82/><G79/><T37/><D37/><U50/><E102/><V21/><F91/><W83/><G83/><T42/><D105/><U46/><REACH who="1" step="1"/><E104/><REACH who="1" ten="490,160,170,170" step="2"/><V130/><F2/><W98/><G100/><T40/><D0/><U135/><E135/><V4/><F4/><W17/><G88/><T68/><D33/><U22/><E22/><V53/><F10/><W81/><REACH who="3" step="1"/><G81/><AGARI ba="1,1" hai="20,26,31,43,46,50,57,62,65,81,86,89,121,123" machi="81" ten="30,7700,0" yaku="1,1,7,1,52,1,53,1" doraHai="41" doraHaiUra="84" who="1" fromWho="3" sc="490,0,160,90,170,0,170,-80" /><INIT seed="1,0,0,2,5,117" ten="490,250,170,90" oya="1" hai0="49,70,95,30,32,24,122,47,20,9,104,22,25" hai1="120,107,109,67,66,69,44,55,133,4,124,123,71" hai2="77,118,100,113,91,131,94,101,127,74,86,48,7" hai3="3,96,57,87,82,73,26,99,38,92,27,54,83"/><U84/><E107/><V40/><F118/><W79/><G38/><T135/><D104/><U58/><E133/><V116/><F116/><W53/><G3/><T39/><D39/><U1/><E124/><V105/><F7/><W121/><G121/><N who="1" m="46666" /><E84/><V88/><F127/><W85/><G73/><T81/><D70/><N who="1" m="26635" /><E4/><V125/><F125/><W112/><G112/><T29/><D135/><U110/><E1/><V42/><F113/><W17/><G17/><T64/><D122/><U16/><E44/><V90/><F131/><W6/><G6/><T33/><D47/><U132/><E16/><V97/><F101/><W51/><G54/><T119/><D119/><U46/><E46/><V93/><F93/><W14/><G14/><T18/><D95/><U8/><E8/><V78/><F48/><W12/><G12/><T19/><D49/><N who="1" m="31087" /><E132/><V128/><F128/><W60/><G51/><T102/><D9/><U15/><E15/><V111/><F78/><W28/><G28/><T23/><D30/><U89/><E89/><V59/><F91/><N who="3" m="55327" /><G99/><T56/><D29/><U61/><E61/><V108/><F90/><AGARI ba="0,0" hai="26,27,53,57,60,79,82,83,85,87,90" m="55327" machi="90" ten="30,1000,0" yaku="8,1" doraHai="117" who="3" fromWho="2" sc="490,0,250,0,170,-10,90,10" /><INIT seed="2,0,0,5,3,98" ten="490,250,160,100" oya="2" hai0="88,122,81,118,41,132,53,116,52,117,55,105,97" hai1="92,47,113,58,24,133,10,123,44,112,42,69,84" hai2="30,29,62,70,2,134,11,15,20,80,57,135,17" hai3="43,71,85,104,18,19,27,90,25,91,94,82,5"/><V61/><F70/><W87/><G71/><T1/><D122/><U76/><E69/><V130/><F130/><W50/><G5/><T109/><D109/><U4/><E133/><N who="2" m="50699" /><F80/><W46/><REACH who="3" step="1"/><G104/><REACH who="3" ten="490,250,160,90" step="2"/><T75/><D132/><U35/><E123/><V37/><F37/><W79/><G79/><N who="0" m="44287" /><D105/><U110/><E76/><V73/><F73/><W14/><G14/><T16/><D1/><U54/><E4/><N who="2" m="1431" /><F62/><W45/><G45/><T23/><D118/><U129/><E47/><V114/><F114/><W21/><G21/><T77/><D77/><U39/><E113/><V9/><F20/><W60/><G60/><T103/><D117/><U127/><E112/><V126/><F126/><W51/><G51/><T115/><D116/><U107/><E127/><V3/><F3/><W95/><G95/><T124/><D124/><U48/><E107/><V78/><F78/><W108/><G108/><T28/><D115/><U13/><E110/><V128/><F128/><W83/><G83/><T22/><D23/><U101/><E129/><V40/><F40/><W99/><G99/><T26/><D41/><U32/><E24/><AGARI ba="0,1" hai="18,19,24,25,27,43,46,50,82,85,87,90,91,94" machi="24" ten="40,2600,0" yaku="1,1,8,1,53,0" doraHai="98" doraHaiUra="56" who="3" fromWho="1" sc="490,0,250,-26,160,0,90,36" /><INIT seed="3,0,0,2,3,120" ten="490,224,160,126" oya="3" hai0="41,133,34,3,48,37,7,71,20,75,110,123,65" hai1="114,100,82,67,74,77,105,53,132,124,76,86,115" hai2="12,50,83,43,33,23,59,6,28,103,10,21,108" hai3="18,36,0,49,102,78,118,44,14,94,46,90,9"/><W92/><G118/><T51/><D34/><U126/><E67/><V55/><F33/><W38/><G78/><T130/><D7/><U45/><E45/><V25/><F103/><W62/><G44/><T4/><D123/><U95/><E53/><V61/><F108/><W131/><G131/><T113/><D133/><U8/><E8/><V39/><F39/><W42/><G0/><T30/><D113/><U26/><E26/><V129/><F129/><W35/><G35/><T63/><D75/><U22/><E22/><V68/><F68/><W80/><G80/><T60/><D4/><U2/><E2/><V125/><F125/><N who="1" m="48233" /><E132/><V16/><F83/><W87/><REACH who="3" step="1"/><G62/><REACH who="3" ten="490,224,160,116" step="2"/><T111/><D63/><U96/><E76/><V54/><F43/><W47/><G47/><N who="0" m="23983" /><D3/><U40/><E40/><V24/><REACH who="2" step="1"/><F50/><REACH who="2" ten="490,224,150,116" step="2"/><W112/><G112/><T116/><D130/><U88/><AGARI ba="0,2" hai="74,77,82,86,88,95,96,100,105,114,115" m="48233" machi="88" ten="30,8000,1" yaku="24,1,18,1,34,2,54,1" doraHai="120" who="1" fromWho="1" sc="490,-20,224,100,150,-20,116,-40" /><INIT seed="4,0,0,0,4,70" ten="470,324,130,76" oya="0" hai0="36,8,110,74,124,108,50,111,59,47,60,29,13" hai1="42,12,55,92,39,46,52,64,54,103,88,98,71" hai2="40,45,102,6,25,107,15,125,127,1,3,93,83" hai3="48,78,49,27,43,28,101,86,31,0,132,76,112"/><T109/><N who="0" m="27648" /><DORA hai="81" /><T135/><D74/><U11/><E71/><V20/><F107/><W133/><G112/><T80/><D29/><U96/><E64/><V16/><F102/><W18/><G0/><N who="2" m="73" /><F93/><W41/><G101/><T2/><D2/><U5/><REACH who="1" step="1"/><E55/><REACH who="1" ten="470,314,130,76" step="2"/><V82/><F82/><W21/><G27/><T106/><D80/><U68/><E68/><V85/><F83/><W116/><G116/><T72/><D72/><U126/><E126/><V17/><F127/><W7/><G7/><T123/><D124/><U14/><E14/><V44/><F6/><W134/><G134/><T24/><D135/><U117/><E117/><V56/><F15/><W121/><G121/><T89/><D123/><U75/><E75/><V95/><F125/><W131/><G131/><T53/><D13/><U61/><E61/><V84/><F40/><W129/><G129/><T120/><D60/><U57/><E57/><V65/><F56/><W58/><G58/><T90/><D120/><U79/><E79/><V100/><F65/><W51/><G51/><T22/><D50/><U87/><E87/><V38/><F85/><W99/><G99/><T37/><D59/><U69/><E69/><V33/><F84/><W19/><G86/><T73/><D73/><U130/><E130/><V34/><F45/><W9/><G133/><T113/><D47/><U97/><E97/><N who="2" m="59455" /><F44/><W62/><G132/><T118/><D118/><U63/><E63/><V94/><F94/><AGARI ba="0,1" hai="5,11,12,39,42,46,52,54,88,92,94,96,98,103" machi="94" ten="30,12000,2" yaku="1,1,7,1,52,1,54,2,53,2" doraHai="70,81" doraHaiUra="91,119" who="1" fromWho="2" sc="470,0,314,130,130,-120,76,0" /><INIT seed="5,0,0,5,2,113" ten="470,444,10,76" oya="1" hai0="78,121,40,6,65,80,111,23,108,61,72,77,54" hai1="126,12,10,81,55,26,44,1,102,96,64,120,31" hai2="129,132,50,135,37,62,21,73,103,42,124,128,2" hai3="99,5,9,85,49,86,28,30,25,58,93,87,79"/><U51/><E120/><V130/><F73/><W53/><G79/><T17/><D121/><U97/><E1/><V83/><F2/><W105/><G105/><T59/><D40/><U69/><E126/><V127/><F103/><W67/><G67/><T101/><D6/><U18/><E81/><V100/><F100/><W106/><G106/><T27/><D78/><U119/><E119/><V57/><F37/><W125/><G125/><N who="2" m="48201" /><F21/><W133/><G133/><N who="2" m="51273" /><F83/><W134/><G134/><T19/><D101/><U56/><E69/><V115/><F115/><W74/><G74/><T84/><D72/><U75/><E75/><V76/><F76/><W7/><G9/><T39/><D39/><U36/><E36/><V20/><F20/><N who="3" m="15399" /><G30/><T89/><D77/><U123/><E123/><V47/><F130/><W22/><G22/><T112/><D112/><U107/><E102/><AGARI ba="0,0" hai="5,7,49,53,58,85,86,87,93,99,102" m="15399" machi="102" ten="30,1000,0" yaku="8,1" doraHai="113" who="3" fromWho="1" sc="470,0,444,-10,10,0,76,10" /><INIT seed="6,0,0,0,3,66" ten="470,434,10,86" oya="2" hai0="30,18,54,5,109,114,58,24,86,82,88,89,90" hai1="10,36,99,125,123,59,70,62,111,131,17,120,85" hai2="8,116,74,133,37,57,80,128,68,76,56,3,104" hai3="77,31,41,1,78,117,53,9,28,130,63,29,33"/><V26/><F116/><W67/><G117/><T106/><D109/><U48/><E111/><V55/><F104/><W65/><G33/><T93/><D106/><U13/><E36/><V126/><F126/><W103/><G130/><T98/><D5/><U107/><E131/><V2/><F128/><W73/><G103/><T45/><D114/><U105/><E85/><V132/><F37/><W112/><G112/><T40/><D18/><U124/><E107/><V94/><F57/><W6/><G41/><T39/><D24/><U95/><E105/><V118/><F118/><W21/><G21/><T97/><D30/><U135/><E135/><N who="2" m="51787" /><F94/><W11/><G11/><T38/><D39/><U87/><E125/><V20/><F8/><W4/><G4/><T32/><D32/><U122/><E124/><V91/><F91/><W113/><G113/><T42/><D42/><U12/><E48/><N who="2" m="30823" /><F68/><W49/><G73/><T23/><D90/><N who="1" m="55799" /><E70/><V47/><F47/><W19/><G19/><AGARI ba="0,0" hai="2,3,19,20,26,74,76,80" m="30823,51787" machi="19" ten="30,1500,0" yaku="20,1" doraHai="66" who="2" fromWho="3" sc="470,0,434,0,10,15,86,-15" /><INIT seed="6,1,0,5,0,111" ten="470,434,25,71" oya="2" hai0="106,67,83,21,93,71,135,84,6,49,14,11,114" hai1="59,121,85,19,25,34,16,88,105,61,44,36,132" hai2="46,57,18,69,39,103,40,15,134,35,128,119,82" hai3="0,116,74,101,47,110,62,131,109,38,130,118,112"/><V100/><F119/><N who="3" m="45611" /><G74/><T32/><D32/><U102/><E121/><V3/><F69/><W50/><G0/><T55/><D106/><U37/><E105/><V58/><F35/><W77/><G77/><T68/><D135/><U90/><E102/><V70/><F134/><W81/><G81/><T51/><D51/><U7/><E7/><V42/><F70/><W98/><G98/><T64/><D114/><U24/><E90/><V66/><F3/><W12/><G12/><T65/><D93/><N who="1" m="54415" /><E37/><V30/><F30/><W13/><G13/><T27/><D84/><U117/><E132/><V89/><F42/><N who="3" m="22999" /><G101/><T133/><D83/><U54/><E36/><V17/><F17/><N who="1" m="6729" /><E34/><V28/><F103/><W124/><G124/><T48/><D133/><U72/><E72/><V80/><F100/><W22/><G22/><T8/><D11/><U52/><E117/><V1/><F1/><W127/><G127/><T26/><D21/><U56/><E44/><V126/><F126/><W125/><G125/><T129/><D8/><U86/><E86/><N who="2" m="50375" /><F82/><W9/><G9/><T5/><D71/><U20/><E20/><N who="2" m="11359" /><F28/><W97/><G97/><T31/><D31/><U104/><E104/><V43/><F46/><W108/><G112/><T23/><D23/><U60/><AGARI ba="1,0" hai="24,25,52,54,56,59,60,61" m="6729,54415" machi="60" ten="30,7900,0" yaku="8,1,54,3" doraHai="111" who="1" fromWho="1" sc="470,-21,434,82,25,-40,71,-21" owari="449,24.9,516,61.6,-15,-51.5,50,-35.0" /></mjloggm>