<mjloggm ver="2.3"><GO type="41" lobby="0"/><UN n0="%6B%75%6E%6F%72%69" n1="%E3%81%BE%E3%81%90%E3%82%8D%E3%82%84%E8%8A%B1" n2="%E2%93%9D%4C%75%63%6B%79%4A" n3="%57%61%72%64%6E%61" dan="13,14,17,14" rate="1922.63,1883.69,2148.43,1901.62" sx="M,M,M,M"/><TAIKYOKU oya="0"/><INIT seed="0,0,0,1,1,120" ten="250,250,250,250" oya="0" hai0="114,12,123,58,74,126,96,87,18,67,63,36,9" hai1="81,2,129,37,26,55,125,97,27,108,6,75,17" hai2="48,71,11,10,80,82,41,46,117,128,69,135,44" hai3="30,76,115,89,130,98,132,95,1,68,13,133,56"/><T121/><D114/><U102/><E129/><V79/><F128/><W47/><G130/><T77/><D74/><U19/><E37/><V16/><F135/><W111/><G115/><T38/><D126/><U105/><E125/><V28/><F28/><W51/><G68/><T33/><D33/><U116/><E116/><V40/><F117/><W39/><G1/><T101/><D38/><U90/><E6/><V23/><F71/><W91/><G30/><T94/><D36/><U54/><E2/><V53/><F69/><W42/><G76/><T119/><D119/><U109/><E90/><V131/><F131/><W83/><G13/><T88/><REACH who="0" step="1"/><D77/><REACH who="0" ten="240,250,250,250" step="2"/><U92/><E75/><V66/><F79/><W59/><G39/><T122/><D122/><U15/><E81/><AGARI ba="0,1" hai="9,12,18,58,63,67,81,87,88,94,96,101,121,123" machi="81" ten="30,11600,0" yaku="1,1,7,1,54,1,53,1" doraHai="120" doraHaiUra="57" who="0" fromWho="1" sc="240,126,250,-116,250,0,250,0" /><INIT seed="0,1,0,5,3,9" ten="366,134,250,250" oya="0" hai0="63,62,97,83,117,109,26,113,36,34,107,67,59" hai1="4,69,73,126,112,11,88,28,128,16,19,82,58" hai2="32,3,85,12,13,110,120,94,48,127,118,68,54" hai3="131,61,81,103,80,49,108,102,71,121,27,124,55"/><T64/><D113/><U123/><E69/><V42/><F3/><W14/><G121/><T96/><D117/><U125/><E123/><V65/><F120/><W134/><G124/><T130/><D130/><U46/><E73/><V78/><F32/><W114/><G131/><T119/><D36/><U21/><E46/><V60/><F127/><N who="1" m="48649" /><E58/><V5/><F5/><W79/><G114/><T39/><D39/><U57/><E57/><V23/><F110/><W33/><G108/><T6/><D109/><U51/><E51/><V77/><F42/><W43/><G43/><T24/><D119/><U86/><E128/><V66/><F23/><W31/><G134/><T56/><D83/><U115/><E19/><V106/><F106/><W7/><G61/><T44/><D6/><U70/><E28/><V17/><F17/><W116/><G71/><T89/><D107/><U38/><E70/><V15/><F118/><W135/><G135/><T20/><D34/><U22/><E22/><V2/><F2/><W72/><G116/><T92/><D44/><U45/><E45/><N who="2" m="27919" /><F60/><W99/><G49/><T18/><REACH who="0" step="1"/><D26/><REACH who="0" ten="356,134,250,250" step="2"/><N who="1" m="14631" /><E38/><V100/><F68/><W105/><G33/><T50/><D50/><U111/><E111/><V87/><F78/><W10/><G79/><T25/><D25/><U133/><E133/><V122/><F122/><W101/><G27/><T90/><D90/><U40/><E40/><V37/><F37/><W76/><G76/><T95/><D95/><U75/><E75/><V91/><F100/><W0/><G103/><T84/><AGARI ba="1,1" hai="18,20,24,56,59,62,63,64,67,84,89,92,96,97" machi="84" ten="20,12000,1" yaku="1,1,0,1,7,1,9,1,8,1,53,0" doraHai="9" doraHaiUra="8" who="0" fromWho="0" sc="356,133,134,-41,250,-41,250,-41" /><INIT seed="0,2,0,5,2,14" ten="489,93,209,209" oya="0" hai0="68,47,53,26,43,34,81,132,54,74,55,61,100" hai1="31,17,62,93,33,18,56,36,63,25,2,105,125" hai2="131,27,82,19,92,91,104,120,124,111,113,7,96" hai3="28,50,46,60,114,38,15,78,24,98,70,42,57"/><T72/><D132/><U83/><E2/><V87/><F113/><W109/><G114/><T86/><D100/><U88/><E36/><V130/><F7/><W101/><G109/><T126/><D126/><U102/><E63/><V108/><F27/><W122/><G122/><T1/><D1/><U35/><E35/><V67/><F67/><W58/><G78/><T76/><D34/><U40/><E40/><V23/><F120/><W45/><G15/><T8/><D8/><U41/><E41/><V44/><F44/><W116/><G116/><T123/><D123/><U48/><E48/><V129/><F104/><W21/><G70/><T117/><D117/><U71/><E71/><V9/><F9/><W103/><G103/><T107/><D107/><U39/><E39/><V22/><F124/><W30/><G30/><T119/><D119/><U12/><E12/><N who="2" m="9703" /><F22/><W85/><G85/><T10/><D10/><U3/><E3/><V94/><F94/><W115/><G115/><T37/><D68/><U90/><E125/><V99/><F99/><W4/><G4/><T135/><D135/><U49/><E49/><V69/><F69/><W5/><G60/><T52/><D26/><U29/><E105/><V65/><F65/><W64/><G64/><T84/><D74/><U133/><E133/><V51/><F51/><W134/><G134/><T106/><D106/><U80/><E25/><V73/><F73/><W118/><G5/><T6/><D6/><U127/><E33/><V59/><F59/><W0/><G118/><T121/><D121/><U110/><E127/><V20/><F20/><RYUUKYOKU ba="2,0" sc="489,15,93,-15,209,15,209,-15" hai0="37,43,47,52,53,54,55,61,72,76,81,84,86" hai2="82,87,91,92,96,108,111,129,130,131" /><INIT seed="0,3,0,1,3,108" ten="504,78,224,194" oya="0" hai0="101,42,76,88,126,124,98,2,134,26,67,28,33" hai1="115,20,57,84,91,19,97,80,127,22,47,23,105" hai2="1,15,69,11,130,9,125,18,133,8,77,116,3" hai3="29,99,25,71,37,123,32,12,104,40,16,55,36"/><T103/><D76/><U86/><E127/><N who="0" m="48681" /><D2/><N who="2" m="522" /><F69/><W35/><G71/><T53/><D42/><U85/><E105/><V60/><F60/><W59/><G123/><T128/><D128/><U87/><E97/><V58/><F58/><W95/><G104/><T83/><D134/><U102/><E102/><V13/><F77/><W56/><G32/><T51/><D67/><U129/><E129/><V64/><F64/><W21/><G40/><T79/><D79/><U122/><E122/><V73/><F73/><W93/><G93/><N who="0" m="56615" /><D83/><U72/><E72/><V30/><F133/><W52/><G37/><T10/><D10/><N who="2" m="3594" /><F125/><W107/><G107/><T132/><D132/><U111/><E47/><AGARI ba="3,0" hai="26,28,33,47,51,53,101,103" m="56615,48681" machi="47" ten="30,2900,0" yaku="18,1,54,1" doraHai="108" who="0" fromWho="1" sc="504,38,78,-38,224,0,194,0" /><INIT seed="0,4,0,4,4,75" ten="542,40,224,194" oya="0" hai0="77,21,84,35,50,65,63,25,22,68,85,9,81" hai1="23,71,72,38,88,110,43,78,79,128,127,11,133" hai2="108,119,54,34,101,99,14,103,104,105,10,125,95" hai3="60,47,61,76,109,70,33,123,74,59,94,40,90"/><T89/><D9/><U19/><E72/><V13/><F34/><W66/><G33/><T69/><D69/><U39/><E71/><V97/><F108/><W42/><G109/><T58/><D35/><U5/><E110/><V124/><F95/><W106/><G106/><T36/><D36/><U92/><E127/><V51/><F119/><W87/><G123/><T1/><D1/><U24/><E128/><V20/><F20/><W26/><G26/><T30/><D68/><U64/><E64/><V41/><F41/><W44/><G42/><T111/><D111/><U120/><E133/><V46/><REACH who="2" step="1"/><F14/><REACH who="2" ten="542,40,214,194" step="2"/><W31/><G40/><T98/><D22/><U86/><E120/><V2/><F2/><W17/><G31/><T132/><D21/><U126/><E126/><V107/><F107/><W56/><G94/><N who="0" m="54567" /><D25/><U82/><E43/><V117/><F117/><W57/><G61/><T67/><D30/><U134/><E39/><V55/><F55/><W116/><G116/><T131/><D67/><U122/><E38/><V18/><AGARI ba="4,1" hai="10,13,18,46,51,54,97,99,101,103,104,105,124,125" machi="18" ten="30,4000,0" yaku="1,1,0,1,9,1,53,0" doraHai="75" doraHaiUra="0" who="2" fromWho="2" sc="542,-24,40,-14,214,62,194,-14" /><INIT seed="1,0,0,3,5,114" ten="518,26,276,180" oya="1" hai0="94,23,66,73,122,22,37,63,67,18,132,24,68" hai1="85,11,71,82,76,120,44,46,43,45,34,98,102" hai2="58,19,126,33,123,3,109,101,104,99,20,116,86" hai3="92,69,62,0,84,10,110,134,49,118,127,25,96"/><U83/><E34/><V48/><F123/><W27/><G127/><T129/><D37/><U59/><E71/><V57/><F3/><W38/><G38/><T95/><D73/><U130/><E130/><V4/><F4/><W106/><G134/><T5/><D5/><U128/><E128/><V31/><F126/><W12/><G0/><T78/><D78/><U16/><E59/><V131/><F109/><W35/><G110/><T125/><D132/><U108/><E83/><V105/><F105/><W115/><G115/><T77/><D77/><U60/><E60/><V52/><F131/><W8/><G49/><T65/><D122/><U9/><E120/><V70/><F70/><W56/><G69/><T91/><D125/><U81/><E81/><V111/><F86/><W29/><G27/><T121/><D121/><U47/><E108/><V17/><F19/><W14/><G84/><T15/><D94/><U107/><N who="1" m="11264" /><DORA hai="30" /><U75/><E75/><V79/><F58/><W61/><G106/><T72/><D72/><U124/><E43/><V64/><F64/><W100/><G56/><T28/><D129/><U13/><REACH who="1" step="1"/><E124/><REACH who="1" ten="518,16,276,180" step="2"/><V50/><F57/><W135/><G135/><T21/><D63/><U40/><E40/><V117/><F111/><W2/><G62/><T53/><D68/><U7/><E7/><V97/><F50/><W89/><G61/><T119/><D119/><U55/><E55/><V41/><F52/><W32/><G118/><T74/><D74/><U87/><E87/><V51/><F117/><W133/><G133/><T88/><D53/><U113/><E113/><RYUUKYOKU ba="0,1" sc="518,-10,16,30,276,-10,180,-10" hai1="9,11,13,16,76,82,85,98,102,107" /><INIT seed="1,1,1,0,1,63" ten="508,46,266,170" oya="1" hai0="98,75,22,40,5,23,58,3,72,34,62,9,106" hai1="93,73,89,118,14,18,97,70,35,43,28,130,133" hai2="33,114,0,131,107,126,61,111,99,6,123,129,85" hai3="91,1,49,100,119,95,108,76,20,135,21,96,125"/><U115/><E73/><V90/><F33/><W122/><G122/><T112/><D34/><U53/><E118/><V11/><F123/><W15/><G119/><T65/><D112/><U2/><E115/><V52/><F114/><W27/><G1/><T38/><D38/><U78/><E78/><V41/><F41/><W25/><G125/><T127/><D40/><U4/><E43/><V16/><F111/><W128/><G108/><T121/><D127/><U39/><E39/><V32/><F32/><W116/><G116/><T46/><D46/><U26/><E53/><V69/><F99/><W51/><G135/><T74/><D121/><U47/><E70/><V120/><F107/><W42/><G128/><N who="2" m="49225" /><F120/><W30/><G76/><T44/><D44/><U101/><E47/><V104/><F104/><W10/><G100/><T81/><D81/><U94/><E130/><V57/><F69/><W68/><G68/><T86/><D86/><U12/><E133/><V134/><F134/><W109/><G109/><T24/><D23/><U113/><E113/><V80/><F16/><W29/><G42/><T117/><D117/><U56/><E18/><AGARI ba="1,1" hai="10,15,18,20,21,25,27,29,30,49,51,91,95,96" machi="18" ten="30,3900,0" yaku="7,1,9,1,8,1" doraHai="63" who="3" fromWho="1" sc="508,0,46,-42,266,0,170,52" /><INIT seed="2,0,0,1,4,9" ten="508,4,266,222" oya="2" hai0="19,132,52,58,0,54,28,43,13,62,10,11,39" hai1="50,51,40,41,44,95,55,1,119,72,85,107,99" hai2="74,88,33,59,127,93,82,131,104,67,100,12,108" hai3="94,6,133,30,18,69,101,75,105,110,129,123,8"/><V106/><F33/><W86/><G123/><T79/><D28/><U98/><E1/><V2/><F2/><W47/><G75/><T65/><D132/><U42/><E72/><V37/><F37/><W87/><G133/><T109/><D109/><U63/><E119/><V61/><F127/><W27/><G110/><T103/><D79/><U26/><E107/><V112/><F112/><W46/><G69/><T71/><D103/><U134/><E134/><V7/><F108/><W116/><G105/><T81/><D81/><U120/><E120/><V92/><F131/><W66/><G129/><T97/><D97/><U21/><E63/><V5/><F106/><W15/><G66/><T84/><D84/><N who="3" m="32297" /><G30/><T115/><D115/><U45/><E85/><N who="2" m="50231" /><F104/><W89/><G101/><T24/><D71/><U17/><E99/><N who="2" m="59503" /><F74/><W70/><G70/><T22/><D39/><U117/><E117/><V128/><F128/><W38/><G38/><T125/><D125/><U114/><E114/><V77/><F77/><W90/><G116/><T35/><D35/><U16/><E17/><V60/><F92/><W96/><G90/><AGARI ba="0,0" hai="16,21,26,40,41,42,44,45,50,51,55,90,95,98" machi="90" ten="30,3900,0" yaku="7,1,8,1,54,1" doraHai="9" who="1" fromWho="3" sc="508,0,4,39,266,0,222,-39" /><INIT seed="3,0,0,1,2,122" ten="508,43,266,183" oya="3" hai0="95,132,31,41,98,120,67,4,127,113,28,116,0" hai1="99,48,103,79,23,88,114,1,26,78,3,24,74" hai2="111,35,84,135,66,44,16,22,86,92,101,87,55" hai3="21,68,90,80,107,115,76,61,96,5,105,100,108"/><W71/><G115/><T106/><D28/><U121/><E114/><V77/><F35/><W15/><G107/><T43/><D95/><U69/><E69/><V18/><F135/><W33/><G33/><T30/><D98/><U131/><E26/><V124/><F124/><W82/><G108/><T25/><D25/><U39/><E39/><V40/><F66/><W42/><G42/><T54/><D4/><U49/><E121/><V134/><F111/><W7/><G7/><T45/><D67/><U63/><E131/><V2/><F2/><W37/><G37/><T126/><D45/><U112/><E63/><V52/><F77/><W60/><G71/><T81/><D0/><U58/><E112/><V36/><F134/><W59/><G68/><T10/><D113/><U129/><E129/><V13/><REACH who="2" step="1"/><F18/><REACH who="2" ten="508,43,256,183" step="2"/><W104/><G76/><T17/><D132/><U118/><E79/><V38/><F38/><W51/><G5/><T133/><D133/><U8/><E78/><V47/><F47/><W56/><G56/><T94/><D120/><U14/><E58/><V75/><F75/><W109/><G109/><T102/><D17/><U64/><E74/><V97/><AGARI ba="0,1" hai="13,16,22,36,40,44,52,55,84,86,87,92,97,101" machi="97" ten="30,12000,2" yaku="1,1,0,1,54,2,53,2" doraHai="122" doraHaiUra="50" who="2" fromWho="2" sc="508,-30,43,-30,256,130,183,-60" /><INIT seed="4,0,0,1,3,88" ten="478,13,386,123" oya="0" hai0="100,75,6,69,95,62,98,78,13,44,121,1,122" hai1="26,76,60,12,18,9,48,11,109,65,54,126,25" hai2="110,24,81,115,117,79,71,50,111,68,20,129,114" hai3="94,90,4,28,132,72,91,67,39,31,134,93,59"/><T35/><D1/><U85/><E109/><N who="2" m="41483" /><F50/><W19/><G39/><T61/><D35/><U55/><E126/><V131/><F20/><W92/><G72/><T74/><D75/><U10/><E65/><V22/><F22/><W16/><G4/><T5/><D78/><U29/><E60/><V106/><F24/><W80/><G67/><T52/><D74/><U66/><E66/><V36/><F106/><W86/><G59/><T30/><D69/><N who="2" m="26698" /><F36/><W113/><G113/><N who="2" m="43017" /><F117/><W40/><G40/><T2/><D121/><U107/><E107/><V108/><N who="2" m="41491" /><V17/><DORA hai="130" /><F17/><N who="3" m="6731" /><G91/><T135/><D122/><U70/><E70/><V47/><F47/><W96/><G96/><T8/><D44/><N who="1" m="27911" /><E55/><V45/><F45/><W49/><G49/><T133/><D52/><U87/><E26/><V120/><F120/><W84/><G84/><AGARI ba="0,0" hai="79,81,84,129,131" m="43017,26698,41491" machi="84" ten="50,1600,0" yaku="15,1" doraHai="88,130" who="2" fromWho="3" sc="478,0,13,0,386,16,123,-16" /><INIT seed="5,0,0,2,2,49" ten="478,13,402,107" oya="1" hai0="85,30,101,44,72,15,103,54,110,79,134,93,31" hai1="65,97,42,124,133,90,132,52,70,36,37,75,41" hai2="108,114,45,29,89,56,118,19,1,67,100,123,120" hai3="21,74,26,68,57,6,106,25,66,5,16,2,84"/><U62/><E75/><V34/><F100/><W80/><G106/><T109/><D72/><U40/><E90/><V131/><F19/><W125/><G125/><T35/><D134/><N who="1" m="51819" /><E97/><V11/><F45/><W102/><G68/><T113/><D113/><U51/><E124/><V22/><F89/><W98/><G74/><T121/><D109/><U112/><E112/><V135/><F123/><W129/><G129/><T10/><D110/><U119/><E119/><V12/><F118/><W127/><G127/><T4/><D121/><U64/><E64/><V77/><F67/><W20/><G2/><T27/><D31/><U86/><E86/><V58/><F29/><N who="3" m="17575" /><G98/><T107/><D107/><U128/><E128/><V48/><F131/><W115/><G102/><T23/><D35/><U14/><E14/><V78/><F12/><W33/><G115/><T105/><D105/><U50/><E50/><V59/><F48/><W3/><G3/><T53/><D44/><AGARI ba="0,0" hai="36,37,40,41,42,44,51,52,62,65,70" m="51819" machi="44" ten="30,12000,1" yaku="20,1,34,2,52,1,54,1" doraHai="49" who="1" fromWho="0" sc="478,-120,13,120,402,0,107,0" /><INIT seed="5,1,0,3,3,29" ten="358,133,402,107" oya="1" hai0="60,47,34,54,96,71,83,7,107,64,16,114,77" hai1="20,14,100,127,53,8,120,42,125,13,9,56,129" hai2="3,61,94,28,50,97,37,19,79,66,1,88,70" hai3="90,4,62,80,122,112,39,65,76,99,31,10,36"/><U0/><E120/><V123/><F123/><W40/><G122/><T73/><D7/><U131/><E100/><V92/><F37/><W126/><G126/><N who="1" m="48138" /><E42/><V130/><F130/><N who="1" m="49673" /><E56/><V124/><F28/><W104/><G112/><T133/><D114/><U110/><E53/><V12/><F79/><W86/><G31/><T103/><D133/><U111/><E20/><V93/><F50/><W67/><G40/><T11/><D34/><U128/><N who="1" m="49681" /><U82/><DORA hai="30" /><E82/><V132/><F132/><W74/><G67/><T105/><D105/><U121/><E121/><V59/><F59/><W72/><G104/><T116/><D116/><U44/><E44/><V57/><F57/><W33/><G33/><T48/><REACH who="0" step="1"/><D11/><REACH who="0" ten="348,133,402,107" step="2"/><N who="1" m="4171" /><E0/><V91/><F3/><W89/><G39/><T15/><D15/><AGARI ba="1,1" hai="13,14,15,110,111" m="4171,49681,48138" machi="15" ten="50,18000,2" yaku="28,2,18,1,19,1,34,2" doraHai="29,30" who="1" fromWho="0" sc="348,-183,133,193,402,0,107,0" /><INIT seed="5,2,0,2,5,120" ten="165,326,402,107" oya="1" hai0="104,77,124,6,60,15,116,74,32,29,11,115,45" hai1="63,46,48,91,14,94,12,40,100,86,56,9,80" hai2="112,59,50,19,109,132,37,71,131,73,36,39,78" hai3="129,8,92,114,90,83,30,13,134,28,41,22,108"/><U43/><E43/><V76/><F71/><W110/><G134/><T4/><D4/><U21/><E21/><V35/><F73/><W84/><G129/><T0/><D116/><U75/><E75/><V38/><F35/><W103/><G114/><T125/><D104/><U55/><E9/><V16/><F132/><W127/><G127/><N who="0" m="48715" /><D115/><U85/><REACH who="1" step="1"/><E100/><REACH who="1" ten="165,316,402,107" step="2"/><V93/><F112/><W66/><G41/><T122/><D74/><U87/><E87/><V18/><F39/><W79/><G103/><T2/><D122/><U57/><E57/><V123/><F59/><W23/><G23/><T119/><D119/><U126/><E126/><V121/><F123/><W113/><G113/><T58/><D45/><U97/><E97/><V130/><F121/><W69/><G22/><T117/><D117/><U67/><E67/><V17/><F38/><W53/><G66/><N who="0" m="39191" /><D77/><AGARI ba="2,1" hai="12,14,40,46,48,55,56,63,77,80,85,86,91,94" machi="77" ten="30,5800,0" yaku="1,1,7,1,8,1,53,0" doraHai="120" doraHaiUra="1" who="1" fromWho="0" sc="165,-64,316,74,402,0,107,0" /><INIT seed="5,3,0,5,1,8" ten="101,390,402,107" oya="1" hai0="44,0,101,21,22,102,80,34,74,71,129,119,75" hai1="62,82,89,25,92,31,54,105,66,110,26,6,112" hai2="16,59,32,108,42,117,107,15,114,9,7,46,61" hai3="96,1,14,120,27,134,81,41,39,12,88,20,30"/><U79/><E105/><V67/><F117/><W58/><G120/><T93/><D119/><U135/><E135/><V104/><F108/><W76/><G134/><T113/><D71/><U111/><E6/><V2/><F32/><W91/><G1/><T52/><D113/><U84/><E54/><V90/><F90/><W24/><G24/><T64/><D64/><U118/><E118/><V103/><F103/><W70/><G70/><T56/><D0/><U69/><E112/><V100/><F100/><N who="0" m="38506" /><D75/><U73/><REACH who="1" step="1"/><E25/><REACH who="1" ten="101,380,402,107" step="2"/><V13/><F114/><W3/><G27/><T17/><D129/><U35/><AGARI ba="3,1" hai="26,31,35,62,66,69,73,79,82,84,89,92,110,111" machi="35" ten="30,11700,0" yaku="1,1,2,1,0,1,53,1" doraHai="8" doraHaiUra="106" who="1" fromWho="1" sc="101,-42,380,136,402,-42,107,-42" /><INIT seed="5,4,0,4,5,21" ten="59,516,360,65" oya="1" hai0="42,78,130,73,59,17,86,22,88,57,106,80,114" hai1="134,29,38,52,76,0,132,118,112,16,102,111,72" hai2="27,26,15,20,104,51,28,1,18,84,85,7,54" hai3="128,11,117,125,108,4,39,123,34,131,9,66,47"/><U68/><E38/><V48/><F104/><W95/><G123/><T94/><D114/><U74/><E0/><V133/><F133/><N who="1" m="51305" /><E68/><V120/><F120/><W119/><G108/><T90/><D130/><N who="3" m="49705" /><G66/><T92/><D42/><U121/><E121/><V35/><F51/><W91/><G34/><T50/><D106/><U115/><E102/><V82/><F82/><W87/><G125/><T63/><D50/><U61/><E76/><V83/><F83/><W103/><G103/><T65/><D59/><N who="1" m="35047" /><E29/><V41/><F41/><N who="3" m="22975" /><G11/><T67/><D67/><U36/><E36/><V93/><F1/><AGARI ba="4,0" hai="1,4,9,87,91,95,117,119" m="22975,49705" machi="1" ten="30,1000,0" yaku="19,1" doraHai="21" who="3" fromWho="2" sc="59,0,516,0,360,-22,65,22" /><INIT seed="6,0,0,0,1,16" ten="59,516,338,87" oya="2" hai0="22,82,0,40,97,64,99,114,85,59,31,110,9" hai1="1,112,11,135,37,119,63,87,107,100,66,120,132" hai2="35,104,3,113,54,80,20,76,131,124,18,41,129" hai3="56,57,44,70,6,24,92,50,88,21,75,127,65"/><V77/><F35/><W130/><G75/><T33/><D110/><U49/><E37/><V10/><F104/><W89/><G127/><T62/><D33/><U79/><E119/><V98/><F41/><W61/><G130/><N who="2" m="49673" /><F124/><W2/><G6/><T94/><D40/><U83/><E120/><V108/><F98/><W73/><G73/><T28/><D114/><U84/><E112/><V58/><F113/><W95/><G2/><T43/><D43/><U7/><E100/><V101/><F101/><W111/><G111/><T69/><D94/><N who="3" m="35881" /><G57/><T13/><D0/><U125/><E107/><V102/><F102/><W23/><G24/><N who="0" m="16407" /><D31/><U4/><E125/><V93/><F93/><W105/><G70/><T123/><D123/><U67/><E132/><V38/><F38/><W103/><G103/><T47/><D47/><U91/><E135/><V52/><F108/><W34/><G34/><T30/><D30/><U8/><E83/><V90/><F80/><W53/><G105/><T122/><D122/><U55/><E79/><N who="2" m="30283" /><F90/><AGARI ba="0,0" hai="21,23,44,50,53,56,61,65,88,89,90" m="35881" machi="90" ten="30,7700,0" yaku="8,1,52,2,54,1" doraHai="16" who="3" fromWho="2" sc="59,0,516,0,338,-77,87,77" /><INIT seed="7,0,0,2,0,47" ten="59,516,261,164" oya="3" hai0="62,133,42,96,6,91,68,41,69,19,77,12,83" hai1="92,25,121,120,85,1,72,0,106,112,27,130,116" hai2="129,48,101,124,94,46,53,40,131,81,30,52,21" hai3="63,8,51,49,127,37,56,2,16,45,126,36,57"/><W29/><G2/><T123/><D133/><U99/><E72/><V90/><F101/><W84/><G29/><T75/><D123/><U38/><E38/><V65/><F65/><W9/><G84/><T66/><D69/><U67/><E67/><V33/><F124/><N who="3" m="47659" /><G8/><T64/><D64/><U7/><E85/><N who="2" m="52559" /><F33/><W117/><G117/><T61/><D62/><U5/><E116/><V18/><F81/><W93/><G93/><T54/><D54/><U11/><E92/><V44/><F30/><W80/><G80/><T105/><D6/><U109/><E99/><V71/><F71/><W119/><G119/><T107/><D107/><U102/><E106/><V34/><F34/><W103/><G103/><T55/><D55/><U88/><E102/><V125/><F53/><N who="3" m="34191" /><G57/><T122/><D122/><U24/><E120/><V100/><F100/><W98/><G98/><T58/><D68/><U35/><E121/><V22/><F125/><W86/><G86/><T43/><D96/><U132/><E11/><V28/><F28/><W74/><G74/><T89/><REACH who="0" step="1"/><D105/><REACH who="0" ten="49,516,261,164" step="2"/><U134/><E35/><V31/><F31/><W17/><G17/><T79/><D79/><U60/><E7/><V32/><F32/><W70/><G70/><T82/><D82/><U76/><E5/><V73/><F18/><W135/><G135/><T23/><AGARI ba="0,1" hai="12,19,23,41,42,43,58,61,66,75,77,83,89,91" machi="23" ten="30,4000,0" yaku="1,1,0,1,53,1" doraHai="47" doraHaiUra="78" who="0" fromWho="0" sc="49,50,516,-10,261,-10,164,-20" owari="99,-40.1,506,60.6,251,5.1,144,-25.6" /></mjloggm>