<mjloggm ver="2.3"><GO type="41" lobby="0"/><UN n0="%E3%82%B9%E3%83%94%E3%82%A2%E3%83%BC%E3%82%BA" n1="%E3%81%AD%E3%81%93%E3%81%9F%E3%81%99" n2="%E2%93%9D%4C%75%63%6B%79%4A" n3="%46%61%4E%54%61" dan="13,13,18,13" rate="1867.67,1873.75,2180.00,1908.38" sx="M,F,M,M"/><TAIKYOKU oya="0"/><INIT seed="0,0,0,4,3,133" ten="250,250,250,250" oya="0" hai0="110,113,97,10,13,111,89,36,40,109,45,50,119" hai1="104,101,5,125,122,52,24,131,7,12,123,42,82" hai2="46,22,6,106,26,2,94,43,81,48,69,32,71" hai3="105,118,64,117,25,63,134,14,75,121,128,99,41"/><T18/><D113/><U4/><E131/><V29/><F106/><W135/><G75/><T83/><D119/><U60/><E101/><V9/><F94/><W20/><G41/><T44/><D97/><U23/><E104/><V93/><F93/><W1/><G1/><T112/><D112/><U91/><E42/><V100/><F100/><W79/><G79/><T38/><REACH who="0" step="1"/><D44/><REACH who="0" ten="240,250,250,250" step="2"/><U124/><E123/><V17/><REACH who="2" step="1"/><F81/><REACH who="2" ten="240,250,240,250" step="2"/><W130/><G121/><T56/><D56/><N who="1" m="34823" /><E122/><V16/><F16/><W59/><G117/><T49/><D49/><U8/><E82/><V15/><AGARI ba="0,2" hai="2,6,9,15,17,22,26,29,32,43,46,48,69,71" machi="15" ten="20,12000,2" yaku="1,1,0,1,7,1,24,2,53,2" doraHai="133" doraHaiUra="66" who="2" fromWho="2" sc="240,-60,250,-30,240,140,250,-30" /><INIT seed="1,0,0,2,4,111" ten="180,220,380,220" oya="1" hai0="19,68,69,31,59,13,107,103,49,88,14,7,46" hai1="29,117,6,98,73,26,25,2,52,35,114,81,72" hai2="53,33,32,133,58,122,108,65,15,82,1,37,84" hai3="55,34,80,30,135,113,12,4,41,60,67,92,61"/><U44/><E117/><V125/><F1/><W54/><G135/><T94/><D31/><U97/><E6/><V104/><F108/><W96/><G41/><T11/><D107/><U24/><E2/><V99/><F65/><W42/><G42/><T126/><D126/><U106/><E114/><V115/><F37/><W17/><G4/><T18/><D103/><U22/><E35/><V131/><F131/><W95/><G95/><T20/><D7/><U5/><E5/><V118/><F122/><W10/><G113/><T100/><D100/><U57/><E44/><V43/><F43/><W116/><G116/><T128/><D128/><U63/><E106/><V102/><F133/><W45/><G45/><T71/><D46/><U38/><E38/><V23/><F125/><W51/><G80/><T74/><D74/><U36/><E36/><V3/><F115/><W62/><G30/><T50/><REACH who="0" step="1"/><D59/><REACH who="0" ten="170,220,380,220" step="2"/><U134/><E134/><V130/><F130/><W90/><G34/><T39/><D39/><U66/><E73/><V110/><F110/><W27/><G67/><T89/><D89/><U93/><E72/><V132/><F132/><W105/><G105/><T47/><D47/><U40/><E40/><V8/><F104/><W48/><REACH who="3" step="1"/><G27/><REACH who="3" ten="170,220,380,210" step="2"/><T112/><D112/><U101/><E66/><V75/><F118/><W123/><G123/><T120/><D120/><U127/><E127/><V0/><F3/><W9/><G9/><T28/><D28/><U124/><E124/><V87/><F0/><W16/><G16/><T78/><D78/><U121/><E121/><V79/><F79/><RYUUKYOKU ba="0,2" sc="170,15,220,-15,380,-15,210,15" hai0="11,13,14,18,19,20,49,50,68,69,71,88,94" hai3="10,12,17,48,51,54,55,60,61,62,90,92,96" /><INIT seed="2,1,2,0,2,83" ten="185,205,365,225" oya="2" hai0="2,91,62,9,80,18,42,59,61,70,81,40,107" hai1="123,135,19,63,111,10,45,60,3,92,108,119,25" hai2="77,55,71,5,88,65,98,122,32,118,133,131,121" hai3="54,51,104,112,43,102,127,100,72,94,99,38,7"/><V53/><F32/><W26/><G72/><T56/><D107/><U103/><E119/><V113/><F118/><W39/><G127/><T21/><D70/><U29/><E135/><V47/><F77/><W37/><G112/><T101/><D101/><U134/><E134/><V23/><F5/><W36/><G7/><T13/><D2/><U6/><E123/><V20/><F133/><W46/><G104/><T120/><D120/><U97/><E45/><V1/><F1/><W8/><G8/><T95/><D9/><U24/><E24/><V132/><F131/><W48/><N who="3" m="9216" /><DORA hai="128" /><W93/><G26/><T15/><D15/><U109/><REACH who="1" step="1"/><E19/><REACH who="1" ten="185,195,365,225" step="2"/><V82/><F47/><W57/><REACH who="3" step="1"/><G93/><REACH who="3" ten="185,195,365,215" step="2"/><T126/><D126/><U52/><E52/><V12/><F55/><W50/><G50/><T89/><D95/><U79/><E79/><V73/><F122/><W105/><G105/><T125/><D125/><U130/><E130/><V110/><F121/><W35/><G35/><AGARI ba="1,4" hai="3,6,10,25,29,35,60,63,92,97,103,108,109,111" machi="35" ten="40,2600,0" yaku="1,1,14,1,53,0" doraHai="83,128" doraHaiUra="75,124" who="1" fromWho="3" sc="185,0,195,69,365,0,215,-29" /><INIT seed="3,0,0,5,3,0" ten="185,264,365,186" oya="3" hai0="33,112,51,47,68,130,84,56,21,45,50,92,64" hai1="123,22,122,101,60,19,15,73,110,85,63,119,94" hai2="82,132,39,93,88,133,111,118,70,135,4,127,117" hai3="128,7,17,30,76,65,131,104,10,74,38,25,59"/><W67/><G38/><T40/><D33/><U116/><E110/><V5/><F111/><W55/><G104/><T83/><D130/><N who="3" m="49705" /><G76/><T79/><D112/><U53/><E73/><V103/><F70/><W75/><G17/><T34/><D34/><U54/><E63/><V36/><F127/><W78/><G78/><T24/><D68/><U44/><E54/><V57/><F103/><W32/><G75/><T69/><D92/><U6/><E60/><V41/><F82/><W48/><G74/><T89/><D56/><U16/><E53/><V27/><F27/><W18/><G18/><T107/><D64/><U108/><E44/><N who="2" m="23615" /><F57/><W98/><G98/><T28/><D107/><U99/><E85/><N who="2" m="52367" /><F36/><W77/><G77/><T43/><D69/><U125/><E125/><V80/><F80/><W86/><G86/><T81/><D81/><U3/><E108/><V97/><F97/><W106/><G106/><T90/><AGARI ba="0,0" hai="21,24,28,40,43,45,47,50,51,79,83,84,89,90" machi="90" ten="30,4000,0" yaku="0,1,9,1,8,1" doraHai="0" who="0" fromWho="0" sc="185,40,264,-10,365,-10,186,-20" /><INIT seed="4,0,0,4,5,22" ten="225,254,355,166" oya="0" hai0="64,102,60,129,37,44,11,127,116,0,46,12,70" hai1="104,24,43,133,108,111,14,26,97,3,54,88,7" hai2="58,18,84,25,27,132,117,124,41,57,67,125,135" hai3="71,74,56,34,10,20,35,75,121,114,99,17,90"/><T77/><D116/><U2/><E43/><V93/><F117/><W94/><G71/><T6/><D127/><N who="2" m="48714" /><F41/><W42/><G114/><T73/><D129/><U89/><E54/><V131/><F131/><W39/><G121/><T19/><D102/><U120/><E14/><V28/><F28/><W126/><G126/><T106/><D106/><U65/><E7/><V59/><F67/><W52/><G10/><T69/><D69/><U9/><E9/><V55/><F18/><W103/><G42/><T33/><D33/><U92/><E65/><V68/><F68/><W1/><G1/><T62/><D62/><U23/><E23/><V134/><F55/><W83/><G39/><T13/><D0/><U4/><E4/><V48/><F48/><W105/><G75/><T47/><D37/><U82/><E82/><V8/><F8/><W112/><G112/><T36/><D36/><U15/><E15/><V79/><F93/><W53/><G53/><T91/><D73/><U49/><E49/><V128/><F128/><W76/><G17/><T78/><D12/><U21/><E21/><V110/><F110/><W66/><G20/><T113/><D6/><U85/><E104/><V30/><F30/><W63/><G66/><T45/><D113/><U87/><E92/><V115/><F115/><W101/><G103/><T107/><D107/><U51/><E51/><V109/><F109/><W61/><G61/><T119/><D70/><U29/><E29/><V72/><F72/><W122/><G122/><T130/><D130/><U16/><E120/><V98/><F98/><AGARI ba="0,0" hai="34,35,52,56,63,74,76,83,90,94,98,99,101,105" machi="98" ten="30,2000,0" yaku="7,1,54,1" doraHai="22" who="3" fromWho="2" sc="225,0,254,0,355,-20,166,20" /><INIT seed="5,0,0,0,5,78" ten="225,254,335,186" oya="1" hai0="94,62,70,95,74,36,81,92,49,117,90,61,29" hai1="39,75,107,135,38,122,66,14,46,88,128,84,130" hai2="65,112,87,28,77,132,64,134,40,52,115,111,3" hai3="16,2,110,96,133,22,30,124,125,127,58,25,17"/><U19/><E107/><V99/><F3/><W47/><G110/><T83/><D117/><U129/><E75/><V33/><F40/><W35/><G2/><T42/><D36/><U100/><E100/><V60/><F28/><W57/><G96/><T51/><D29/><U118/><E135/><N who="2" m="51755" /><F33/><W108/><G108/><T98/><D74/><U55/><E66/><N who="2" m="25707" /><F99/><W7/><G133/><T6/><D6/><U32/><E32/><V11/><F11/><W105/><G105/><T5/><D5/><U72/><E122/><V69/><F111/><W56/><G7/><T50/><D42/><U121/><E72/><V76/><F69/><W109/><G109/><T120/><D70/><U12/><E118/><V43/><F43/><W79/><G79/><N who="2" m="30281" /><F87/><W102/><G102/><T73/><D73/><U103/><E103/><V114/><F52/><W123/><G123/><T126/><D120/><U106/><E106/><V4/><F4/><W116/><G116/><T27/><D98/><U80/><E121/><V26/><F26/><W104/><G104/><T18/><D27/><U113/><E113/><V34/><F34/><W67/><G47/><T119/><D119/><U54/><E46/><V21/><F60/><N who="3" m="38279" /><G17/><T24/><D18/><U31/><E31/><V59/><F59/><W97/><G97/><T41/><D41/><U86/><E86/><V48/><F48/><W44/><G44/><T8/><D49/><U131/><N who="1" m="32768" /><DORA hai="89" /><U53/><REACH who="1" step="1"/><E12/><AGARI ba="0,0" hai="12,16,22,25,30,35,57,58,124,125,127" m="38279" machi="12" ten="30,2000,0" yaku="18,1,54,1" doraHai="78,89" who="3" fromWho="1" sc="225,0,254,-20,335,0,186,20" /><INIT seed="6,0,0,5,0,22" ten="225,234,335,206" oya="2" hai0="1,6,109,46,58,33,124,26,55,115,17,35,42" hai1="74,95,123,120,125,62,59,121,110,53,83,126,107" hai2="130,39,25,112,111,71,76,10,98,108,65,30,5" hai3="100,63,102,78,56,89,116,103,66,13,60,91,106"/><V45/><F76/><W70/><G116/><T37/><D109/><N who="2" m="42058" /><F98/><W43/><G106/><T18/><D115/><U75/><E110/><V133/><F65/><W57/><G70/><T94/><D124/><N who="1" m="47723" /><E107/><V69/><F112/><W34/><G34/><T16/><D1/><U12/><E83/><V48/><F39/><W114/><G114/><T134/><D134/><U79/><E79/><V61/><F61/><W9/><G78/><T122/><D122/><U104/><E104/><V40/><F130/><W14/><G43/><T4/><D94/><U20/><E95/><V129/><F129/><W84/><G84/><T44/><D44/><U85/><E85/><V38/><F48/><W93/><G93/><T24/><D35/><U68/><E68/><V88/><F88/><W7/><REACH who="3" step="1"/><G14/><REACH who="3" ten="225,234,335,196" step="2"/><T101/><D101/><U27/><E12/><N who="2" m="5199" /><F133/><W21/><G21/><AGARI ba="0,1" hai="21,25,30,38,40,45,69,71" m="5199,42058" machi="21" ten="30,2900,0" yaku="10,1,52,1" doraHai="22" who="2" fromWho="3" sc="225,0,234,0,335,39,196,-29" /><INIT seed="6,1,0,4,1,114" ten="225,234,374,167" oya="2" hai0="46,126,89,71,84,60,127,96,32,11,97,67,104" hai1="2,44,77,42,111,5,120,135,106,107,100,57,112" hai2="35,118,29,115,81,16,28,79,130,66,132,61,105" hai3="70,59,124,80,47,53,125,74,63,15,17,98,49"/><V119/><F115/><W37/><G74/><T10/><D32/><U86/><E112/><V128/><F105/><W75/><G75/><T109/><D109/><U18/><E111/><V122/><F122/><W27/><G27/><T19/><D46/><U94/><E120/><V48/><F48/><W34/><G34/><T24/><D24/><U131/><E131/><N who="2" m="50219" /><F132/><W3/><G3/><T13/><D10/><U108/><E108/><V93/><F93/><W51/><G80/><N who="0" m="49287" /><D104/><U69/><E69/><N who="2" m="42191" /><F16/><W68/><G98/><T64/><D64/><U0/><E18/><V22/><F22/><W45/><G17/><T23/><D23/><U103/><E5/><V82/><F82/><W87/><G87/><T113/><D113/><U14/><E107/><V88/><F88/><W73/><G15/><T56/><D71/><N who="3" m="27177" /><G73/><T36/><D36/><U65/><E14/><V52/><F52/><N who="3" m="29743" /><G37/><T38/><D38/><U133/><E106/><V1/><F1/><W72/><G72/><T62/><D96/><U55/><E2/><V54/><F54/><AGARI ba="1,0" hai="47,51,53,54,59,63,124,125" m="29743,27177" machi="54" ten="30,3900,0" yaku="34,2,54,1" doraHai="114" who="3" fromWho="2" sc="225,0,234,0,374,-42,167,42" /><INIT seed="7,0,0,2,0,54" ten="225,234,332,209" oya="3" hai0="23,72,60,75,111,37,41,14,47,7,44,63,11" hai1="84,50,135,20,32,66,115,129,131,58,70,133,91" hai2="51,134,123,87,80,34,82,1,118,95,102,31,97" hai3="89,35,19,65,2,25,81,3,16,40,103,106,17"/><W21/><G106/><T57/><D111/><U93/><E70/><V100/><F1/><W116/><G116/><T71/><D71/><U99/><E20/><V56/><F34/><W61/><G103/><T5/><D5/><U98/><E115/><V46/><F31/><W38/><G35/><T18/><D47/><U76/><E32/><V36/><F123/><W78/><G89/><T104/><D60/><N who="1" m="38167" /><E50/><V77/><F134/><N who="1" m="51209" /><E76/><V101/><F118/><W92/><G92/><T29/><D104/><U79/><E79/><V120/><F120/><W43/><G38/><T67/><D29/><U12/><E12/><AGARI ba="0,0" hai="7,11,12,14,18,23,37,41,44,57,63,67,72,75" machi="12" ten="30,2000,0" yaku="7,1,52,1" doraHai="54" who="0" fromWho="1" sc="225,20,234,-20,332,0,209,0" owari="245,4.5,214,-18.6,332,43.2,209,-29.1" /></mjloggm>