<mjloggm ver="2.3"><GO type="41" lobby="0"/><UN n0="%E2%93%9D%4C%75%63%6B%79%4A" n1="%56%51%33%35%44%45%54%54" n2="%74%61%6F%37" n3="%E5%BB%83%E5%A2%9F" dan="18,14,14,13" rate="2199.28,1867.39,1817.36,1877.00" sx="M,M,M,M"/><TAIKYOKU oya="0"/><INIT seed="0,0,0,2,3,95" ten="250,250,250,250" oya="0" hai0="85,118,55,29,90,88,80,45,102,25,59,131,16" hai1="104,128,4,100,19,40,62,0,37,92,81,86,35" hai2="105,89,51,83,24,113,41,66,39,20,91,14,116" hai3="30,125,69,120,107,70,133,117,101,8,49,75,65"/><T9/><D118/><U98/><E128/><V53/><F113/><W58/><G75/><T10/><D131/><U78/><E35/><V36/><F116/><W73/><G73/><T119/><D119/><U61/><E19/><V122/><F105/><W47/><G117/><T124/><D124/><U82/><E81/><V130/><F122/><W6/><G133/><T18/><D45/><U109/><E109/><V74/><F130/><W34/><G58/><T68/><D68/><U126/><E126/><V28/><F39/><W48/><G47/><T132/><D102/><U114/><E114/><V96/><F74/><W93/><G93/><T84/><D132/><U32/><E32/><V21/><F41/><W38/><G38/><T103/><D103/><U112/><E112/><V60/><F36/><W56/><G56/><T67/><D67/><U46/><REACH who="1" step="1"/><E104/><REACH who="1" ten="250,240,250,250" step="2"/><V52/><F83/><W108/><G108/><T54/><D29/><U76/><E76/><V110/><F28/><W57/><G125/><T64/><D80/><U135/><E135/><V99/><F110/><W127/><G127/><T11/><D18/><U77/><E77/><V13/><F66/><W115/><G30/><T27/><D64/><U2/><E2/><V123/><F123/><W43/><G34/><T22/><D27/><U42/><E42/><V44/><F24/><W134/><G107/><T3/><D3/><U26/><E26/><V111/><F111/><W72/><G115/><T94/><D59/><U63/><E63/><V5/><F60/><N who="3" m="38031" /><G134/><T12/><D25/><U7/><E7/><V129/><F5/><RYUUKYOKU ba="0,1" sc="250,15,240,15,250,-15,250,-15" hai0="9,10,11,12,16,22,54,55,84,85,88,90,94" hai1="0,4,37,40,46,61,62,78,82,86,92,98,100" /><INIT seed="0,1,1,5,4,113" ten="265,255,235,235" oya="0" hai0="38,72,111,129,85,3,60,71,51,9,118,70,50" hai1="41,39,76,95,13,130,86,119,122,97,19,42,30" hai2="33,1,99,48,47,56,133,24,114,131,0,112,101" hai3="82,58,78,12,53,4,94,46,62,17,15,69,93"/><T18/><D72/><U25/><E122/><V57/><F131/><W67/><G46/><T132/><D129/><U59/><E39/><V90/><F133/><W54/><G4/><T32/><D32/><U5/><E130/><V125/><F125/><W83/><G15/><T81/><D38/><U106/><E106/><V102/><F90/><W77/><G69/><T16/><D132/><U26/><E5/><V73/><F73/><W29/><G29/><T61/><D111/><U11/><E26/><V127/><F127/><W36/><G36/><T34/><D34/><U68/><E68/><V2/><F24/><W104/><G104/><T65/><D118/><U126/><E126/><V31/><F31/><W123/><G83/><T134/><D134/><U121/><E121/><V107/><F33/><W43/><G43/><T84/><D81/><U105/><E105/><V108/><F102/><W100/><G82/><T35/><D35/><U14/><E14/><V96/><F96/><N who="3" m="59407" /><G94/><T92/><D92/><U91/><E59/><V40/><REACH who="2" step="1"/><F108/><REACH who="2" ten="265,255,225,235" step="2"/><W7/><G123/><T28/><D28/><U22/><E119/><V55/><F55/><N who="3" m="21003" /><G7/><T135/><D135/><U37/><E37/><V23/><F23/><AGARI ba="1,2" hai="12,17,23,58,62,67,77,78" m="21003,59407" machi="23" ten="30,1000,0" yaku="8,1" doraHai="113" who="3" fromWho="2" sc="265,0,255,0,225,-13,235,33" /><INIT seed="1,0,0,5,4,90" ten="265,255,212,268" oya="1" hai0="25,59,53,27,121,37,32,65,73,30,8,38,106" hai1="79,68,64,103,41,29,74,132,92,45,105,15,93" hai2="17,95,107,54,125,72,10,6,113,78,31,80,36" hai3="76,110,46,35,51,23,67,43,69,77,3,119,99"/><U42/><E132/><V133/><F107/><W116/><G110/><T5/><D73/><U57/><E68/><V47/><F133/><W13/><G35/><T66/><D106/><U0/><E0/><V14/><F125/><W91/><G3/><T128/><D128/><U83/><E29/><V111/><F111/><W26/><G13/><T108/><D108/><U55/><E64/><V134/><F134/><W56/><G56/><T97/><D27/><U94/><E15/><V129/><F129/><W71/><G67/><T112/><D112/><U1/><E1/><V9/><F31/><W118/><G71/><T84/><D121/><U50/><E105/><V102/><F113/><W88/><G69/><T131/><D66/><U63/><REACH who="1" step="1"/><E41/><REACH who="1" ten="265,245,212,268" step="2"/><N who="2" m="22951" /><F54/><W104/><G104/><T48/><D65/><U87/><E87/><V11/><F14/><W22/><G99/><AGARI ba="0,1" hai="42,45,50,55,57,63,74,79,83,92,93,94,99,103" machi="99" ten="40,12000,1" yaku="1,1,52,3,53,1" doraHai="90" doraHaiUra="96" who="1" fromWho="3" sc="265,0,245,130,212,0,268,-120" /><INIT seed="1,1,0,2,5,117" ten="265,375,212,148" oya="1" hai0="66,41,105,8,60,76,19,30,89,1,85,14,112" hai1="75,52,65,129,125,34,12,119,40,59,96,27,48" hai2="118,63,87,81,133,35,123,116,91,33,21,53,46" hai3="88,56,58,29,6,97,0,38,122,72,104,31,113"/><U100/><E119/><V83/><F133/><W36/><G113/><T50/><D105/><U90/><E129/><V128/><F128/><W3/><G6/><T98/><D112/><U74/><E125/><V130/><F130/><W68/><G104/><T10/><D76/><U95/><E34/><V2/><F2/><W28/><G72/><T18/><D30/><U82/><E27/><V20/><F91/><W23/><G23/><T45/><D98/><U108/><E108/><V4/><F87/><W57/><G68/><T111/><D111/><U73/><E12/><V135/><F135/><W92/><REACH who="3" step="1"/><G122/><REACH who="3" ten="265,375,212,138" step="2"/><T109/><D109/><U107/><E73/><V25/><F4/><W24/><G24/><T77/><D10/><U127/><E74/><V5/><F25/><W39/><AGARI ba="1,1" hai="0,3,28,29,31,36,38,39,56,57,58,88,92,97" machi="39" ten="40,8000,1" yaku="1,1,0,1,29,2,54,1,53,0" doraHai="117" doraHaiUra="37" who="3" fromWho="3" sc="265,-21,375,-41,212,-21,138,93" /><INIT seed="2,0,0,1,1,31" ten="244,334,191,231" oya="2" hai0="128,114,133,26,91,86,107,108,39,78,73,127,24" hai1="17,66,96,92,15,113,121,23,82,134,30,118,102" hai2="63,9,135,94,97,50,72,14,69,84,2,87,43" hai3="1,25,75,126,10,71,62,46,11,116,67,16,55"/><V93/><F72/><W37/><G75/><T98/><D39/><U99/><E118/><V53/><F2/><W101/><G126/><T122/><D26/><U77/><E121/><V64/><F135/><W38/><G1/><T18/><D24/><U68/><E113/><V119/><F43/><W124/><G124/><T8/><D18/><U48/><E134/><V74/><F74/><W33/><G38/><T0/><D8/><U12/><E68/><V79/><F119/><W21/><G33/><T58/><D58/><U54/><E66/><V56/><F79/><W36/><G36/><T120/><D0/><U65/><E65/><V45/><F69/><W88/><G101/><N who="0" m="62903" /><D108/><U104/><E30/><V47/><F47/><W40/><G116/><T57/><D57/><U6/><E6/><N who="2" m="3383" /><F93/><W110/><G110/><T130/><D114/><U105/><E12/><V32/><F32/><W90/><G11/><T52/><D127/><U28/><E99/><V7/><F7/><W44/><REACH who="3" step="1"/><G10/><REACH who="3" ten="244,334,191,221" step="2"/><T103/><D133/><U100/><E28/><V83/><F83/><W106/><G106/><T27/><D73/><U131/><E105/><V115/><F115/><W109/><G109/><T60/><D122/><U70/><E102/><AGARI ba="0,1" hai="45,50,53,56,63,64,84,87,94,97,102" m="3383" machi="102" ten="30,1500,0" yaku="8,1" doraHai="31" who="2" fromWho="1" sc="244,0,334,-15,191,25,221,0" /><INIT seed="2,1,0,4,5,5" ten="244,319,216,221" oya="2" hai0="10,77,80,71,93,67,75,69,56,8,44,95,16" hai1="13,17,51,1,103,39,83,97,96,123,20,135,7" hai2="86,74,84,45,42,87,104,120,119,36,2,134,19" hai3="117,121,12,64,30,35,50,49,60,90,43,47,122"/><V125/><F119/><W132/><G117/><T76/><D44/><U48/><E39/><V105/><F120/><W31/><G132/><T79/><D75/><U72/><E123/><V66/><F134/><W0/><G0/><T112/><D112/><U14/><E135/><V108/><F125/><W54/><G35/><T34/><D34/><U73/><E1/><V23/><F74/><W40/><G40/><T85/><D71/><U98/><E103/><V130/><F2/><W63/><G63/><N who="0" m="38375" /><D69/><U58/><E83/><V110/><F66/><W99/><G12/><N who="0" m="7191" /><D8/><U88/><E72/><V82/><F82/><W131/><G122/><T92/><AGARI ba="1,0" hai="76,77,79,80,85,92,93,95" m="7191,38375" machi="92" ten="30,4000,0" yaku="8,1,52,1,54,1" doraHai="5" who="0" fromWho="0" sc="244,43,319,-11,216,-21,221,-11" /><INIT seed="3,0,0,4,0,108" ten="287,308,195,210" oya="3" hai0="84,40,30,83,15,96,131,128,81,103,35,24,65" hai1="94,115,55,38,120,61,75,62,133,6,3,45,73" hai2="85,76,70,117,99,43,42,26,118,20,56,0,12" hai3="130,41,52,34,86,51,119,13,5,29,90,100,68"/><W66/><G119/><T97/><D40/><U91/><E120/><V125/><F0/><W134/><G100/><T23/><D65/><U7/><E133/><V33/><F70/><W87/><G41/><T46/><D46/><U67/><E3/><V77/><F125/><W123/><G123/><T18/><D83/><U31/><E31/><V69/><F69/><W9/><G134/><T57/><D57/><U93/><E38/><V19/><F56/><W10/><G29/><T44/><D44/><U92/><E91/><V105/><F117/><W2/><G34/><T47/><D47/><U1/><E1/><V109/><F109/><W72/><G72/><T107/><REACH who="0" step="1"/><D97/><REACH who="0" ten="277,308,195,210" step="2"/><U4/><E67/><V126/><F99/><W124/><G66/><T28/><D28/><U25/><E45/><V74/><F43/><W59/><G68/><T80/><D80/><U49/><E49/><V37/><F42/><W11/><G2/><T53/><D53/><U112/><E55/><V79/><F37/><W127/><G87/><T48/><D48/><U16/><E25/><V21/><F74/><N who="1" m="28169" /><E16/><N who="2" m="12551" /><F118/><W27/><G127/><T111/><D111/><U116/><E116/><V102/><F126/><W88/><G124/><T135/><D135/><U98/><E98/><N who="2" m="61655" /><F85/><W114/><G86/><T63/><D63/><AGARI ba="0,1" hai="4,6,7,61,62,63,92,93,94,112,115" m="28169" machi="63" ten="40,8000,1" yaku="28,2,52,2" doraHai="108" who="1" fromWho="0" sc="277,-80,308,90,195,0,210,0" /><INIT seed="4,0,0,3,5,19" ten="197,398,195,210" oya="0" hai0="7,47,20,92,116,63,84,61,93,12,80,57,35" hai1="69,131,23,88,6,94,74,111,3,45,79,86,37" hai2="103,90,9,59,17,102,30,55,81,34,98,87,122" hai3="124,78,129,110,8,77,44,33,5,106,64,130,51"/><T1/><D35/><U36/><E111/><V22/><F122/><W25/><G110/><T68/><D116/><U104/><E69/><V11/><F34/><W65/><G106/><T43/><D1/><U56/><E131/><V27/><F30/><W82/><G124/><T48/><D68/><U60/><E104/><V10/><REACH who="2" step="1"/><F98/><REACH who="2" ten="197,398,185,210" step="2"/><W54/><G130/><T14/><D63/><AGARI ba="0,1" hai="9,10,11,17,22,27,55,59,63,81,87,90,102,103" machi="63" ten="40,12000,2" yaku="1,1,2,1,8,1,52,1,53,2" doraHai="19" doraHaiUra="97" who="2" fromWho="0" sc="197,-120,398,0,185,130,210,0" /><INIT seed="5,0,0,4,3,34" ten="77,398,315,210" oya="1" hai0="24,32,99,44,95,134,78,102,42,80,7,39,66" hai1="118,121,15,122,9,129,81,26,107,46,100,79,54" hai2="109,72,18,11,47,103,128,21,65,58,23,127,29" hai3="61,0,74,8,27,17,123,3,114,6,20,59,70"/><U85/><E118/><V67/><F109/><W14/><G74/><T55/><D134/><U13/><E129/><V91/><F72/><W92/><G70/><T31/><D66/><U93/><E26/><V53/><F127/><W50/><G123/><T2/><D55/><U113/><E113/><V88/><F103/><W115/><G92/><T69/><D69/><U36/><E15/><N who="2" m="7551" /><F47/><W71/><G50/><T30/><D31/><U124/><E124/><V51/><F128/><W75/><G75/><T84/><REACH who="0" step="1"/><D7/><REACH who="0" ten="67,398,315,210" step="2"/><U40/><E122/><V68/><F29/><W25/><G71/><T86/><D86/><U56/><E121/><V98/><F68/><W1/><G61/><T45/><D45/><U111/><E111/><V104/><F67/><W131/><G59/><T120/><D120/><U52/><E56/><V119/><F65/><W38/><G131/><T108/><D108/><U60/><E60/><V105/><F119/><W10/><G38/><T87/><D87/><U110/><E110/><V96/><F105/><W48/><G48/><T76/><D76/><U19/><REACH who="1" step="1"/><E107/><REACH who="1" ten="67,388,315,210" step="2"/><V37/><F104/><W132/><G132/><T130/><D130/><U57/><E57/><V116/><F116/><W82/><G115/><T12/><D12/><U73/><E73/><V94/><F37/><W125/><G114/><T49/><D49/><U5/><E5/><V112/><F112/><W63/><G63/><T135/><D135/><U43/><E43/><V22/><F58/><W90/><G125/><T126/><D126/><U133/><E133/><V106/><F106/><W4/><G14/><RYUUKYOKU ba="0,2" sc="67,15,388,15,315,-15,210,-15" hai0="2,24,30,32,39,42,44,78,80,84,95,99,102" hai1="9,13,19,36,40,46,52,54,79,81,85,93,100" /><INIT seed="5,1,2,1,2,55" ten="82,403,300,195" oya="1" hai0="75,114,70,130,23,25,44,127,129,62,41,109,40" hai1="22,53,24,52,2,3,96,47,100,126,46,92,78" hai2="20,115,4,121,94,104,32,57,42,61,108,133,110" hai3="79,50,113,35,12,72,31,131,69,80,85,122,10"/><U59/><E126/><V64/><F121/><W36/><G36/><T18/><D109/><U74/><E74/><V67/><F104/><W120/><G69/><T119/><D119/><U118/><E118/><V99/><F32/><W132/><G113/><T8/><D75/><U37/><E37/><V83/><F4/><W93/><G31/><T39/><D41/><U51/><E78/><V111/><F42/><W81/><G35/><T30/><D114/><U134/><E134/><V6/><F6/><W9/><G93/><T68/><D127/><U11/><E11/><V125/><F115/><W29/><G29/><T38/><D39/><U135/><E135/><V34/><F34/><W13/><G132/><T48/><D38/><U15/><E15/><V86/><F133/><W77/><G50/><T54/><D8/><U128/><E128/><N who="0" m="49257" /><D30/><N who="1" m="17687" /><E2/><V91/><F125/><W5/><REACH who="3" step="1"/><G131/><REACH who="3" ten="82,403,300,185" step="2"/><T82/><D82/><U98/><E3/><V66/><REACH who="2" step="1"/><F20/><REACH who="2" ten="82,403,290,185" step="2"/><W76/><G76/><AGARI ba="1,4" hai="57,61,64,66,67,76,83,86,91,94,99,108,110,111" machi="76" ten="40,5200,0" yaku="1,1,2,1,52,1,53,0" doraHai="55" doraHaiUra="1" who="2" fromWho="3" sc="82,0,403,0,290,95,185,-55" /><INIT seed="6,0,0,4,2,34" ten="82,403,385,130" oya="2" hai0="88,16,101,32,107,71,45,63,52,21,80,93,33" hai1="54,40,103,72,92,51,85,46,58,23,99,129,9" hai2="119,134,68,20,53,120,25,108,87,0,41,81,11" hai3="104,17,56,49,1,27,2,8,24,59,26,36,113"/><V65/><F119/><W132/><G104/><T61/><D107/><U90/><E129/><V75/><F120/><W22/><G36/><T133/><D133/><U86/><E72/><V112/><F75/><W95/><G132/><T43/><D101/><U19/><E9/><V105/><F105/><W126/><G8/><T5/><D5/><U89/><E103/><V57/><F41/><W4/><G4/><T47/><D80/><U70/><E70/><V48/><F134/><W94/><G126/><T100/><D100/><U10/><E10/><V128/><F128/><W15/><G113/><T96/><D63/><U28/><E28/><V39/><F39/><W76/><G76/><T91/><D91/><U110/><E110/><V50/><F112/><W74/><G74/><T97/><D97/><U37/><REACH who="1" step="1"/><E90/><REACH who="1" ten="82,393,385,130" step="2"/><V3/><F68/><W111/><G111/><T35/><D71/><U14/><AGARI ba="0,1" hai="14,19,23,37,40,46,51,54,58,85,86,89,92,99" machi="14" ten="20,12000,2" yaku="1,1,2,1,0,1,7,1,53,2" doraHai="34" doraHaiUra="83" who="1" fromWho="1" sc="82,-30,393,130,385,-60,130,-30" /><INIT seed="7,0,0,2,1,93" ten="52,523,325,100" oya="3" hai0="103,131,21,28,10,65,121,77,16,63,29,34,117" hai1="15,67,82,90,126,52,2,30,94,124,109,27,92" hai2="123,23,102,11,66,38,50,105,95,35,17,42,43" hai3="79,87,104,1,97,44,72,19,26,40,108,81,53"/><W116/><G1/><T41/><D117/><U119/><E109/><V9/><F35/><W128/><G116/><T8/><D121/><U18/><E119/><V64/><F105/><W58/><G108/><T31/><D34/><U127/><E2/><V113/><F38/><W111/><G128/><T20/><D77/><U36/><E36/><V114/><F123/><W75/><G111/><T4/><D41/><U112/><E67/><V24/><F114/><W107/><G107/><T78/><D78/><U130/><E112/><V59/><F113/><W47/><G47/><T32/><D103/><U70/><E70/><V134/><F134/><W39/><G19/><T25/><D63/><U101/><E130/><V14/><F11/><N who="0" m="4138" /><D65/><U71/><E71/><V118/><F66/><W37/><G37/><T57/><D57/><U3/><E3/><V73/><F50/><W60/><REACH who="3" step="1"/><G26/><REACH who="3" ten="52,523,325,90" step="2"/><N who="0" m="18551" /><D131/><U106/><E106/><V76/><F118/><W33/><G33/><T88/><D4/><U100/><E126/><V91/><F24/><W99/><G99/><T56/><D56/><U115/><E124/><V45/><F17/><W84/><G84/><T133/><D133/><U68/><E127/><V80/><F59/><W7/><G7/><T13/><D29/><U98/><E115/><V5/><F5/><W83/><G83/><T46/><D46/><U110/><E110/><V122/><F80/><W125/><G125/><T132/><D132/><U62/><E82/><V85/><F85/><W74/><G74/><T49/><D49/><U6/><E68/><V55/><F73/><W135/><G135/><RYUUKYOKU ba="0,1" sc="52,15,523,-15,325,-15,90,15" hai0="13,16,20,21,25,28,88" hai3="39,40,44,53,58,60,72,75,79,81,87,97,104" /><INIT seed="7,1,1,2,2,67" ten="67,508,310,105" oya="3" hai0="78,98,80,109,58,27,124,131,119,10,46,103,40" hai1="133,51,23,28,105,7,52,88,118,84,99,121,30" hai2="117,108,76,26,13,134,101,18,90,5,89,125,53" hai3="35,66,112,41,70,42,135,29,102,123,8,73,55"/><W45/><G73/><T48/><D109/><U72/><E72/><V20/><F108/><W33/><G123/><T15/><D119/><U16/><E121/><V111/><F111/><W36/><G42/><T85/><D131/><U91/><E118/><V100/><F117/><W2/><G135/><T44/><D124/><U49/><E133/><V79/><F134/><W56/><G29/><T116/><D116/><U1/><E1/><V69/><F69/><W126/><G102/><T43/><D27/><N who="1" m="14823" /><E105/><V130/><F53/><W104/><G112/><T11/><D58/><N who="1" m="33039" /><E7/><V95/><F125/><W97/><G104/><T110/><D110/><U14/><E14/><V24/><F130/><W9/><G126/><T71/><D71/><U39/><E39/><V47/><F5/><N who="3" m="1079" /><G97/><T113/><D113/><U115/><E51/><V83/><F13/><W25/><G25/><T122/><D122/><U114/><E114/><V4/><F4/><W61/><G9/><T128/><D128/><U31/><E115/><V127/><F127/><W129/><G129/><T92/><REACH who="0" step="1"/><D15/><REACH who="0" ten="57,508,310,105" step="2"/><U86/><E99/><N who="2" m="59519" /><F26/><W96/><G96/><T106/><D106/><U60/><E60/><V57/><F57/><W38/><G70/><T32/><D32/><U132/><E132/><V65/><F24/><W77/><G35/><T50/><AGARI ba="1,2" hai="10,11,40,43,44,46,48,50,78,80,85,92,98,103" machi="50" ten="20,8000,1" yaku="1,1,0,1,7,1,9,1,8,1,53,0" doraHai="67" doraHaiUra="19" who="0" fromWho="0" sc="57,103,508,-21,310,-21,105,-41" owari="160,-24.0,487,58.7,289,8.9,64,-43.6" /></mjloggm>