<mjloggm ver="2.3"><GO type="41" lobby="0"/><UN n0="%E2%93%9D%4C%75%63%6B%79%4A" n1="%6D%6F%63%68%69%39%39" n2="%E3%82%AB%E3%83%A0%E3%83%AD%E3%83%BB%E3%83%AC%E3%82%A4" n3="%E3%83%96%E3%83%A9%E3%82%A4%E3%83%88%E3%81%95%E3%82%93" dan="18,13,16,13" rate="2160.36,1964.49,2019.50,1880.51" sx="M,M,M,M"/><TAIKYOKU oya="0"/><INIT seed="0,0,0,1,5,22" ten="250,250,250,250" oya="0" hai0="78,100,84,87,56,76,35,131,68,37,111,16,6" hai1="5,39,128,109,36,117,32,60,23,129,41,17,130" hai2="132,29,44,105,115,19,48,72,106,61,74,10,42" hai3="102,34,108,8,45,30,110,96,2,66,85,95,79"/><T94/><D68/><U124/><E117/><V54/><F115/><W50/><G66/><T116/><D35/><U62/><E32/><V47/><F132/><W13/><G2/><T112/><D37/><U90/><E5/><V12/><F74/><W77/><G30/><T59/><D131/><U14/><E90/><V57/><F72/><W15/><G34/><T101/><D6/><U53/><E124/><V99/><F29/><W1/><G1/><T88/><D112/><U55/><E109/><N who="3" m="42090" /><G85/><T123/><D123/><U135/><E135/><V64/><REACH who="2" step="1"/><F99/><REACH who="2" ten="250,250,240,250" step="2"/><W69/><G69/><T24/><D111/><U126/><E126/><V93/><F93/><W31/><G31/><T113/><D113/><U125/><E125/><V3/><F3/><W122/><G122/><T107/><D116/><U52/><E36/><AGARI ba="0,1" hai="10,12,19,36,42,44,47,48,54,57,61,64,105,106" machi="36" ten="30,3900,0" yaku="1,1,7,1,53,1" doraHai="22" doraHaiUra="51" who="2" fromWho="1" sc="250,0,250,-39,240,49,250,0" /><INIT seed="1,0,0,2,4,77" ten="250,211,289,250" oya="1" hai0="129,81,21,82,45,20,6,50,99,101,94,10,53" hai1="60,95,128,22,34,103,67,122,109,134,88,41,78" hai2="59,96,97,8,133,0,32,17,1,4,25,48,107" hai3="2,47,130,44,80,70,26,55,102,132,30,62,112"/><U46/><E122/><V87/><F133/><W56/><G112/><T135/><D135/><U124/><E34/><V65/><F0/><W11/><G132/><T106/><D106/><U73/><E134/><V23/><F107/><W39/><G102/><T68/><D68/><U24/><E128/><V123/><F123/><W40/><G130/><T37/><D37/><U57/><E124/><V69/><F69/><W27/><G47/><T86/><D129/><U92/><E109/><V18/><F18/><W51/><G30/><T36/><D36/><U52/><E103/><V15/><F87/><W33/><G33/><T54/><D54/><U19/><E95/><V90/><F90/><W61/><G61/><T116/><D116/><U85/><E78/><V29/><F65/><W14/><G2/><T76/><REACH who="0" step="1"/><D82/><REACH who="0" ten="240,211,289,250" step="2"/><N who="1" m="49207" /><E73/><V115/><F115/><W79/><G70/><T111/><D111/><U105/><E105/><V63/><F63/><W74/><REACH who="3" step="1"/><G39/><REACH who="3" ten="240,211,289,240" step="2"/><T28/><D28/><U100/><E100/><V84/><F48/><W43/><G43/><T119/><D119/><U117/><E117/><V49/><F49/><W64/><G64/><T89/><D89/><U3/><E3/><AGARI ba="0,2" hai="3,6,10,20,21,45,50,53,76,81,86,94,99,101" machi="3" ten="30,7700,0" yaku="1,1,7,1,52,1,53,1" doraHai="77" doraHaiUra="35" who="0" fromWho="1" sc="240,97,211,-77,289,0,240,0" /><INIT seed="2,0,0,5,2,14" ten="337,134,289,240" oya="2" hai0="59,1,96,117,74,6,25,108,97,130,133,86,52" hai1="81,115,102,129,118,80,127,48,84,79,24,93,88" hai2="83,100,87,72,27,128,26,106,68,33,39,31,43" hai3="123,110,98,57,37,135,64,36,101,109,114,82,4"/><V7/><F68/><W77/><G123/><T35/><D74/><U46/><E118/><V8/><F128/><W66/><G135/><T56/><D130/><U61/><E129/><V63/><F63/><W85/><G4/><T54/><D108/><N who="3" m="41577" /><G114/><T70/><D70/><U29/><E127/><V89/><F72/><W124/><G124/><T38/><D38/><N who="3" m="14953" /><G57/><T47/><D47/><U42/><E115/><V10/><F39/><W0/><G0/><T50/><D117/><U67/><E102/><V12/><F43/><W104/><AGARI ba="0,0" hai="64,66,77,82,85,98,101,104" m="14953,41577" machi="104" ten="30,1100,0" yaku="14,1" doraHai="14" who="3" fromWho="3" sc="337,-3,134,-3,289,-5,240,11" /><INIT seed="3,0,0,3,5,119" ten="334,131,284,251" oya="3" hai0="17,117,80,69,33,42,68,79,56,61,131,24,43" hai1="114,27,101,53,49,133,51,35,45,115,82,134,16" hai2="100,9,85,26,122,71,55,108,104,130,60,11,0" hai3="13,105,41,2,116,19,96,22,54,37,14,10,47"/><W120/><G116/><T93/><D117/><U109/><E101/><V99/><F108/><W78/><G2/><T12/><D69/><U90/><E90/><V23/><F130/><W126/><G78/><T124/><D68/><U31/><E82/><V94/><F0/><W87/><G87/><T66/><D124/><U72/><E72/><V57/><F71/><W7/><G126/><T88/><D33/><U81/><E81/><V8/><F122/><W48/><G105/><T5/><D24/><U62/><E62/><V91/><REACH who="2" step="1"/><F8/><REACH who="2" ten="334,131,274,251" step="2"/><W113/><G113/><T135/><D131/><U98/><E109/><V21/><F21/><W36/><G120/><T32/><D32/><U73/><E114/><V110/><F110/><W50/><REACH who="3" step="1"/><G96/><REACH who="3" ten="334,131,274,241" step="2"/><T121/><D121/><U4/><E115/><V64/><F64/><W34/><G34/><T46/><D66/><U18/><E98/><V125/><F125/><W20/><G20/><T65/><D65/><U30/><E35/><V1/><F1/><W77/><G77/><T107/><D79/><U89/><E73/><V74/><F74/><W83/><G83/><T44/><D80/><U25/><E45/><AGARI ba="0,2" hai="7,10,13,14,19,22,36,37,41,45,47,48,50,54" machi="45" ten="30,2900,0" yaku="1,1,7,1,53,0" doraHai="119" doraHaiUra="118" who="3" fromWho="1" sc="334,0,131,-29,274,0,241,49" /><INIT seed="3,1,0,3,1,17" ten="334,102,274,290" oya="3" hai0="71,20,8,127,9,87,74,14,38,25,2,131,93" hai1="40,103,15,56,125,109,104,105,96,90,37,26,34" hai2="88,133,72,19,50,84,57,111,70,64,59,99,119" hai3="16,76,60,110,123,12,75,108,52,24,43,101,98"/><W53/><G123/><T67/><D74/><U51/><E109/><N who="3" m="42090" /><G43/><T135/><D38/><U48/><E125/><V54/><F111/><W35/><G76/><T89/><D135/><U23/><E34/><V66/><F72/><W92/><G75/><T32/><D131/><U33/><E33/><V7/><F133/><W42/><G42/><T102/><D2/><U79/><E79/><V1/><F70/><W10/><G60/><T107/><D32/><U130/><E130/><V122/><F122/><W55/><G55/><T47/><D127/><U132/><E132/><V86/><F1/><W21/><G35/><T83/><D71/><U129/><E129/><V4/><F119/><W77/><G77/><T36/><D67/><U80/><E15/><V65/><F59/><W31/><AGARI ba="1,0" hai="10,12,16,21,24,31,52,53,92,98,101" m="42090" machi="31" ten="30,12000,1" yaku="14,1,10,1,52,1,54,2" doraHai="17" who="3" fromWho="3" sc="334,-41,102,-41,274,-41,290,123" /><INIT seed="3,2,0,4,4,76" ten="293,61,233,413" oya="3" hai0="109,55,22,17,106,39,102,88,112,8,98,105,59" hai1="14,126,30,19,103,108,116,84,23,42,118,128,89" hai2="9,0,20,3,25,64,78,120,63,114,129,6,79" hai3="47,81,10,38,99,40,113,132,4,44,80,97,34"/><W100/><G113/><T15/><D112/><U2/><E103/><V31/><F114/><W37/><G34/><T68/><D68/><U52/><E42/><V5/><F129/><W70/><G70/><T95/><D109/><U101/><E101/><V69/><REACH who="2" step="1"/><F120/><REACH who="2" ten="293,61,223,413" step="2"/><W16/><G132/><T133/><D133/><U36/><E128/><V130/><F130/><W119/><G119/><T24/><D39/><U96/><E36/><V86/><F86/><W60/><G99/><T90/><D106/><U87/><E126/><V74/><F74/><W56/><G38/><T117/><D105/><U82/><E108/><V62/><F62/><W85/><G85/><T71/><D117/><N who="1" m="45163" /><E96/><V92/><F92/><W94/><G37/><T46/><D71/><U21/><E2/><V127/><F127/><W123/><G123/><T58/><D95/><U125/><E125/><V135/><F135/><W110/><G110/><T53/><D98/><U67/><E87/><V50/><F50/><W111/><G111/><T104/><D104/><U107/><E107/><V48/><F48/><W45/><G94/><T7/><D102/><U131/><E131/><V121/><F121/><W93/><G93/><T41/><D59/><U28/><E67/><V91/><F91/><N who="0" m="34858" /><D58/><U1/><E1/><V18/><F18/><W51/><G16/><T33/><D17/><N who="1" m="10423" /><E28/><V61/><F61/><W43/><G97/><T29/><D29/><U27/><E19/><V115/><F115/><W49/><G100/><T35/><D15/><U12/><E12/><V124/><F124/><W77/><G56/><T73/><D73/><RYUUKYOKU ba="2,1" sc="293,-15,61,15,223,15,413,-15" hai1="23,27,30,52,82,84,89" hai2="0,3,5,6,9,20,25,31,63,64,69,78,79" /><INIT seed="4,3,1,4,0,88" ten="278,76,238,398" oya="0" hai0="1,53,72,67,56,89,54,9,111,28,94,105,44" hai1="49,59,126,132,17,102,98,21,77,69,31,117,38" hai2="3,123,11,104,135,115,64,92,83,40,75,109,5" hai3="128,80,96,100,29,0,6,106,35,95,101,37,84"/><T2/><D105/><U42/><E117/><V60/><F123/><W121/><G37/><T103/><D72/><U52/><E126/><V79/><F109/><W50/><G121/><T63/><D103/><U36/><E132/><V70/><F135/><W81/><G128/><T120/><D120/><U22/><E69/><V18/><F115/><W26/><G0/><T133/><D133/><U93/><E77/><V8/><F104/><W124/><G6/><T57/><D28/><U131/><E131/><V7/><F18/><W19/><G124/><T34/><D34/><U39/><E31/><V51/><F51/><W16/><G50/><T12/><D44/><U127/><E22/><V82/><F82/><W24/><G24/><T114/><D114/><U43/><REACH who="1" step="1"/><E127/><REACH who="1" ten="278,66,238,398" step="2"/><V130/><F130/><W4/><G29/><T55/><D111/><U87/><E87/><V125/><F125/><W122/><G84/><T129/><D129/><U73/><E73/><V85/><F85/><W107/><G35/><T78/><D78/><U41/><E41/><V74/><F74/><W48/><G122/><T86/><REACH who="0" step="1"/><D57/><REACH who="0" ten="268,66,238,398" step="2"/><U27/><AGARI ba="3,3" hai="17,21,27,36,38,39,42,43,49,52,59,93,98,102" machi="27" ten="30,7900,0" yaku="1,1,0,1,52,1,54,1,53,0" doraHai="88" doraHaiUra="76" who="1" fromWho="1" sc="268,-42,66,118,238,-23,398,-23" /><INIT seed="5,0,0,2,2,4" ten="226,184,215,375" oya="1" hai0="116,87,118,64,113,68,73,43,76,27,19,125,69" hai1="79,23,17,128,80,45,10,99,104,84,26,12,13" hai2="18,29,60,11,25,124,119,28,105,51,14,90,117" hai3="32,30,59,0,82,37,75,83,67,1,109,24,35"/><U6/><E128/><V108/><F108/><W135/><G109/><T93/><D43/><U65/><E65/><V120/><F120/><W21/><G37/><T71/><D73/><U57/><E57/><V96/><F124/><W33/><G135/><T106/><D106/><U48/><E99/><V3/><F3/><W101/><G75/><T78/><D113/><U103/><E104/><V5/><F60/><W31/><G101/><T15/><D27/><U72/><E72/><V130/><F130/><W7/><G83/><T9/><D64/><U133/><E133/><V38/><F38/><W16/><G82/><T46/><D46/><U42/><E103/><V97/><F97/><W114/><G59/><T110/><D125/><U41/><E42/><V94/><F105/><W49/><G49/><T111/><D111/><U89/><E89/><V2/><F51/><W39/><G67/><T115/><D115/><U50/><E48/><V122/><F29/><N who="3" m="10763" /><G39/><T40/><D40/><U8/><REACH who="1" step="1"/><E8/><REACH who="1" ten="226,174,215,375" step="2"/><V20/><F122/><W132/><G132/><T63/><D110/><U131/><E131/><V134/><F134/><W95/><G114/><T86/><D63/><U85/><E85/><V70/><F70/><W36/><G36/><T126/><D87/><U61/><E61/><V66/><F66/><W81/><G35/><AGARI ba="0,1" hai="2,5,11,14,18,20,25,28,35,90,94,96,117,119" machi="35" ten="30,7700,0" yaku="7,1,24,2,52,1" doraHai="4" who="2" fromWho="3" sc="226,0,174,0,215,87,375,-77" /><INIT seed="6,0,0,1,1,122" ten="226,174,302,298" oya="2" hai0="117,53,3,50,75,41,70,66,100,84,90,118,89" hai1="105,102,124,131,36,68,12,59,58,47,51,71,22" hai2="65,7,28,119,6,60,64,126,73,16,127,81,115" hai3="48,95,103,83,19,17,96,98,69,121,134,76,114"/><V74/><F119/><N who="0" m="45578" /><D75/><U87/><E105/><V25/><F115/><W33/><G121/><T116/><N who="0" m="45586" /><T109/><DORA hai="67" /><D3/><U85/><E102/><V32/><F65/><W44/><G33/><T77/><D41/><U37/><E22/><V1/><F16/><W54/><G114/><T34/><D34/><U52/><E12/><V56/><F7/><W26/><G134/><T29/><D29/><U135/><E85/><V132/><F132/><W39/><G39/><N who="1" m="14922" /><E87/><V21/><F21/><W86/><G69/><N who="1" m="26698" /><E135/><V35/><F35/><W113/><G113/><T82/><D100/><U13/><E13/><V40/><F40/><W80/><G80/><T46/><D109/><U120/><E120/><V94/><F94/><N who="3" m="58775" /><G26/><T88/><D77/><U128/><E124/><N who="2" m="47659" /><F81/><W4/><G4/><T38/><D38/><U27/><E27/><V97/><F97/><W79/><G76/><T57/><D82/><U93/><E93/><V110/><F110/><W107/><G107/><T9/><D84/><U130/><AGARI ba="0,0" hai="47,51,52,58,59,128,130,131" m="26698,14922" machi="130" ten="40,12000,2" yaku="19,1,34,2,52,3,54,1" doraHai="122,67" who="1" fromWho="1" sc="226,-30,174,120,302,-60,298,-30" /><INIT seed="7,0,0,2,4,67" ten="196,294,242,268" oya="3" hai0="18,23,33,30,19,57,119,45,27,25,120,40,80" hai1="15,101,55,97,87,48,22,14,83,66,130,7,56" hai2="132,72,41,78,44,2,63,29,123,113,5,13,128" hai3="127,3,39,121,131,10,58,134,60,17,71,47,81"/><W100/><G121/><T62/><D120/><U6/><E130/><V89/><F123/><W111/><G131/><T115/><D119/><U50/><E66/><V92/><F128/><W65/><G111/><T49/><D115/><U11/><E97/><V91/><F2/><W133/><G127/><T38/><D80/><U20/><E48/><V59/><F132/><N who="3" m="50795" /><G100/><T124/><D124/><U98/><E98/><V4/><F113/><W61/><G81/><T135/><D135/><U112/><E101/><V106/><F106/><W52/><G47/><T102/><D102/><U26/><E112/><V74/><F89/><W93/><G93/><T105/><D105/><U35/><E35/><V34/><F78/><W31/><G31/><T126/><D126/><U0/><E0/><V86/><F34/><W116/><G39/><T8/><D38/><U51/><E51/><V46/><F29/><W54/><G54/><T94/><D94/><U107/><E107/><V90/><F90/><W69/><G116/><T110/><D110/><U64/><E64/><V16/><F74/><W42/><G42/><T79/><D79/><N who="1" m="46591" /><E26/><V96/><F96/><W103/><G103/><T84/><D84/><U12/><E11/><N who="2" m="6207" /><F72/><W21/><G10/><T24/><D8/><U122/><E122/><V70/><F44/><W43/><G3/><T36/><D36/><U125/><E125/><V114/><F114/><W85/><G85/><T118/><D118/><U99/><E99/><V129/><F129/><W37/><G37/><T117/><D117/><U109/><E109/><V95/><F86/><W28/><G65/><RYUUKYOKU ba="0,0" sc="196,-10,294,30,242,-10,268,-10" hai1="6,7,12,14,15,20,22,50,55,56" owari="186,-31.4,324,42.4,232,-16.8,258,5.8" /></mjloggm>