<mjloggm ver="2.3"><GO type="41" lobby="0"/><UN n0="%E8%92%B2%E9%83%A1%E3%81%AE%E3%81%BF%E3%81%A4%E3%81%95%E3%82%93" n1="%72%69%6E%68%61%6E%61" n2="%E2%93%9D%4C%75%63%6B%79%4A" n3="%E3%82%AB%E3%83%8B%E4%B8%89" dan="13,14,16,15" rate="1825.07,1966.54,2164.82,2001.73" sx="M,M,M,M"/><TAIKYOKU oya="0"/><INIT seed="0,0,0,2,5,27" ten="250,250,250,250" oya="0" hai0="103,60,97,2,98,126,73,115,128,63,34,131,123" hai1="113,16,9,11,127,119,6,38,33,21,134,45,0" hai2="71,17,121,22,44,46,62,106,116,114,29,104,80" hai3="88,81,30,112,49,64,65,74,8,95,90,35,26"/><T118/><D123/><U111/><E119/><V79/><F121/><W41/><G112/><T101/><D118/><U4/><E113/><V53/><F116/><W91/><G8/><T58/><D115/><U52/><E111/><V47/><F114/><W86/><G74/><T51/><D2/><U67/><E67/><V77/><F71/><W25/><G25/><T20/><D73/><U83/><E134/><V10/><F106/><W96/><G41/><T133/><D34/><U43/><E33/><V70/><F104/><W28/><G30/><T42/><D20/><U69/><E69/><V36/><F36/><W129/><G129/><N who="0" m="49739" /><D42/><U59/><E83/><V3/><F80/><W84/><G49/><T66/><D51/><U23/><E127/><V31/><F10/><W76/><G76/><N who="2" m="29257" /><F3/><W78/><G78/><T61/><D126/><U7/><E23/><V37/><F37/><W93/><AGARI ba="0,0" hai="26,28,35,64,65,81,84,86,88,90,91,93,95,96" machi="93" ten="20,5200,0" yaku="0,1,7,1,52,1,54,1" doraHai="27" who="3" fromWho="3" sc="250,-26,250,-13,250,-13,250,52" /><INIT seed="1,0,0,0,0,14" ten="224,237,237,302" oya="1" hai0="21,104,41,115,45,46,52,65,7,10,118,5,86" hai1="70,131,80,27,117,107,33,83,57,74,71,11,48" hai2="101,42,9,67,12,110,69,134,54,44,19,89,85" hai3="1,103,55,81,97,36,113,16,88,100,24,98,76"/><U106/><E117/><V72/><F72/><W64/><G1/><T37/><D115/><U132/><E131/><V123/><F123/><W29/><G36/><T84/><D104/><U78/><E132/><V90/><F134/><W122/><G122/><T22/><D7/><U108/><E108/><V87/><F110/><W112/><G64/><T20/><D65/><U3/><E48/><V82/><F101/><W58/><G113/><T56/><D46/><U26/><E26/><V6/><F69/><N who="1" m="26121" /><E83/><V28/><F67/><W39/><G39/><T126/><D118/><U38/><E57/><V109/><F28/><W127/><G127/><T96/><D96/><N who="3" m="36969" /><G76/><T105/><D105/><U114/><E38/><V50/><F109/><W66/><G66/><T94/><D94/><U0/><E114/><V4/><F42/><W99/><G29/><T47/><D47/><U15/><E15/><V51/><F51/><N who="3" m="31103" /><G112/><T35/><D126/><U121/><E121/><V34/><F34/><W49/><G49/><T30/><D35/><U61/><E61/><V135/><F135/><W93/><G81/><AGARI ba="0,0" hai="4,6,9,12,19,44,50,54,81,82,85,87,89,90" machi="81" ten="30,12000,2" yaku="7,1,9,1,25,2,8,1,52,1" doraHai="14" who="2" fromWho="3" sc="224,0,237,0,237,120,302,-120" /><INIT seed="2,0,0,1,2,94" ten="224,237,357,182" oya="2" hai0="116,32,83,22,16,134,122,59,34,135,18,84,74" hai1="78,126,132,115,127,130,10,7,29,90,46,14,20" hai2="13,28,40,96,53,1,73,92,11,107,72,95,48" hai3="65,47,86,57,103,80,93,85,106,4,101,12,75"/><V104/><F1/><W21/><G106/><T41/><D122/><U110/><E115/><V99/><F40/><W6/><G75/><T62/><D74/><U23/><E78/><V125/><F28/><W117/><G117/><T31/><D41/><U118/><E118/><V120/><F120/><W81/><G47/><T131/><D116/><U68/><E68/><V114/><F114/><W15/><G21/><T70/><D70/><U19/><E46/><V3/><F3/><W124/><G57/><T55/><D18/><U8/><E90/><V91/><F125/><N who="1" m="47625" /><E110/><V97/><F73/><W63/><G124/><T42/><D42/><U33/><E130/><V67/><F67/><W109/><G109/><T112/><D131/><U0/><E132/><N who="0" m="50729" /><D31/><U71/><E71/><V82/><F107/><W100/><G65/><T5/><D112/><U52/><E52/><V113/><F104/><W128/><G128/><T45/><D45/><U66/><E66/><V119/><F119/><W2/><G2/><T54/><D54/><U88/><E88/><V79/><F113/><W111/><G111/><T24/><D5/><U89/><E89/><AGARI ba="0,0" hai="16,22,24,32,34,55,59,62,83,84,89" m="50729" machi="89" ten="30,2000,0" yaku="20,1,54,1" doraHai="94" who="0" fromWho="1" sc="224,20,237,-20,357,0,182,0" /><INIT seed="3,0,0,1,0,51" ten="244,217,357,182" oya="3" hai0="6,82,90,102,55,25,119,110,98,125,16,70,17" hai1="59,96,10,52,122,72,93,124,8,18,9,87,74" hai2="100,26,63,78,1,130,132,68,97,33,40,92,129" hai3="99,83,24,75,109,27,101,61,38,111,135,80,127"/><W31/><G38/><T105/><D119/><U73/><E122/><V12/><F1/><W118/><G118/><T60/><D6/><U128/><E124/><V14/><F78/><W45/><G135/><T49/><D125/><U48/><E128/><N who="2" m="49259" /><F40/><W106/><G127/><T44/><D110/><N who="3" m="41993" /><G75/><T46/><D46/><U58/><E87/><V84/><F84/><W7/><G7/><T11/><D25/><N who="3" m="9801" /><G31/><T120/><D120/><U42/><E42/><V35/><F132/><W65/><G45/><T94/><D82/><U36/><E36/><V0/><F0/><W114/><G114/><T112/><D112/><U108/><E108/><V89/><F35/><W79/><G79/><T103/><D103/><U76/><E76/><V13/><F100/><W43/><G43/><T56/><D11/><U95/><E95/><V22/><F33/><W107/><G106/><T3/><D3/><U2/><E2/><V115/><F115/><W113/><G113/><T131/><D70/><AGARI ba="0,0" hai="61,65,70,80,83,99,101,107" m="9801,41993" machi="70" ten="30,2900,0" yaku="14,1,10,1" doraHai="51" who="3" fromWho="0" sc="244,-29,217,0,357,0,182,29" /><INIT seed="3,1,0,4,3,116" ten="215,217,357,211" oya="3" hai0="113,58,7,28,129,54,78,108,62,16,55,20,107" hai1="63,134,24,86,37,44,1,26,73,11,128,36,115" hai2="104,117,64,33,88,90,52,99,10,45,100,101,70" hai3="3,96,83,9,77,56,111,14,125,40,65,25,89"/><W97/><G3/><T103/><D113/><U29/><E26/><V74/><F117/><W81/><G40/><T47/><D129/><U133/><E115/><V94/><F33/><W41/><G41/><T59/><D78/><U61/><E128/><V49/><F74/><W51/><G125/><T39/><D28/><U60/><E73/><V91/><F101/><W95/><G25/><T38/><D7/><N who="1" m="1519" /><E86/><V6/><F64/><W135/><G135/><N who="1" m="51722" /><E44/><V17/><F70/><W53/><G111/><T98/><D47/><U105/><E105/><V71/><F71/><W18/><G65/><T112/><D108/><U48/><E48/><V66/><F66/><W35/><G35/><AGARI ba="1,0" hai="24,29,35,36,37,60,61,63" m="51722,1519" machi="35" ten="30,1000,0" yaku="20,1" doraHai="116" who="1" fromWho="3" sc="215,0,217,13,357,0,211,-13" /><INIT seed="4,0,0,4,1,11" ten="215,230,357,198" oya="0" hai0="120,5,83,7,60,68,18,130,76,101,92,47,32" hai1="45,35,106,66,36,126,109,135,119,64,59,67,108" hai2="26,79,69,74,95,23,25,96,73,29,75,90,80" hai3="20,121,118,31,34,122,52,43,42,82,46,98,112"/><T9/><D32/><U13/><E119/><V88/><F69/><W10/><G34/><T86/><D120/><N who="3" m="46185" /><G118/><T62/><D130/><U2/><E106/><V49/><F49/><N who="3" m="28727" /><G112/><T103/><D68/><U115/><E35/><V97/><F26/><N who="3" m="16839" /><G98/><N who="0" m="59591" /><D103/><U117/><E2/><V14/><F97/><W51/><G82/><T94/><D94/><U100/><E100/><V77/><F79/><W40/><G10/><T28/><D28/><U113/><E117/><V55/><F55/><W53/><G40/><T127/><D47/><AGARI ba="0,0" hai="42,43,47,51,53" m="16839,28727,46185" machi="47" ten="30,2000,0" yaku="13,1,54,1" doraHai="11" who="3" fromWho="0" sc="215,-20,230,0,357,0,198,20" /><INIT seed="5,0,0,1,0,94" ten="195,230,357,218" oya="1" hai0="114,131,58,3,99,33,19,57,11,38,117,26,93" hai1="2,39,134,105,75,16,106,34,109,30,125,112,113" hai2="6,126,90,97,82,0,81,108,120,78,29,116,25" hai3="1,98,17,71,53,32,27,91,54,122,79,46,45"/><U133/><RYUUKYOKU type="yao9" ba="0,0" sc="195,0,230,0,357,0,218,0" hai1="2,16,30,34,39,75,105,106,109,112,113,125,133,134" /><INIT seed="5,1,0,2,2,117" ten="195,230,357,218" oya="1" hai0="62,80,17,39,41,28,3,63,33,0,13,10,112" hai1="91,115,119,52,79,30,46,102,5,98,70,133,24" hai2="110,118,19,34,2,129,49,108,12,7,54,27,127" hai3="87,73,134,22,130,21,77,23,82,101,53,100,114"/><U105/><E119/><V122/><F118/><W38/><G38/><T84/><D112/><U11/><E70/><V92/><F92/><W67/><G130/><T50/><D39/><U128/><E115/><V90/><F90/><W123/><G123/><T40/><D3/><U99/><E128/><V76/><F76/><W104/><G104/><T60/><D0/><U126/><E79/><V29/><F129/><W120/><G120/><T55/><D28/><U9/><E126/><V68/><F68/><W45/><G114/><T26/><D26/><U93/><E133/><V18/><F19/><W65/><G73/><T78/><D33/><U36/><E5/><V89/><F89/><W66/><G134/><T111/><REACH who="0" step="1"/><D111/><REACH who="0" ten="185,230,357,218" step="2"/><U124/><E124/><V31/><F31/><W81/><G82/><T20/><D20/><U86/><E36/><V74/><F127/><W25/><G25/><T1/><D1/><U44/><E24/><V14/><F2/><W113/><G113/><T97/><D97/><U69/><E30/><V64/><F29/><W75/><G75/><T37/><D37/><U51/><E99/><V15/><F74/><W107/><G107/><T48/><D48/><AGARI ba="1,1" hai="21,22,23,45,48,53,65,66,67,77,81,87,100,101" machi="48" ten="40,1300,0" yaku="8,1" doraHai="117" who="3" fromWho="0" sc="185,-16,230,0,357,0,218,26" /><INIT seed="6,0,0,5,1,31" ten="169,230,357,244" oya="2" hai0="97,124,5,120,19,16,81,133,83,48,90,79,61" hai1="56,1,9,104,78,69,23,10,70,28,58,130,109" hai2="33,47,17,86,45,40,7,75,11,62,15,99,65" hai3="135,44,94,35,6,106,118,125,113,39,60,51,134"/><V84/><F75/><W129/><G118/><T107/><D120/><U93/><E104/><V50/><F33/><W37/><G106/><T72/><D124/><U26/><E78/><V100/><F47/><W71/><G35/><T92/><D133/><N who="3" m="50697" /><G6/><T105/><D83/><U98/><E109/><V46/><F46/><W2/><G94/><T132/><D5/><U131/><E56/><V24/><F24/><W53/><G2/><T43/><D132/><U119/><E119/><V89/><F89/><W116/><G116/><T103/><D107/><U32/><E23/><V108/><F108/><W101/><G101/><T4/><D61/><U123/><E123/><V59/><REACH who="2" step="1"/><F7/><REACH who="2" ten="169,230,347,244" step="2"/><W38/><G129/><N who="1" m="49162" /><E58/><V22/><F22/><W91/><G91/><T80/><D4/><N who="1" m="1167" /><E10/><V95/><AGARI ba="0,1" hai="11,15,17,40,45,50,59,62,65,84,86,95,99,100" machi="95" ten="20,7800,0" yaku="1,1,0,1,7,1,8,1,53,0" doraHai="31" doraHaiUra="21" who="2" fromWho="2" sc="169,-26,230,-26,347,88,244,-26" /><INIT seed="6,1,0,0,3,105" ten="143,204,435,218" oya="2" hai0="35,104,77,116,125,127,70,67,133,107,81,57,12" hai1="68,93,13,49,91,83,63,78,26,64,92,40,27" hai2="115,11,69,76,87,132,88,85,43,0,42,131,65" hai3="29,90,58,112,130,30,94,22,60,18,79,47,55"/><V28/><F131/><W1/><G1/><T8/><D35/><U45/><E93/><V120/><F120/><W31/><G130/><T98/><D116/><U117/><E117/><V36/><F36/><W10/><G79/><T84/><D133/><U135/><E135/><V14/><F0/><W33/><G33/><T99/><D70/><U38/><E38/><V100/><F100/><W51/><G10/><T121/><D121/><U52/><E40/><V19/><F115/><W44/><G112/><T124/><D67/><U62/><E62/><V3/><F3/><W72/><G72/><T75/><D57/><U56/><E13/><V39/><F28/><W25/><REACH who="3" step="1"/><G51/><REACH who="3" ten="143,204,435,208" step="2"/><T122/><D122/><U50/><E50/><V24/><F76/><W9/><G9/><T66/><D66/><U61/><E68/><V118/><F65/><W16/><G16/><N who="0" m="8199" /><D84/><AGARI ba="1,1" hai="18,22,25,29,30,31,44,47,55,58,60,84,90,94" machi="84" ten="40,5200,0" yaku="1,1,8,1,53,1" doraHai="105" doraHaiUra="82" who="3" fromWho="0" sc="143,-55,204,0,435,0,208,65" /><INIT seed="7,0,0,0,4,59" ten="88,204,435,273" oya="3" hai0="71,40,38,112,17,13,72,89,10,37,8,109,54" hai1="33,31,84,78,130,124,7,20,2,18,119,79,23" hai2="62,110,36,118,97,21,39,76,14,122,47,82,51" hai3="88,49,1,5,127,69,11,53,81,58,68,87,67"/><W96/><G127/><T22/><D72/><U135/><E84/><V44/><F118/><W43/><G43/><T50/><D71/><U45/><E79/><V75/><F110/><W117/><G117/><T41/><D109/><U19/><E45/><V46/><F122/><W24/><G24/><T77/><D77/><U70/><E78/><V123/><F123/><W32/><G32/><T9/><D112/><U105/><E70/><V64/><F97/><W94/><REACH who="3" step="1"/><G67/><REACH who="3" ten="88,204,435,263" step="2"/><T56/><D38/><U66/><E66/><V98/><F39/><W126/><G126/><T102/><D37/><U57/><E124/><V74/><F36/><W27/><G27/><T106/><D41/><U25/><E119/><V73/><F75/><W60/><G60/><T6/><D40/><U104/><E33/><V80/><F74/><W26/><G26/><T103/><D106/><U132/><E31/><V129/><F62/><W107/><G107/><T90/><REACH who="0" step="1"/><D6/><REACH who="0" ten="78,204,435,263" step="2"/><U3/><E7/><V120/><F120/><W63/><G63/><T93/><D93/><U95/><E95/><V29/><F73/><W116/><G116/><T85/><D85/><U101/><E104/><V42/><F42/><W134/><G134/><T52/><D52/><U61/><E105/><V131/><F64/><W48/><G48/><T114/><D114/><U83/><E132/><V34/><F51/><W128/><G128/><T115/><D115/><U55/><E130/><V15/><F131/><W28/><G28/><T99/><D99/><U12/><E135/><V30/><F129/><W0/><G0/><T111/><D111/><RYUUKYOKU ba="0,2" sc="78,15,204,-15,435,-15,263,15" hai0="8,9,10,13,17,22,50,54,56,89,90,102,103" hai3="1,5,11,49,53,58,68,69,81,87,88,94,96" /><INIT seed="7,1,2,2,0,41" ten="93,189,420,278" oya="3" hai0="14,45,59,117,6,110,17,31,57,64,23,109,49" hai1="111,32,72,36,15,74,103,44,78,80,104,96,26" hai2="27,40,37,94,60,91,88,83,28,43,53,30,51" hai3="121,79,118,100,101,20,95,99,73,3,42,92,128"/><W10/><G121/><T127/><D117/><U75/><E111/><V90/><F37/><W114/><G118/><T62/><D127/><U85/><E15/><V7/><F7/><W115/><G3/><T2/><D31/><N who="2" m="11818" /><F60/><W18/><G10/><T55/><D2/><U19/><E32/><V82/><F27/><W67/><G67/><T22/><D6/><U24/><E19/><V50/><F94/><W58/><G58/><T122/><D122/><U106/><REACH who="1" step="1"/><E104/><REACH who="1" ten="93,179,420,278" step="2"/><V81/><F51/><W89/><G18/><T68/><D110/><U98/><E98/><V63/><F63/><W71/><G99/><T132/><D109/><U105/><E105/><V124/><F124/><W65/><G128/><T108/><D108/><U11/><E11/><V119/><F119/><W54/><G115/><T9/><D132/><U4/><E4/><V107/><F107/><W87/><G114/><T93/><D93/><U112/><E112/><V97/><F97/><W84/><G95/><T66/><D9/><U5/><E5/><V16/><F16/><W12/><G92/><T52/><D23/><U70/><E70/><V123/><F123/><W102/><G12/><T77/><D68/><U135/><E135/><V29/><F29/><W34/><G34/><T0/><D0/><U120/><E120/><V76/><F76/><W46/><G20/><T130/><D77/><U35/><E35/><V61/><F61/><W125/><G79/><T69/><D69/><U47/><E47/><AGARI ba="1,3" hai="40,43,47,50,53,81,82,83,88,90,91" m="11818" machi="47" ten="30,3900,0" yaku="8,1,52,1,54,1" doraHai="41" who="2" fromWho="1" sc="93,0,179,-42,420,72,278,0" owari="93,-40.7,137,-26.3,492,59.2,278,7.8" /></mjloggm>