<mjloggm ver="2.3"><GO type="137" lobby="0"/><UN n0="%4E%59%35%30%30%30%30" n1="%4C%69%67%68%74%2E" n2="%E5%A4%A9%E7%BE%BD%E5%A5%8F" n3="%E2%93%9D%4C%75%63%6B%79%4A" dan="13,12,12,12" rate="1764.87,1637.20,1909.86,1892.34" sx="M,F,F,M"/><TAIKYOKU oya="0"/><INIT seed="0,0,0,0,5,5" ten="250,250,250,250" oya="0" hai0="57,91,24,56,15,132,112,102,66,92,36,28,104" hai1="72,78,54,108,46,44,107,25,79,110,118,37,27" hai2="100,31,68,98,94,122,109,83,61,76,0,2,117" hai3="73,49,82,128,81,39,77,123,65,50,20,1,63"/><T4/><D112/><U41/><E118/><V51/><F122/><W53/><G123/><T135/><D36/><U16/><E107/><V131/><F117/><W105/><G105/><T111/><D66/><U134/><E72/><V85/><F31/><W18/><G128/><T103/><D104/><U23/><E134/><N who="0" m="51241" /><D103/><U129/><E27/><V95/><F131/><W84/><G1/><T30/><D102/><U124/><E124/><V32/><F32/><W87/><G39/><T74/><D74/><U114/><E114/><V12/><F109/><N who="1" m="42089" /><E129/><V48/><F94/><W11/><G73/><T88/><D111/><U8/><E8/><V43/><F43/><W116/><G11/><N who="0" m="4583" /><D91/><U96/><E96/><V26/><F26/><W58/><G65/><T55/><D57/><U120/><E120/><V19/><F61/><W17/><G116/><T3/><D3/><U69/><E69/><V33/><F68/><W127/><G127/><T35/><D30/><U21/><E23/><V59/><F2/><W45/><G20/><T22/><D35/><U47/><E44/><V89/><F0/><W121/><G121/><T97/><D56/><U126/><E126/><V75/><F33/><W125/><G125/><T71/><D71/><U60/><E60/><V93/><F59/><W67/><REACH who="3" step="1"/><G50/><AGARI ba="0,0" hai="16,21,25,37,41,46,47,50,54,78,79" m="42089" machi="50" ten="30,2000,0" yaku="14,1,54,1" doraHai="5" who="1" fromWho="3" sc="250,0,250,20,250,0,250,-20" /><INIT seed="1,0,0,0,4,132" ten="250,270,250,230" oya="1" hai0="19,89,53,130,23,84,67,87,82,135,49,22,85" hai1="44,5,14,77,2,92,61,133,51,121,126,29,111" hai2="63,27,74,71,36,34,73,10,52,21,60,120,42" hai3="119,99,110,9,101,24,41,115,3,98,7,68,106"/><U62/><E121/><V105/><F120/><W47/><G115/><T17/><D135/><U11/><E133/><V86/><F105/><W117/><G99/><T56/><D67/><U124/><E77/><V95/><F34/><W45/><G47/><T125/><D130/><U12/><E111/><V40/><F40/><W28/><G110/><T76/><D76/><U112/><E112/><V75/><F10/><W1/><G68/><T13/><REACH who="0" step="1"/><D125/><REACH who="0" ten="240,270,250,230" step="2"/><N who="1" m="48235" /><E29/><V94/><F71/><W39/><REACH who="3" step="1"/><G3/><REACH who="3" ten="240,270,250,220" step="2"/><T8/><D8/><U69/><E69/><V55/><F36/><W15/><G15/><AGARI ba="0,2" hai="13,15,17,19,22,23,49,53,56,82,84,85,87,89" machi="15" ten="30,7700,0" yaku="1,1,7,1,9,1,8,1,53,0" doraHai="132" doraHaiUra="66" who="0" fromWho="3" sc="240,97,270,0,250,0,220,-77" /><INIT seed="2,0,0,2,2,135" ten="337,270,250,143" oya="2" hai0="52,89,127,1,16,83,49,12,31,82,79,64,55" hai1="131,74,51,90,128,59,121,115,101,54,102,47,112" hai2="3,71,42,118,10,84,37,6,30,113,132,26,96" hai3="117,34,20,56,85,62,14,4,76,38,100,80,75"/><V8/><F118/><W77/><G117/><T78/><D1/><U66/><E74/><V17/><F132/><W124/><G34/><T2/><D2/><U9/><E9/><V7/><F71/><W29/><G38/><T87/><D31/><U65/><E121/><V93/><F113/><W72/><G100/><T27/><D64/><U35/><E35/><V97/><F42/><W134/><G134/><T23/><D127/><U92/><E102/><V43/><F43/><W11/><G77/><T111/><D111/><U58/><E101/><V105/><F105/><W103/><G103/><T39/><D39/><U68/><E90/><V48/><F37/><W73/><G29/><N who="0" m="17663" /><D55/><U18/><E18/><V130/><F130/><N who="1" m="49705" /><E92/><V41/><F17/><W133/><G133/><T104/><D83/><U123/><E123/><V5/><F5/><W40/><G40/><T60/><D60/><N who="1" m="38039" /><E47/><V81/><F93/><W63/><G56/><N who="0" m="32783" /><D104/><U125/><E66/><V67/><F67/><W44/><G44/><T88/><D89/><U61/><E68/><V24/><F30/><W94/><G94/><T28/><D28/><U98/><E98/><V22/><F3/><W46/><G46/><T69/><D69/><U19/><E19/><V120/><F120/><W53/><G53/><T57/><D57/><N who="1" m="32991" /><E125/><V32/><F32/><W95/><G124/><T107/><D107/><U106/><E106/><V50/><F41/><W13/><G95/><T109/><D109/><U45/><E45/><V0/><F0/><W114/><G114/><T33/><D33/><U15/><E15/><V91/><F81/><RYUUKYOKU ba="0,0" sc="337,10,270,10,250,-30,143,10" hai0="12,16,78,79,82,87,88" hai1="59,61,112,115" hai3="4,11,13,14,20,62,63,72,73,75,76,80,85" /><INIT seed="3,1,0,3,2,15" ten="347,280,220,153" oya="3" hai0="60,91,14,90,107,16,1,81,134,68,56,13,106" hai1="125,88,51,3,119,104,37,11,74,30,122,89,41" hai2="132,101,85,20,36,5,18,61,95,105,120,27,43" hai3="135,82,54,34,76,114,94,46,123,70,111,103,98"/><W65/><G123/><T96/><D1/><U8/><E104/><V59/><F105/><W7/><G114/><T83/><D68/><U93/><E74/><V78/><F132/><W124/><G34/><T6/><D134/><U62/><E37/><V52/><F120/><W130/><G135/><T38/><D38/><U127/><E30/><V23/><F5/><W75/><G124/><N who="1" m="47690" /><E3/><V97/><F36/><W28/><G28/><T108/><D108/><U64/><E89/><N who="0" m="33801" /><D107/><U40/><E119/><V128/><F128/><W17/><G7/><T19/><D106/><U29/><E29/><V48/><F43/><N who="1" m="16457" /><E122/><V67/><F23/><W33/><G33/><T86/><D96/><N who="1" m="57383" /><E51/><V102/><F102/><W47/><G111/><T21/><D6/><U42/><N who="1" m="16465" /><U92/><DORA hai="72" /><E92/><V53/><REACH who="2" step="1"/><F48/><REACH who="2" ten="347,280,210,153" step="2"/><W39/><G39/><T45/><D86/><U4/><E4/><V57/><F57/><AGARI ba="1,1" hai="8,11,57,62,64" m="57383,16465,47690" machi="57" ten="40,2600,0" yaku="18,1,54,1" doraHai="15,72" who="1" fromWho="2" sc="347,0,280,39,210,-29,153,0" /><INIT seed="4,0,0,1,0,88" ten="347,319,181,153" oya="0" hai0="24,134,12,126,127,40,92,116,8,22,11,13,76" hai1="54,31,108,7,66,109,17,120,93,105,53,72,16" hai2="91,84,94,26,3,55,35,42,90,67,78,113,32" hai3="101,125,9,82,34,51,61,133,99,75,57,135,1"/><T81/><D116/><U44/><E105/><V28/><F113/><W80/><G34/><T6/><D40/><U30/><E120/><V62/><F3/><W64/><G125/><N who="0" m="47627" /><D134/><N who="3" m="51209" /><G75/><N who="0" m="43167" /><D11/><U29/><E66/><V121/><F121/><W65/><G65/><T117/><D117/><U58/><E7/><V100/><F42/><W132/><N who="3" m="51217" /><W87/><DORA hai="5" /><G87/><T96/><D13/><U63/><E72/><V68/><F55/><W98/><G99/><T50/><D50/><U123/><E123/><V59/><F100/><W86/><G86/><T95/><D96/><U110/><E44/><V60/><F78/><W73/><G51/><T124/><N who="0" m="47635" /><T79/><DORA hai="41" /><D79/><U77/><E77/><V69/><F60/><W115/><G115/><T39/><D39/><U0/><E0/><V2/><F2/><W15/><G1/><T130/><D130/><U106/><E106/><V43/><F43/><W56/><G73/><T122/><D122/><U46/><E46/><V131/><F131/><W21/><G57/><T33/><D33/><U83/><E54/><V10/><F10/><W38/><G38/><T48/><D48/><U128/><E128/><V23/><REACH who="2" step="1"/><F91/><REACH who="2" ten="347,319,171,153" step="2"/><W49/><G49/><T89/><D89/><U129/><E129/><V107/><F107/><N who="3" m="63927" /><G9/><T103/><D103/><U47/><E110/><V104/><F104/><W14/><G61/><T45/><D45/><U27/><E109/><V36/><F36/><W118/><G118/><T70/><D70/><AGARI ba="0,1" hai="23,26,28,32,35,59,62,67,68,69,70,84,90,94" machi="70" ten="40,8000,1" yaku="1,1,52,1,53,2" doraHai="88,5,41" doraHaiUra="20,37,25" who="2" fromWho="0" sc="347,-80,319,0,171,90,153,0" /><INIT seed="5,0,0,1,5,58" ten="267,319,261,153" oya="1" hai0="21,57,46,3,17,134,122,31,34,61,13,40,125" hai1="7,77,83,70,5,88,18,85,12,81,100,86,135" hai2="90,89,74,39,111,98,11,71,101,44,68,49,73" hai3="94,50,41,63,128,127,106,20,87,30,112,8,0"/><U121/><E121/><V22/><F111/><W2/><G106/><T28/><D3/><U54/><E70/><V120/><F39/><W131/><G41/><T14/><D122/><U26/><E135/><V37/><F37/><W132/><G50/><T4/><D134/><U82/><E100/><V75/><F120/><W93/><G87/><T117/><D34/><U84/><E26/><V104/><F11/><W107/><G107/><T47/><D117/><U60/><E5/><V52/><F68/><W110/><G112/><T114/><D114/><U55/><E7/><V105/><F71/><W35/><G127/><T38/><D125/><U62/><E77/><V92/><F22/><W23/><G8/><T9/><REACH who="0" step="1"/><D46/><REACH who="0" ten="257,319,261,153" step="2"/><U27/><E27/><V126/><F126/><W102/><G132/><T42/><D42/><U65/><E65/><AGARI ba="0,1" hai="4,9,13,14,17,21,28,31,38,40,47,57,61,65" machi="65" ten="30,3900,0" yaku="1,1,7,1,52,1,53,0" doraHai="58" doraHaiUra="109" who="0" fromWho="1" sc="257,49,319,-39,261,0,153,0" /><INIT seed="6,0,0,0,2,44" ten="306,280,261,153" oya="2" hai0="30,75,88,55,16,0,89,14,73,78,7,24,130" hai1="90,127,135,106,122,77,123,33,56,61,83,105,114" hai2="32,49,17,42,92,37,13,81,8,91,109,124,35" hai3="121,4,52,85,113,22,39,103,74,116,58,19,76"/><V71/><F71/><W66/><G121/><N who="1" m="46090" /><E33/><V31/><F37/><W36/><G116/><T117/><D0/><U111/><E56/><V94/><F109/><W21/><G74/><T72/><D117/><U128/><E61/><V101/><F124/><W48/><G103/><T57/><D78/><U34/><E34/><V86/><F35/><W107/><G107/><N who="1" m="40970" /><E114/><V12/><F101/><W63/><G4/><T43/><D43/><U62/><E62/><V67/><F67/><W46/><G113/><T100/><D100/><U28/><E28/><V132/><F132/><W40/><G39/><T68/><D68/><U9/><E9/><V11/><F31/><W102/><G102/><T70/><D70/><U5/><E5/><N who="2" m="3087" /><F32/><W69/><G19/><T27/><D7/><U79/><E127/><V84/><F84/><W112/><G112/><T20/><D27/><U38/><E38/><V104/><F104/><W41/><G41/><T53/><D130/><U15/><E15/><V126/><F126/><W125/><G125/><T134/><D134/><U25/><E25/><V10/><F10/><W54/><G54/><T87/><D87/><N who="1" m="50559" /><E135/><V6/><F6/><W95/><REACH who="3" step="1"/><G76/><REACH who="3" ten="306,280,261,143" step="2"/><N who="1" m="29258" /><E128/><V45/><AGARI ba="0,1" hai="11,13,17,42,45,49,81,86,91,92,94" m="3087" machi="45" ten="30,3000,0" yaku="8,1,52,1" doraHai="44" who="2" fromWho="2" sc="306,-10,280,-10,261,40,143,-10" /><INIT seed="6,1,0,4,0,83" ten="296,270,301,133" oya="2" hai0="124,107,15,41,82,131,51,79,86,97,99,95,73" hai1="57,71,42,64,117,36,94,2,14,74,90,30,22" hai2="16,92,20,88,125,120,122,70,28,89,32,127,114" hai3="55,75,44,8,5,46,27,25,72,111,35,60,76"/><V132/><F114/><W43/><G111/><T106/><D131/><U21/><E117/><V0/><F132/><W50/><G35/><T115/><D115/><U53/><E2/><V100/><F0/><W128/><G128/><T113/><D113/><U66/><E74/><V17/><F70/><W40/><G60/><T103/><D124/><N who="2" m="47690" /><F32/><W31/><G55/><T61/><D61/><U91/><E90/><N who="2" m="34923" /><F28/><W38/><G31/><T112/><D112/><U52/><E53/><V6/><F6/><W118/><G118/><T48/><D73/><U134/><E134/><V10/><F10/><W87/><G75/><T93/><D41/><U3/><E3/><V135/><F135/><W47/><G47/><T130/><D130/><U54/><E54/><V104/><F104/><W96/><G72/><T9/><D107/><U29/><E14/><N who="2" m="9239" /><F17/><W126/><G126/><T4/><D106/><U102/><E30/><V59/><F59/><W49/><G38/><T133/><D133/><U26/><E22/><V98/><AGARI ba="1,0" hai="92,98,100,120,122" m="9239,34923,47690" machi="98" ten="30,6000,0" yaku="18,1,54,2" doraHai="83" who="2" fromWho="2" sc="296,-21,270,-21,301,63,133,-21" /><INIT seed="6,2,0,3,5,4" ten="275,249,364,112" oya="2" hai0="112,118,108,8,14,56,64,81,116,11,58,69,0" hai1="32,76,102,52,131,95,17,98,133,127,28,25,3" hai2="29,103,135,100,77,45,19,15,38,70,47,9,114" hai3="33,43,119,46,73,18,16,39,91,13,26,115,82"/><V74/><F70/><W53/><G119/><N who="0" m="45611" /><D108/><U41/><E41/><V7/><F29/><W122/><G122/><T42/><D0/><U23/><E127/><V21/><F135/><W132/><G132/><T87/><D42/><U75/><E131/><V88/><F114/><W34/><G115/><T124/><D14/><U30/><E28/><V107/><F107/><W22/><G53/><T126/><D112/><U55/><E133/><V5/><F5/><W78/><REACH who="3" step="1"/><G91/><REACH who="3" ten="275,249,364,102" step="2"/><N who="0" m="51695" /><D126/><U1/><E76/><V35/><F77/><W97/><G97/><T37/><D124/><U27/><REACH who="1" step="1"/><E75/><REACH who="1" ten="275,239,364,102" step="2"/><V92/><F74/><W48/><G48/><T96/><D37/><U60/><E60/><V134/><F134/><W62/><G62/><N who="0" m="40087" /><D96/><U67/><E67/><V10/><F38/><W59/><G59/><AGARI ba="2,2" hai="8,11,56,58,59" m="40087,51695,45611" machi="59" ten="30,3900,0" yaku="12,1,52,2" doraHai="4" who="0" fromWho="3" sc="275,65,239,0,364,0,102,-45" /><INIT seed="7,0,0,5,5,15" ten="340,239,364,57" oya="3" hai0="44,31,55,43,29,107,6,51,53,0,108,110,125" hai1="88,1,66,61,49,129,95,124,42,14,131,98,17" hai2="130,28,71,26,111,37,9,77,82,11,116,63,58" hai3="90,101,122,118,7,34,121,41,109,12,91,99,40"/><W123/><G34/><T128/><D107/><U8/><E1/><V20/><F116/><W22/><G118/><T68/><D68/><U85/><E124/><V93/><F37/><W45/><G109/><T97/><D0/><U94/><E42/><V105/><F105/><W46/><G7/><T27/><D6/><U16/><E17/><V114/><F71/><W54/><G54/><T25/><D125/><U60/><E49/><V126/><F111/><W119/><G119/><T48/><D110/><U47/><E47/><V106/><F106/><W13/><G99/><T62/><D108/><U50/><E50/><V24/><F24/><N who="0" m="9290" /><D128/><U32/><E32/><V96/><F126/><W57/><G57/><N who="0" m="35119" /><D97/><U73/><E73/><V36/><F36/><W74/><G74/><T87/><D87/><U3/><E3/><V80/><F114/><W133/><G123/><T19/><D19/><U23/><E8/><N who="2" m="3147" /><F77/><W76/><G76/><T4/><D4/><U127/><E127/><V92/><F130/><W64/><G64/><T52/><D43/><U69/><REACH who="1" step="1"/><E61/><REACH who="1" ten="340,229,364,57" step="2"/><V72/><F72/><W112/><G112/><T102/><D102/><AGARI ba="0,1" hai="14,16,23,60,66,69,85,88,94,95,98,102,129,131" machi="102" ten="40,8000,1" yaku="1,1,2,1,52,1,54,2,53,0" doraHai="15" doraHaiUra="103" who="1" fromWho="0" sc="340,-80,229,90,364,0,57,0" owari="260,-14.0,319,11.9,364,46.4,57,-44.3" /></mjloggm>