<mjloggm ver="2.3"><GO type="41" lobby="0"/><UN n0="%E3%81%97%E3%81%8B%E8%8C%B6" n1="%E3%82%AA%E3%83%9E%E3%83%BC%E3%82%B7%E3%83%A3%E3%83%AA%E3%83%95" n2="%E2%93%9D%4C%75%63%6B%79%4A" n3="%73%79%75%6E%79%6F%6E%65" dan="15,14,17,14" rate="2022.24,1961.56,2169.00,1871.66" sx="F,M,M,M"/><TAIKYOKU oya="0"/><INIT seed="0,0,0,5,4,52" ten="250,250,250,250" oya="0" hai0="115,102,78,51,85,119,23,134,90,41,124,98,47" hai1="13,128,64,103,7,120,131,117,59,76,77,10,4" hai2="116,19,56,129,113,38,44,55,112,60,125,80,31" hai3="17,49,24,71,58,14,135,11,62,40,82,109,81"/><T69/><D69/><U35/><E117/><V127/><F31/><W114/><G71/><T6/><D119/><U0/><E35/><V53/><F80/><W65/><G114/><N who="2" m="44137" /><F19/><W87/><G135/><T94/><D115/><U92/><E120/><V122/><F116/><W12/><G109/><T63/><D134/><U39/><E39/><V1/><F1/><W29/><G40/><T99/><D124/><N who="2" m="47690" /><F122/><W89/><G49/><T96/><D6/><U75/><E75/><V86/><F86/><W121/><G121/><T45/><D45/><U105/><E105/><V66/><F129/><N who="1" m="49737" /><E0/><V108/><F108/><W25/><G29/><T93/><D78/><U34/><E34/><V2/><F2/><W100/><G100/><T104/><D104/><U111/><E4/><V83/><F83/><W84/><REACH who="3" step="1"/><G14/><REACH who="3" ten="250,250,250,240" step="2"/><T37/><D37/><U48/><E48/><V106/><F106/><W74/><G74/><T9/><D9/><U73/><E73/><V68/><F68/><W15/><G15/><T22/><D63/><N who="1" m="38015" /><E111/><V130/><F130/><W16/><G16/><T3/><D3/><U110/><E110/><V95/><F95/><W43/><G43/><AGARI ba="0,1" hai="38,43,44,53,55,56,60,66" m="47690,44137" machi="43" ten="30,7700,0" yaku="18,1,34,2,52,1" doraHai="52" who="2" fromWho="3" sc="250,0,250,0,250,87,240,-77" /><INIT seed="1,0,0,0,1,48" ten="250,250,337,163" oya="1" hai0="47,91,108,54,36,26,30,67,41,132,34,130,60" hai1="106,113,27,119,65,124,57,62,39,6,5,46,74" hai2="87,95,102,10,29,115,33,122,105,129,104,23,12" hai3="52,72,100,89,68,21,85,11,82,63,38,118,99"/><U66/><E119/><V96/><F122/><W112/><G38/><T55/><D108/><U56/><E74/><V92/><F33/><W88/><G68/><T53/><D132/><U44/><E106/><V15/><F129/><W16/><G72/><T40/><D40/><U78/><E78/><V61/><F115/><W123/><G123/><T109/><D109/><U31/><E39/><V71/><F15/><W84/><G118/><T42/><D42/><U133/><E133/><V103/><F23/><W50/><G63/><T94/><D130/><U134/><E134/><V51/><F29/><W126/><G126/><T73/><D73/><U114/><E124/><V59/><F71/><W64/><G64/><T2/><D2/><U86/><E86/><V127/><F51/><W77/><G85/><T24/><D30/><U120/><E120/><V80/><F103/><W18/><G11/><T131/><D34/><U28/><E27/><V90/><F105/><W45/><G112/><T9/><D9/><U76/><E76/><V79/><F79/><W32/><G32/><T43/><D43/><U135/><E135/><V13/><F13/><N who="3" m="9359" /><G18/><T37/><D37/><U35/><E35/><V1/><F1/><W8/><G8/><T128/><D131/><U101/><E101/><V93/><F127/><W116/><G116/><T75/><D75/><U58/><E58/><V121/><F121/><W111/><G111/><T70/><REACH who="0" step="1"/><D128/><REACH who="0" ten="240,250,337,163" step="2"/><U83/><E62/><V17/><F61/><W4/><G4/><T81/><D81/><AGARI ba="0,1" hai="5,6,28,31,44,46,56,57,65,66,81,83,113,114" machi="81" ten="25,2400,0" yaku="22,2" doraHai="48" who="1" fromWho="0" sc="240,-24,250,34,337,0,163,0" /><INIT seed="1,1,0,4,3,4" ten="216,284,337,163" oya="1" hai0="29,86,101,34,7,11,55,72,96,92,87,128,62" hai1="44,51,54,75,18,106,31,14,27,49,17,22,50" hai2="110,25,19,32,10,125,58,119,108,120,36,47,80" hai3="133,105,112,20,84,107,127,70,1,81,122,65,95"/><U35/><E75/><V104/><F104/><W40/><G40/><T132/><D72/><U64/><E106/><V66/><F120/><W102/><G65/><T74/><D74/><U129/><E64/><V57/><F119/><W16/><G70/><T48/><D128/><U85/><E129/><V115/><F80/><W117/><G1/><T83/><D132/><U73/><E73/><V61/><F125/><W21/><G21/><T38/><D38/><U77/><E18/><V9/><F58/><W100/><G122/><T116/><D116/><U33/><E35/><V67/><F115/><W76/><G112/><T82/><D29/><U45/><E44/><V131/><F67/><W5/><G5/><T88/><D62/><U97/><E97/><V79/><F79/><W3/><G3/><T24/><D24/><U134/><E134/><V68/><F68/><W103/><G117/><T12/><D34/><U109/><E109/><N who="2" m="42091" /><F131/><W130/><G127/><T121/><D121/><U28/><E31/><N who="2" m="19567" /><F19/><W37/><G37/><T15/><D15/><U52/><E54/><V123/><F123/><W46/><G133/><T59/><REACH who="0" step="1"/><D86/><REACH who="0" ten="206,284,337,163" step="2"/><U126/><E126/><V69/><F69/><W42/><G130/><T113/><D113/><U118/><E118/><V0/><F0/><W13/><G107/><AGARI ba="1,1" hai="7,11,12,48,55,59,82,83,87,88,92,96,101,107" machi="107" ten="30,7700,0" yaku="1,1,7,1,52,1,54,1,53,0" doraHai="4" doraHaiUra="111" who="0" fromWho="3" sc="206,90,284,0,337,0,163,-80" /><INIT seed="2,0,0,3,5,125" ten="296,284,337,83" oya="2" hai0="96,65,74,55,13,99,69,7,28,24,57,93,124" hai1="131,100,18,68,42,36,103,26,34,72,98,41,10" hai2="62,86,17,95,43,88,56,53,44,91,94,67,113" hai3="6,89,59,15,0,120,12,73,127,4,82,129,60"/><V9/><F113/><W2/><G120/><T84/><D74/><U11/><E72/><V51/><F9/><W46/><G46/><T87/><D124/><U97/><E68/><V19/><REACH who="2" step="1"/><F43/><REACH who="2" ten="296,284,327,83" step="2"/><W114/><G114/><T80/><D69/><U83/><E11/><V79/><F79/><W21/><G127/><T134/><D134/><U110/><E10/><V104/><F104/><W75/><G21/><T20/><D20/><U29/><E42/><V111/><F111/><W90/><G60/><T33/><D33/><U52/><E110/><V78/><F78/><W1/><G1/><T22/><D22/><U8/><E8/><V16/><F16/><W128/><G59/><T132/><D57/><U108/><E18/><V40/><F40/><W126/><G126/><T31/><D132/><U66/><E108/><V133/><F133/><W3/><G0/><T61/><D61/><U105/><E41/><V116/><F116/><W71/><G71/><T85/><D7/><U76/><E36/><V107/><F107/><W47/><REACH who="3" step="1"/><G47/><REACH who="3" ten="296,284,327,73" step="2"/><T23/><D23/><U102/><E34/><V112/><F112/><W48/><G48/><T45/><D45/><U130/><E105/><V49/><F49/><W50/><G50/><T92/><D28/><U117/><E29/><V5/><F5/><W122/><G122/><T81/><D31/><U54/><E117/><V38/><F38/><W101/><G101/><T77/><D77/><U115/><E103/><V109/><F109/><W119/><G119/><T70/><D70/><U58/><E115/><V123/><F123/><W32/><G32/><RYUUKYOKU ba="0,2" sc="296,-15,284,-15,327,15,73,15" hai2="17,19,44,51,53,56,62,67,86,88,91,94,95" hai3="2,3,4,6,12,15,73,75,82,89,90,128,129" /><INIT seed="2,1,2,0,5,12" ten="281,269,342,88" oya="2" hai0="29,5,134,114,110,7,112,51,124,131,8,117,34" hai1="39,21,85,104,6,130,11,61,92,52,70,62,108" hai2="15,96,18,100,75,97,91,80,106,28,103,53,55" hai3="31,49,73,64,78,60,17,115,65,89,81,22,16"/><V95/><F28/><W88/><G115/><T113/><D51/><U116/><E104/><V69/><F69/><W0/><G0/><T84/><D84/><U50/><E108/><V10/><REACH who="2" step="1"/><F91/><REACH who="2" ten="281,269,332,88" step="2"/><N who="3" m="34891" /><G73/><T125/><D29/><U133/><E70/><V38/><F38/><W42/><G31/><T93/><D114/><U35/><E39/><V20/><F20/><W24/><G24/><T66/><D113/><U19/><E35/><V36/><F36/><W118/><G22/><T1/><D112/><U48/><E116/><V67/><F67/><N who="3" m="25675" /><G118/><T105/><D66/><U37/><E37/><V23/><F23/><W45/><G60/><T128/><D34/><U13/><E62/><V94/><F94/><W58/><G58/><T129/><D93/><U40/><E92/><V111/><F111/><W30/><G30/><T107/><D110/><U33/><E33/><V26/><F26/><W2/><G2/><T68/><D68/><U46/><E61/><V41/><F41/><W27/><G27/><T57/><D57/><U74/><E21/><V99/><F99/><W44/><G44/><T77/><D117/><U119/><E119/><V122/><F122/><W3/><G3/><T76/><D107/><U9/><E40/><V127/><F127/><W121/><G121/><T79/><D105/><U71/><E71/><V43/><F43/><W4/><G42/><T126/><D1/><U98/><E98/><V14/><F14/><W47/><G47/><T32/><D32/><U135/><E46/><V83/><F83/><W56/><G45/><T109/><D109/><U25/><E25/><RYUUKYOKU ba="1,3" sc="281,-10,269,-10,332,30,88,-10" hai2="10,15,18,53,55,75,80,95,96,97,100,103,106" /><INIT seed="2,2,3,4,3,44" ten="271,259,362,78" oya="2" hai0="54,11,41,119,1,35,15,52,29,124,97,111,99" hai1="93,61,70,116,20,14,60,75,92,73,85,65,74" hai2="55,118,31,25,95,83,130,4,90,98,42,69,128" hai3="135,0,126,114,53,51,91,78,84,68,13,59,23"/><V132/><F118/><W131/><G68/><T57/><D119/><U5/><E116/><V28/><F42/><W19/><G0/><T7/><D111/><U63/><E85/><V109/><F69/><W82/><G114/><T105/><D105/><U121/><E121/><V45/><F4/><W112/><G112/><T2/><D124/><U89/><E89/><V107/><F107/><W8/><G126/><T125/><D125/><U58/><E20/><V77/><F132/><W104/><G104/><T113/><D113/><U94/><REACH who="1" step="1"/><E70/><REACH who="1" ten="271,249,362,78" step="2"/><V123/><F123/><W102/><G135/><T106/><D35/><U27/><E27/><V32/><F25/><W50/><G131/><N who="2" m="50217" /><F32/><W129/><G102/><T96/><D106/><U72/><N who="1" m="18432" /><DORA hai="3" /><U115/><E115/><V39/><F109/><W47/><G129/><T6/><D29/><U37/><E37/><V120/><F39/><W100/><G100/><T18/><D1/><U101/><E101/><V30/><F120/><W10/><G91/><T76/><D2/><U16/><E16/><V24/><F24/><W46/><G59/><T87/><D18/><U33/><E33/><V127/><F127/><W80/><REACH who="3" step="1"/><G82/><REACH who="3" ten="271,249,362,68" step="2"/><T36/><D76/><U34/><E34/><V49/><F83/><W67/><G67/><T40/><D36/><U48/><E48/><V26/><F26/><W9/><G9/><AGARI ba="2,5" hai="5,9,14,58,60,61,63,65,92,93,94" m="18432" machi="9" ten="70,4500,0" yaku="1,1,52,1,53,0" doraHai="44,3" doraHaiUra="43,134" who="1" fromWho="3" sc="271,0,249,101,362,0,68,-51" /><INIT seed="3,0,0,3,1,89" ten="271,350,362,17" oya="3" hai0="47,56,13,82,28,111,91,45,130,22,122,85,46" hai1="134,102,120,92,61,39,114,94,124,132,99,97,0" hai2="118,105,108,23,32,135,40,115,101,123,93,125,8" hai3="81,16,20,107,104,3,128,133,113,121,49,109,6"/><W57/><G121/><T5/><D122/><U27/><E39/><V87/><F32/><W26/><G113/><T58/><D111/><U31/><E0/><V15/><F105/><W1/><G133/><N who="1" m="51306" /><E120/><V110/><F115/><W24/><G128/><T98/><D130/><U112/><E61/><V42/><F118/><W116/><G109/><N who="2" m="42089" /><F23/><W127/><G127/><T43/><D43/><U72/><E72/><V106/><F106/><W38/><G38/><T55/><D55/><U62/><E62/><V18/><F135/><W48/><G116/><T2/><D2/><U60/><E60/><V66/><F66/><W84/><G84/><T103/><D5/><U71/><E71/><V7/><F7/><W65/><G65/><T100/><D100/><N who="1" m="60455" /><E124/><V51/><F125/><W53/><G53/><T9/><D9/><U129/><E129/><V117/><F117/><W131/><G131/><T44/><N who="0" m="11264" /><DORA hai="54" /><T63/><D63/><U77/><E77/><V75/><F123/><W29/><G29/><T96/><D96/><U68/><E68/><V50/><F42/><W90/><G90/><T17/><REACH who="0" step="1"/><D28/><REACH who="0" ten="261,350,362,17" step="2"/><U88/><E102/><V41/><F101/><W12/><G12/><T59/><D59/><U126/><E126/><V69/><F41/><W14/><G14/><T70/><D70/><U67/><E67/><V36/><F69/><W83/><G83/><T10/><D10/><U119/><E119/><V78/><F40/><W73/><G73/><T79/><D79/><U95/><E95/><AGARI ba="0,1" hai="13,17,22,56,58,82,85,91,95,98,103" m="11264" machi="95" ten="50,12000,2" yaku="1,1,8,1,52,3,53,1" doraHai="89,54" doraHaiUra="86,74" who="0" fromWho="1" sc="261,130,350,-120,362,0,17,0" /><INIT seed="4,0,0,2,5,12" ten="391,230,362,17" oya="0" hai0="1,124,14,95,56,6,92,114,131,128,72,75,2" hai1="107,61,48,59,35,44,50,130,74,81,82,46,19" hai2="120,7,117,51,34,93,37,55,100,88,65,106,102" hai3="103,39,89,99,4,24,27,126,3,0,70,28,79"/><T36/><D36/><U94/><E35/><V101/><F34/><W31/><G31/><T84/><D56/><U23/><E107/><V49/><F120/><W121/><G121/><T32/><D32/><U64/><E74/><N who="0" m="28201" /><D84/><U5/><E5/><V33/><F117/><W45/><G45/><T119/><D119/><U125/><E130/><N who="0" m="49705" /><D124/><U116/><E116/><V16/><F37/><W111/><G111/><T69/><D69/><U109/><E109/><V17/><F106/><W29/><G29/><T83/><D83/><U71/><E71/><V98/><F33/><W62/><G62/><T118/><D118/><U52/><E125/><V132/><F65/><W8/><G8/><N who="0" m="4375" /><D114/><U105/><E105/><V53/><F7/><W91/><G91/><T26/><D26/><U66/><E94/><AGARI ba="0,0" hai="1,2,92,94,95" m="4375,49705,28201" machi="94" ten="30,1500,0" yaku="19,1" doraHai="12" who="0" fromWho="1" sc="391,15,230,-15,362,0,17,0" /><INIT seed="4,1,0,1,0,33" ten="406,215,362,17" oya="0" hai0="38,122,98,61,85,128,69,26,111,133,44,103,15" hai1="67,77,37,8,48,27,131,34,106,39,83,125,50" hai2="54,16,6,21,79,99,57,3,73,18,17,84,36" hai3="96,20,47,70,41,117,127,7,82,112,13,35,123"/><T32/><D122/><U14/><E106/><V126/><F36/><W120/><G120/><T60/><D111/><U24/><E67/><V23/><F73/><W42/><G42/><N who="0" m="22615" /><D15/><U25/><E131/><V46/><F46/><W104/><G104/><N who="0" m="63607" /><D85/><U119/><E119/><V105/><F126/><W49/><G49/><T113/><D60/><U64/><E64/><V62/><F99/><W90/><G90/><T56/><D56/><U124/><E34/><V86/><F105/><W65/><G65/><N who="0" m="41135" /><D128/><U110/><E110/><V59/><F59/><W29/><G29/><N who="0" m="19511" /><D133/><U116/><E116/><V19/><F23/><W92/><G92/><T74/><D113/><U28/><E28/><V30/><F30/><W102/><G102/><T52/><D52/><U135/><E135/><V108/><F108/><W9/><G9/><T40/><D40/><U109/><E109/><V53/><F54/><W97/><G97/><T68/><D68/><U2/><E39/><V22/><F22/><W55/><G55/><T129/><D129/><U72/><E37/><V80/><F86/><W114/><G114/><T5/><D5/><N who="1" m="1079" /><E14/><V12/><F6/><W95/><G95/><T93/><D93/><U132/><E132/><V75/><F84/><W88/><G88/><T63/><D63/><U107/><E107/><V87/><F87/><W10/><G10/><T71/><D71/><U94/><E94/><V91/><F91/><W66/><G66/><T134/><D134/><U31/><E31/><V100/><F100/><W89/><G89/><T76/><D76/><U11/><E11/><V115/><F115/><RYUUKYOKU ba="1,0" sc="406,10,215,10,362,10,17,-30" hai0="74" hai1="24,25,27,48,50,72,77,83,124,125" hai2="3,12,16,17,18,19,21,53,57,62,75,79,80" owari="416,51.6,225,-17.5,372,17.2,-13,-51.3" /></mjloggm>