<mjloggm ver="2.3"><GO type="41" lobby="0"/><UN n0="%E6%AD%A6%E5%8F%B2%37%37%37" n1="%E4%B8%AD%E7%94%B0%E3%82%AF%E3%83%A0" n2="%E3%82%B1%E3%83%80%E3%83%81%E3%82%AF" n3="%E2%93%9D%4C%75%63%6B%79%4A" dan="14,14,14,18" rate="1913.17,1912.51,1930.15,2168.55" sx="M,M,M,M"/><TAIKYOKU oya="0"/><INIT seed="0,0,0,4,1,44" ten="250,250,250,250" oya="0" hai0="68,122,104,113,3,124,35,65,47,67,18,28,0" hai1="63,43,53,130,123,9,17,45,110,39,70,36,105" hai2="19,95,74,42,6,121,59,82,106,99,101,61,52" hai3="90,54,41,15,33,132,31,8,97,81,58,37,34"/><T20/><D122/><U60/><E105/><V13/><F121/><W57/><G132/><T1/><D113/><U112/><E9/><V91/><F6/><W87/><G58/><T111/><D124/><U83/><E83/><V72/><F42/><W2/><G2/><T69/><D28/><U125/><E17/><V114/><F114/><W126/><G126/><T29/><D29/><U131/><E112/><V49/><F82/><W116/><G116/><T119/><D35/><U62/><E125/><V16/><F61/><N who="1" m="23657" /><E123/><V22/><REACH who="2" step="1"/><F19/><REACH who="2" ten="250,250,240,250" step="2"/><W46/><G31/><T30/><D119/><U64/><E110/><V127/><F127/><W89/><G81/><T134/><D30/><U135/><E135/><V120/><F120/><W26/><G34/><T11/><D134/><U93/><E131/><V115/><F115/><W98/><G33/><T48/><D111/><U32/><E130/><V80/><F80/><W76/><G41/><T102/><D69/><U79/><E79/><V94/><F94/><W96/><G76/><T23/><D68/><U5/><E93/><V38/><F38/><W55/><G37/><T100/><D104/><U25/><E5/><V7/><F7/><W129/><G129/><T86/><D18/><U75/><E75/><V92/><F92/><W117/><G117/><T84/><D0/><U21/><E32/><V78/><F78/><W12/><G90/><T103/><D3/><U24/><E39/><V51/><F51/><W109/><G89/><T85/><D1/><U50/><E21/><N who="0" m="8265" /><D11/><U133/><E133/><V108/><F108/><W66/><G109/><RYUUKYOKU ba="0,1" sc="250,10,250,10,240,10,250,-30" hai0="47,48,65,67,84,85,86,100,102,103" hai1="24,25,36,43,45,50,53,63,64,70" hai2="13,16,22,49,52,59,72,74,91,95,99,101,106" /><INIT seed="0,1,1,0,2,76" ten="260,260,250,220" oya="0" hai0="120,23,121,107,29,53,112,33,74,14,116,91,133" hai1="78,17,27,64,130,132,81,51,97,67,25,80,100" hai2="55,99,41,70,128,106,63,6,123,86,84,88,40" hai3="59,111,117,127,68,79,90,58,135,129,4,131,50"/><T45/><D116/><U12/><E130/><N who="3" m="49674" /><G117/><T56/><D107/><U35/><E132/><V44/><F123/><W54/><G4/><T0/><D133/><U115/><E115/><V66/><F128/><W89/><G135/><T9/><D112/><U48/><E78/><V83/><F6/><W134/><G68/><T11/><D74/><U94/><E35/><V22/><F55/><W20/><G111/><T104/><D104/><U30/><E30/><V18/><F44/><W34/><G34/><T71/><D71/><U43/><E43/><V87/><F106/><W73/><G127/><T113/><D45/><U77/><E77/><V39/><F99/><W7/><G7/><T5/><D11/><U60/><E51/><V47/><REACH who="2" step="1"/><F41/><REACH who="2" ten="260,260,240,220" step="2"/><W103/><G134/><T26/><D113/><U37/><E67/><V16/><F16/><W119/><G54/><T65/><D65/><U10/><E48/><V24/><AGARI ba="1,2" hai="18,22,24,39,40,47,63,66,70,83,84,86,87,88" machi="24" ten="20,8000,1" yaku="1,1,0,1,7,1,52,1,54,1,53,0" doraHai="76" doraHaiUra="52" who="2" fromWho="2" sc="260,-41,260,-21,240,103,220,-21" /><INIT seed="1,0,0,1,4,104" ten="219,239,343,199" oya="1" hai0="17,28,52,33,123,3,57,39,6,89,114,68,23" hai1="58,63,32,60,127,124,99,118,12,55,50,122,102" hai2="11,73,115,110,103,22,100,108,75,29,98,111,134" hai3="93,67,56,31,86,83,8,105,47,46,2,78,10"/><U30/><E118/><V117/><F117/><W1/><G105/><T95/><D68/><U0/><E0/><V13/><F134/><W16/><G31/><T88/><D39/><U59/><E122/><V85/><F85/><W27/><G2/><T19/><D114/><U69/><E12/><V113/><F22/><N who="3" m="13767" /><G1/><T79/><D19/><U96/><E96/><V49/><F49/><W48/><G93/><T84/><D79/><U94/><E69/><V21/><F21/><W72/><G72/><N who="2" m="27721" /><F29/><W109/><G109/><T53/><D123/><U44/><E30/><V130/><F130/><W14/><G10/><T45/><D45/><U81/><E32/><V80/><F80/><W120/><G120/><T116/><D116/><U106/><E106/><N who="2" m="63767" /><F103/><W18/><G48/><T34/><D28/><U125/><E81/><V71/><F71/><W128/><G128/><T7/><D53/><U54/><E44/><V9/><F9/><W132/><G132/><T40/><D89/><U15/><REACH who="1" step="1"/><E15/><REACH who="1" ten="219,229,343,199" step="2"/><V107/><F107/><W41/><G47/><T82/><D82/><U119/><E119/><V74/><N who="2" m="27729" /><V62/><DORA hai="42" /><F62/><AGARI ba="0,1" hai="50,54,55,58,59,60,62,63,94,99,102,124,125,127" machi="62" ten="40,3900,0" yaku="1,1,18,1,53,0" doraHai="104,42" doraHaiUra="77,66" who="1" fromWho="2" sc="219,0,229,49,343,-39,199,0" /><INIT seed="1,1,0,0,5,8" ten="219,278,304,199" oya="1" hai0="107,131,38,72,24,130,52,122,16,33,125,98,4" hai1="14,108,45,6,82,76,13,65,83,51,25,111,126" hai2="23,118,5,35,0,37,31,44,64,93,34,11,9" hai3="89,116,59,32,54,10,79,73,27,39,50,99,106"/><U91/><E126/><V67/><F118/><W113/><G39/><T135/><D38/><U40/><E65/><V110/><F110/><N who="1" m="42025" /><E6/><V96/><F9/><W22/><G32/><T123/><D4/><U21/><E91/><V119/><F119/><W7/><G113/><T133/><D72/><N who="1" m="43271" /><E83/><V127/><F127/><W90/><G73/><T114/><D125/><U100/><E100/><V112/><F112/><W115/><G115/><T49/><D114/><U102/><E102/><V36/><F23/><W30/><G79/><T101/><D33/><U134/><E134/><N who="0" m="51209" /><D123/><U12/><E12/><V19/><F19/><AGARI ba="1,0" hai="13,14,19,21,25,40,45,51" m="43271,42025" machi="19" ten="30,11600,0" yaku="14,1,10,1,52,2" doraHai="8" who="1" fromWho="2" sc="219,0,278,119,304,-119,199,0" /><INIT seed="1,2,0,3,3,31" ten="219,397,185,199" oya="1" hai0="18,76,24,133,59,106,105,47,130,73,56,100,70" hai1="114,135,12,13,10,88,57,1,118,96,14,89,35" hai2="30,0,67,83,120,42,127,98,113,50,39,36,23" hai3="66,55,26,2,25,92,62,90,93,131,125,94,22"/><U116/><E114/><V17/><F120/><W126/><G2/><T43/><D70/><U61/><E135/><V58/><F127/><N who="3" m="48651" /><G55/><T28/><D133/><U54/><E35/><V45/><F113/><W4/><G4/><T33/><D100/><U74/><E74/><V53/><F0/><W77/><G77/><T48/><D76/><U78/><E78/><V27/><F67/><W16/><G26/><T65/><D73/><U44/><E1/><V124/><F124/><W102/><G102/><T69/><D130/><U19/><E44/><V7/><F7/><W134/><G134/><T104/><REACH who="0" step="1"/><D18/><REACH who="0" ten="209,397,185,199" step="2"/><U72/><E72/><V20/><F98/><N who="3" m="57687" /><G131/><T64/><D64/><U21/><E118/><V81/><REACH who="2" step="1"/><F39/><REACH who="2" ten="209,397,175,199" step="2"/><W3/><G3/><T108/><D108/><U132/><E132/><V49/><F49/><W40/><G40/><T107/><N who="0" m="26624" /><DORA hai="97" /><T117/><D117/><U84/><E116/><V110/><F110/><W51/><G51/><T103/><D103/><U95/><REACH who="1" step="1"/><E10/><REACH who="1" ten="209,387,175,199" step="2"/><V111/><F111/><W37/><G37/><T115/><D115/><U79/><E79/><V60/><F60/><AGARI ba="2,3" hai="24,28,33,43,47,48,56,59,60,65,69" m="26624" machi="60" ten="70,4500,0" yaku="1,1,52,1,53,0" doraHai="31,97" doraHaiUra="112,80" who="0" fromWho="2" sc="209,81,387,0,175,-51,199,0" /><INIT seed="2,0,0,1,3,79" ten="290,387,124,199" oya="2" hai0="83,10,123,127,118,35,87,100,133,23,30,85,31" hai1="5,33,130,108,90,14,9,74,54,120,34,8,128" hai2="25,107,61,102,51,38,18,24,6,2,43,32,62" hai3="88,65,58,64,75,114,80,3,73,21,45,93,117"/><V82/><F107/><W125/><G3/><T109/><D35/><U92/><E108/><V11/><F102/><W77/><G117/><T46/><D109/><U55/><E74/><V129/><F129/><N who="1" m="49769" /><E120/><V40/><F32/><N who="1" m="12393" /><E9/><V60/><F18/><W76/><G125/><T22/><D127/><U19/><E5/><V110/><F110/><W66/><G114/><T111/><D118/><U134/><E134/><V116/><F116/><W97/><G45/><T59/><D133/><U53/><E55/><V17/><F17/><W71/><G71/><T12/><D100/><U57/><E57/><V126/><F126/><W112/><G112/><T131/><D131/><U50/><E50/><V113/><F51/><W49/><G49/><T1/><D1/><U47/><E47/><V68/><F43/><W15/><G58/><T81/><D59/><U91/><E91/><V48/><F48/><W44/><G44/><T26/><D46/><U94/><E94/><V105/><F105/><W0/><G0/><T37/><D37/><U104/><E104/><V132/><F132/><W119/><G119/><T36/><D36/><U95/><E95/><V42/><F38/><W124/><G124/><T89/><D123/><U20/><E8/><V7/><F7/><W13/><G21/><N who="0" m="7691" /><D111/><U41/><E41/><N who="2" m="15979" /><F113/><W16/><G16/><N who="0" m="8215" /><D26/><N who="2" m="10346" /><F68/><W27/><G27/><T106/><D106/><U29/><E29/><V39/><F39/><W84/><G75/><T69/><D69/><U121/><E121/><V52/><F52/><W56/><G56/><T99/><D99/><AGARI ba="0,0" hai="14,19,20,53,54,90,92,99" m="12393,49769" machi="99" ten="30,1000,0" yaku="19,1" doraHai="79" who="1" fromWho="0" sc="290,-10,387,10,124,0,199,0" /><INIT seed="3,0,0,4,0,8" ten="280,397,124,199" oya="3" hai0="63,133,62,35,20,26,76,104,59,77,130,16,56" hai1="0,119,80,114,131,65,46,50,81,55,60,112,3" hai2="115,33,120,88,111,13,29,51,21,40,47,116,79" hai3="95,25,100,128,37,39,72,83,64,18,134,73,43"/><W48/><G64/><T28/><D104/><U69/><E131/><V125/><F111/><W127/><G128/><T92/><D130/><U2/><REACH who="1" step="1"/><E119/><REACH who="1" ten="280,387,124,199" step="2"/><V89/><F116/><W9/><G127/><T11/><D133/><U24/><E24/><V1/><F125/><W70/><G25/><T32/><D32/><U34/><E34/><V106/><F33/><W99/><G134/><T109/><D35/><U82/><AGARI ba="0,1" hai="0,2,3,46,50,55,60,65,69,80,81,82,112,114" machi="82" ten="40,2700,0" yaku="1,1,0,1,53,0" doraHai="8" doraHaiUra="97" who="1" fromWho="1" sc="280,-7,387,37,124,-7,199,-13" /><INIT seed="4,0,0,1,0,107" ten="273,424,117,186" oya="0" hai0="34,27,86,21,72,75,40,37,132,10,84,71,57" hai1="92,20,94,100,54,46,129,83,31,7,69,124,95" hai2="89,43,2,65,41,108,36,122,52,87,9,76,106" hai3="98,13,68,81,79,96,3,25,118,135,104,102,85"/><T42/><D71/><U39/><E69/><V1/><F108/><W22/><G3/><T19/><D34/><U14/><E129/><V91/><F122/><W74/><G68/><T49/><D37/><U111/><E111/><V53/><F106/><W119/><G13/><T24/><D132/><U8/><E100/><V88/><F65/><W113/><G135/><T126/><D126/><U33/><E33/><V127/><F36/><W18/><G98/><T32/><D10/><U12/><E83/><V45/><F45/><W117/><REACH who="3" step="1"/><G113/><REACH who="3" ten="273,424,117,176" step="2"/><T134/><D134/><U51/><E124/><V73/><F127/><W56/><G56/><T47/><D57/><U4/><E14/><V99/><F99/><W114/><G114/><T64/><D64/><U35/><E12/><V38/><F38/><W110/><G110/><T82/><D42/><U133/><E39/><V58/><F43/><W77/><G77/><T55/><D40/><U11/><E133/><V29/><F41/><W63/><G63/><T15/><D15/><U93/><E7/><V78/><F1/><W90/><G90/><T48/><D48/><U17/><E4/><N who="2" m="1175" /><F91/><W112/><G112/><T28/><REACH who="0" step="1"/><D86/><AGARI ba="0,1" hai="18,22,25,74,79,81,85,86,96,102,104,117,118,119" machi="86" ten="40,5200,0" yaku="1,1,52,1,53,1" doraHai="107" doraHaiUra="16" who="3" fromWho="0" sc="273,-52,424,0,117,0,176,62" /><INIT seed="5,0,0,5,0,117" ten="221,424,117,238" oya="1" hai0="51,10,118,47,1,98,122,15,101,129,121,37,19" hai1="128,92,18,11,76,88,4,17,52,104,53,13,126" hai2="21,33,66,25,107,78,30,27,96,130,39,120,103" hai3="69,124,123,60,81,113,87,3,75,9,56,79,65"/><U2/><E104/><V59/><F39/><W68/><G113/><T14/><D118/><U134/><E128/><V5/><F5/><W54/><G124/><T34/><D37/><U36/><E36/><V80/><F130/><W0/><G123/><N who="0" m="47115" /><D34/><U83/><E134/><V105/><F120/><W41/><G41/><N who="0" m="25071" /><D129/><U46/><E126/><V109/><F109/><W85/><G69/><T95/><D15/><U43/><E2/><AGARI ba="0,0" hai="1,2,10,14,19,95,98,101" m="25071,47115" machi="2" ten="30,7700,0" yaku="13,1,52,3" doraHai="117" who="0" fromWho="1" sc="221,77,424,-77,117,0,238,0" /><INIT seed="6,0,0,1,2,122" ten="298,347,117,238" oya="2" hai0="53,123,40,50,112,72,16,64,35,29,8,38,3" hai1="19,109,43,14,36,49,2,102,70,105,104,84,55" hai2="76,30,130,42,39,111,62,101,47,82,131,135,22" hai3="100,60,79,18,133,96,103,34,83,91,9,21,28"/><V61/><F135/><W68/><G133/><T80/><D123/><U132/><E70/><V45/><F101/><W124/><G34/><T59/><D64/><U69/><E69/><V71/><F30/><W54/><G124/><T15/><D3/><U85/><E2/><V6/><F6/><W119/><G119/><T93/><D35/><U99/><E105/><V77/><F22/><W65/><G54/><T74/><D29/><U129/><E129/><N who="2" m="49163" /><F47/><W107/><G103/><T37/><D40/><U128/><E128/><V48/><F77/><W66/><G66/><T32/><D32/><U97/><E99/><V127/><F127/><W13/><G28/><T33/><D33/><U27/><E27/><V94/><F94/><W95/><G107/><T86/><D112/><U17/><E17/><V0/><F0/><W125/><G125/><T56/><D56/><U25/><E25/><V116/><F116/><W113/><G113/><T7/><D7/><U120/><E102/><V44/><F71/><W67/><G100/><T81/><D93/><U31/><E104/><V134/><F134/><W88/><G91/><T23/><D23/><U63/><E31/><V52/><F111/><W106/><G106/><T57/><D57/><U4/><E109/><V98/><F98/><W73/><REACH who="3" step="1"/><G67/><REACH who="3" ten="298,347,117,228" step="2"/><T24/><D53/><U108/><E132/><V26/><F26/><W115/><G115/><T58/><D24/><U75/><E55/><V90/><F90/><W41/><G41/><T126/><D126/><U117/><E117/><V78/><F78/><W11/><AGARI ba="0,1" hai="9,11,13,18,21,60,65,68,73,79,83,88,95,96" machi="11" ten="30,4000,0" yaku="1,1,0,1,54,1,53,0" doraHai="122" doraHaiUra="51" who="3" fromWho="3" sc="298,-10,347,-10,117,-20,228,50" /><INIT seed="7,0,0,4,2,25" ten="288,337,97,278" oya="3" hai0="69,64,132,79,1,75,8,62,84,56,82,35,102" hai1="97,77,44,114,45,91,80,111,95,67,93,126,40" hai2="122,129,16,4,20,85,133,121,73,78,28,116,103" hai3="71,105,96,108,22,52,68,31,66,26,135,9,47"/><W29/><G108/><T89/><D132/><U117/><E111/><V110/><F73/><W53/><G135/><T24/><D1/><U65/><E114/><V83/><F103/><W113/><G113/><T58/><D8/><U115/><E115/><V72/><F72/><W48/><G66/><T118/><D118/><U92/><E126/><V34/><F110/><W86/><G71/><T101/><D101/><U130/><E130/><V17/><F133/><W57/><G68/><T38/><D38/><U6/><E6/><V124/><F116/><W112/><G112/><T33/><D102/><U81/><E117/><V120/><F34/><W98/><G105/><T63/><D24/><U94/><E40/><V7/><F124/><W0/><G0/><T27/><D27/><U39/><E39/><V41/><F41/><W51/><G9/><T5/><D5/><N who="2" m="2122" /><F129/><W123/><G123/><N who="2" m="31489" /><V76/><DORA hai="46" /><F76/><W90/><G31/><T36/><D36/><U30/><E30/><V15/><F17/><W10/><G10/><T119/><D119/><U106/><E106/><V13/><F15/><W100/><G100/><T14/><D14/><U21/><E77/><V54/><F54/><W42/><G42/><T23/><D23/><U125/><E125/><V70/><F70/><W88/><G90/><T99/><D69/><U127/><E127/><V61/><F61/><W18/><G18/><T37/><D37/><U55/><E55/><V32/><F32/><W3/><G3/><T59/><D63/><U49/><E91/><V12/><F12/><W128/><G128/><T107/><D62/><RYUUKYOKU ba="0,0" sc="288,-15,337,-15,97,15,278,15" hai2="13,16,20,28,78,83,85" hai3="22,26,29,47,48,51,52,53,57,86,88,96,98" /><INIT seed="7,1,0,4,5,108" ten="273,322,112,293" oya="3" hai0="89,76,97,66,10,47,3,43,54,70,18,116,36" hai1="68,69,81,37,57,28,35,9,17,14,61,133,103" hai2="106,20,90,94,13,26,74,80,78,132,12,7,63" hai3="115,100,24,135,31,134,114,11,77,51,38,58,95"/><W15/><G38/><T49/><D116/><U118/><E133/><N who="3" m="50698" /><G77/><T53/><D76/><U79/><E37/><V71/><F132/><W105/><G105/><T5/><D18/><U117/><E28/><V64/><F106/><W85/><G58/><T52/><D66/><U120/><E35/><V22/><F7/><N who="3" m="3583" /><G51/><T126/><D70/><U72/><E103/><V23/><F13/><W60/><G60/><T8/><D8/><U0/><E0/><V62/><F12/><W21/><G85/><T112/><D126/><U1/><E1/><V40/><F40/><W86/><G86/><T67/><D67/><N who="1" m="39343" /><E120/><V125/><F125/><W121/><G121/><T102/><D89/><U19/><E17/><V131/><F131/><W93/><G95/><T127/><D127/><U83/><E81/><V6/><F6/><W50/><G50/><T91/><D91/><U92/><E92/><V96/><F71/><W44/><G44/><T30/><D30/><U123/><E123/><V48/><F48/><W99/><AGARI ba="1,0" hai="21,24,31,93,99,100,114,115" m="3583,50698" machi="99" ten="30,6000,0" yaku="20,1,52,2" doraHai="108" who="3" fromWho="3" sc="273,-21,322,-21,112,-21,293,63" owari="252,-14.8,301,10.1,91,-40.9,356,45.6" /></mjloggm>