<mjloggm ver="2.3"><GO type="41" lobby="0"/><UN n0="%E3%81%AF%E3%82%8D%E3%81%AF%E3%82%8D%E3%81%99" n1="%E3%83%94%E3%83%AA%E3%83%91%E3%83%A9" n2="%E2%93%9D%4C%75%63%6B%79%4A" n3="%6B%79%61%6E%6F" dan="14,13,18,14" rate="1974.44,1884.51,2198.74,1929.80" sx="F,M,M,M"/><TAIKYOKU oya="0"/><INIT seed="0,0,0,3,4,38" ten="250,250,250,250" oya="0" hai0="58,39,27,120,109,118,44,117,64,60,2,71,130" hai1="127,28,126,95,102,33,12,31,37,79,63,53,17" hai2="101,103,123,77,40,34,80,74,15,65,82,55,67" hai3="98,45,46,124,48,3,68,10,128,62,87,47,125"/><T113/><D2/><U7/><E37/><V61/><F123/><W14/><G3/><T122/><D27/><U121/><E121/><N who="0" m="46697" /><D113/><U23/><E79/><V56/><F82/><W96/><G128/><T66/><D130/><U22/><E102/><V54/><F34/><W129/><G129/><T5/><D5/><U85/><E85/><V133/><F133/><W43/><G87/><T0/><D0/><U49/><E95/><V100/><F67/><W131/><G131/><T42/><D109/><U75/><E75/><V13/><REACH who="2" step="1"/><F40/><REACH who="2" ten="250,250,240,250" step="2"/><W20/><G43/><T26/><D26/><U8/><E33/><V35/><F35/><W83/><G83/><T1/><D1/><N who="1" m="111" /><E53/><AGARI ba="0,1" hai="13,15,53,54,55,56,61,65,74,77,80,100,101,103" machi="53" ten="40,2600,0" yaku="1,1,53,1" doraHai="38" doraHaiUra="73" who="2" fromWho="1" sc="250,0,250,-26,240,36,250,0" /><INIT seed="1,0,0,1,3,64" ten="250,224,276,250" oya="1" hai0="107,90,82,35,122,5,39,79,15,48,70,74,104" hai1="6,111,131,25,95,123,83,88,12,119,7,60,121" hai2="65,105,9,42,117,62,76,112,22,132,57,50,40" hai3="47,1,30,113,135,89,56,75,69,86,72,13,100"/><U32/><E119/><V130/><F105/><W94/><G113/><T120/><D39/><U126/><E126/><V85/><F117/><W27/><G1/><T51/><D35/><U33/><E131/><V84/><F130/><W99/><G135/><T80/><D70/><U98/><E83/><V36/><F9/><W102/><G47/><T49/><D5/><U93/><E60/><V133/><F22/><W31/><G100/><T103/><D15/><U110/><E12/><V28/><F28/><W29/><G27/><T134/><D134/><N who="2" m="51818" /><F76/><W77/><G77/><T41/><D41/><N who="2" m="15978" /><F36/><W127/><G127/><T125/><D125/><U18/><E18/><V73/><F73/><W108/><G72/><T81/><D79/><U114/><E25/><V20/><F20/><W44/><G75/><T129/><D74/><U26/><E26/><V59/><F112/><W63/><G31/><T46/><D129/><U52/><E52/><AGARI ba="0,0" hai="50,52,57,59,62,65,84,85" m="15978,51818" machi="52" ten="30,2000,0" yaku="20,1,54,1" doraHai="64" who="2" fromWho="1" sc="250,0,224,-20,276,20,250,0" /><INIT seed="2,0,0,2,4,130" ten="250,204,296,250" oya="2" hai0="51,131,26,18,68,80,127,17,37,7,56,70,111" hai1="115,121,102,94,124,108,82,117,73,116,50,88,60" hai2="14,22,91,90,58,40,76,2,43,83,132,66,23" hai3="97,135,53,0,36,120,77,41,57,38,62,87,33"/><V11/><F2/><W52/><G0/><T71/><D37/><U35/><E35/><V110/><F110/><W44/><G33/><T63/><D111/><U105/><E50/><V42/><F66/><W24/><G120/><T89/><D7/><U93/><E60/><V27/><F132/><W67/><G24/><T55/><D127/><U118/><E108/><V86/><F58/><N who="3" m="37335" /><G97/><T109/><D109/><U122/><E115/><V30/><REACH who="2" step="1"/><F23/><REACH who="2" ten="250,204,286,250" step="2"/><W113/><G135/><T3/><D3/><U20/><E20/><V25/><F25/><W39/><G113/><T46/><D26/><U92/><E124/><V61/><F61/><W64/><G64/><T126/><D126/><U99/><E73/><V119/><F119/><W6/><G57/><T95/><D131/><U16/><E16/><AGARI ba="0,1" hai="11,14,16,22,27,30,40,42,43,76,83,86,90,91" machi="16" ten="40,12000,1" yaku="1,1,8,1,54,1,53,1" doraHai="130" doraHaiUra="13" who="2" fromWho="1" sc="250,0,204,-120,286,130,250,0" /><INIT seed="2,1,0,4,4,104" ten="250,84,416,250" oya="2" hai0="36,25,70,39,81,73,56,110,90,29,79,63,0" hai1="46,116,2,128,21,134,92,135,122,101,30,80,93" hai2="34,97,60,8,65,43,7,61,86,54,67,26,108" hai3="103,9,53,125,32,106,37,44,23,52,31,130,20"/><V118/><F118/><W33/><G125/><T41/><D0/><U74/><E116/><V91/><F43/><W16/><G130/><T62/><D110/><U102/><E2/><V13/><F108/><W64/><G37/><T95/><D70/><U69/><E69/><V75/><F75/><W117/><G117/><T114/><D114/><U68/><E68/><V71/><F97/><W131/><G64/><T22/><D41/><U49/><E122/><V19/><F34/><W107/><G103/><N who="1" m="39434" /><E30/><V111/><F111/><W59/><G44/><T88/><D63/><U15/><E21/><V120/><F120/><W133/><G131/><T87/><REACH who="0" step="1"/><D90/><REACH who="0" ten="240,84,416,250" step="2"/><U85/><E128/><V84/><F91/><W51/><G107/><T40/><D40/><U72/><E15/><V96/><F13/><W48/><G106/><T126/><D126/><U115/><E115/><V45/><F71/><W124/><G124/><T109/><D109/><U57/><E57/><V14/><F45/><W98/><G59/><T3/><D3/><U10/><E46/><V94/><F61/><W82/><G51/><T132/><D132/><N who="1" m="50731" /><E49/><V129/><F60/><W100/><G48/><T35/><D35/><U78/><E10/><V24/><F8/><W42/><G9/><T112/><D112/><U113/><E113/><V83/><F129/><W119/><G32/><T18/><D18/><U5/><E5/><V77/><F7/><W27/><G16/><T6/><D6/><U1/><E1/><V127/><F127/><W11/><G133/><T105/><D105/><U28/><E28/><V38/><F19/><RYUUKYOKU ba="1,1" sc="240,15,84,15,416,-15,250,-15" hai0="22,25,29,36,39,56,62,73,79,81,87,88,95" hai1="72,74,78,80,85,92,93" /><INIT seed="3,2,1,1,1,108" ten="255,99,401,235" oya="3" hai0="98,6,24,70,13,19,38,68,80,46,9,63,116" hai1="72,115,20,30,134,76,126,88,125,27,44,54,61" hai2="100,118,40,124,104,120,95,4,1,48,10,16,34" hai3="23,28,39,17,22,102,12,117,87,81,25,113,33"/><W26/><G117/><T36/><D116/><U69/><E115/><V31/><F118/><W114/><G102/><T110/><D110/><U50/><E134/><V83/><F83/><W60/><G60/><T106/><D106/><U45/><E45/><V14/><F124/><N who="1" m="47721" /><E76/><V64/><F64/><W62/><G62/><T5/><D98/><U41/><E72/><V84/><F120/><W131/><G39/><T133/><D133/><U78/><E78/><V37/><F37/><W129/><G87/><T86/><D5/><U0/><E0/><V56/><F40/><W8/><G81/><T73/><D73/><U96/><E61/><V75/><F75/><W130/><G23/><T85/><D85/><U93/><E69/><V53/><F104/><W65/><G65/><T99/><D99/><U94/><E93/><V109/><F109/><W121/><G121/><T67/><D70/><U32/><E54/><V29/><F34/><AGARI ba="2,1" hai="20,27,30,32,34,41,44,50,88,94,96" m="47721" machi="34" ten="30,2000,0" yaku="18,1,54,1" doraHai="108" who="1" fromWho="2" sc="255,0,99,36,401,-26,235,0" /><INIT seed="4,0,0,3,0,46" ten="255,135,375,235" oya="0" hai0="92,52,11,73,4,94,106,59,67,128,81,50,105" hai1="113,37,72,16,87,118,100,91,101,129,110,12,130" hai2="132,22,125,54,7,77,74,18,26,35,109,97,80" hai3="114,44,56,93,47,23,111,41,8,89,33,117,68"/><T21/><D128/><N who="1" m="49259" /><E37/><V135/><F109/><W49/><G111/><T31/><D73/><U123/><E110/><V58/><F35/><W57/><G117/><T120/><D120/><U64/><E118/><V9/><F97/><W0/><G68/><T76/><D67/><U6/><E123/><V43/><F43/><W65/><G33/><T27/><D105/><U90/><E72/><V48/><REACH who="2" step="1"/><F125/><REACH who="2" ten="255,135,365,235" step="2"/><W28/><G41/><T19/><D106/><U1/><E113/><V122/><F122/><W108/><G114/><T83/><D76/><U131/><E131/><V107/><F107/><W53/><G108/><T62/><D81/><U98/><E98/><V30/><F30/><W69/><G28/><T85/><D31/><U75/><E75/><V36/><F36/><W60/><G93/><T55/><D83/><U103/><E87/><V63/><F63/><W42/><G89/><T34/><D85/><U78/><E78/><V39/><F39/><W24/><G42/><T40/><D40/><U127/><E127/><V32/><F32/><W2/><G60/><T119/><D34/><U96/><E96/><V84/><F84/><W112/><G112/><T3/><REACH who="0" step="1"/><D119/><REACH who="0" ten="245,135,365,235" step="2"/><U88/><E91/><V121/><F121/><W126/><G126/><T29/><D29/><U133/><E88/><V5/><F5/><W25/><G69/><T99/><D99/><U134/><E90/><V38/><F38/><W17/><G17/><T95/><D95/><U10/><E64/><V104/><F104/><W13/><G65/><T51/><D51/><U15/><E16/><V82/><F82/><RYUUKYOKU ba="0,2" sc="245,10,135,10,365,10,235,-30" hai0="3,4,11,19,21,27,50,52,55,59,62,92,94" hai1="1,6,10,12,15,100,101,103,133,134" hai2="7,9,18,22,26,48,54,58,74,77,80,132,135" /><INIT seed="4,1,2,1,5,60" ten="255,145,375,205" oya="0" hai0="133,44,92,93,134,16,7,82,37,46,110,55,32" hai1="132,101,38,131,80,1,78,18,20,90,119,68,117" hai2="45,135,40,72,39,113,120,48,86,5,130,102,100" hai3="30,85,9,53,51,2,112,111,115,11,127,103,58"/><T43/><D32/><U76/><E38/><V83/><F120/><W94/><G111/><T89/><D110/><U63/><E1/><V21/><F72/><W57/><G127/><T128/><D7/><U50/><E119/><V3/><F113/><N who="3" m="43595" /><G30/><T59/><D46/><U108/><E108/><V66/><F130/><W34/><G34/><T125/><D128/><U17/><E117/><V69/><F135/><N who="0" m="51722" /><D16/><U129/><E101/><V79/><F39/><W97/><G2/><T123/><D123/><U84/><E18/><V24/><F3/><W62/><G85/><N who="0" m="50359" /><D125/><U28/><E28/><V75/><F5/><W36/><G36/><T74/><D74/><U27/><E132/><V4/><F4/><W13/><G13/><T8/><D8/><U73/><E50/><AGARI ba="1,2" hai="37,43,44,50,55,59,92,93" m="50359,51722" machi="50" ten="30,1500,0" yaku="20,1" doraHai="60" who="0" fromWho="1" sc="255,38,145,-18,375,0,205,0" /><INIT seed="4,2,0,2,4,94" ten="293,127,375,205" oya="0" hai0="110,6,100,29,16,124,69,131,65,44,88,4,27" hai1="130,68,126,3,41,33,127,5,103,53,133,71,87" hai2="64,40,49,78,99,107,21,13,61,25,117,22,37" hai3="114,26,72,106,123,77,85,39,76,63,57,89,128"/><T105/><D124/><N who="1" m="47659" /><E41/><V108/><F108/><W32/><G39/><T42/><D110/><U60/><E103/><V86/><F117/><W92/><G32/><T55/><D131/><U84/><E33/><V58/><F37/><W24/><G123/><T74/><D74/><U11/><E130/><V48/><F107/><W46/><G128/><T59/><D100/><U45/><E133/><V2/><F2/><W20/><G46/><T47/><D105/><U125/><N who="1" m="47667" /><U23/><DORA hai="56" /><E23/><V115/><F115/><W111/><G114/><T67/><D69/><N who="1" m="26699" /><E45/><V80/><F40/><W119/><G119/><T91/><D47/><U73/><E73/><V43/><F43/><W34/><G111/><T30/><D44/><U10/><E10/><V52/><F64/><N who="0" m="24650" /><D42/><U70/><N who="1" m="26707" /><U83/><DORA hai="132" /><E83/><V8/><F22/><W121/><G72/><T104/><D30/><U62/><E53/><V14/><F8/><W134/><G134/><T97/><D29/><U118/><E118/><V116/><F116/><W120/><G34/><T113/><D113/><U36/><E36/><V135/><F135/><W1/><G20/><T79/><D55/><U75/><E75/><V9/><F9/><W31/><G31/><T102/><D102/><U38/><E38/><V19/><F52/><W66/><G106/><T122/><D104/><U28/><E28/><V50/><F21/><W12/><G121/><T95/><D122/><U15/><E3/><V129/><F129/><W35/><G120/><T112/><D112/><U0/><E0/><V18/><F80/><W81/><G81/><RYUUKYOKU ba="2,0" sc="293,-10,127,30,375,-10,205,-10" hai1="5,11,15,60,62,84,87" /><INIT seed="5,3,0,1,0,92" ten="283,157,365,195" oya="1" hai0="50,119,2,3,106,56,52,129,109,96,17,111,21" hai1="83,64,107,59,62,41,70,43,24,84,36,123,15" hai2="32,135,114,134,54,124,66,101,99,48,19,58,118" hai3="86,39,14,9,26,91,72,110,108,38,93,103,130"/><U12/><E107/><V75/><F118/><W27/><G72/><T74/><D119/><U35/><E123/><V0/><F0/><W34/><G130/><T105/><D74/><U121/><E121/><V31/><F75/><W4/><G39/><T8/><D129/><U104/><E104/><V77/><F77/><W67/><G38/><T69/><D69/><U47/><E43/><V6/><F6/><W1/><G67/><T11/><D106/><U122/><E122/><V16/><F66/><W65/><G65/><T85/><D85/><U90/><E24/><N who="2" m="18535" /><F124/><W78/><G34/><T80/><D80/><U112/><E35/><V60/><F60/><W117/><G117/><T98/><D105/><U95/><E112/><V126/><F126/><W37/><G37/><T71/><D71/><U89/><REACH who="1" step="1"/><E70/><REACH who="1" ten="283,147,365,195" step="2"/><V53/><F114/><W28/><G110/><T30/><D111/><U127/><E127/><V88/><F135/><W20/><G108/><T94/><D109/><U61/><E61/><V44/><F134/><W120/><G120/><T57/><D2/><U125/><E125/><V100/><F48/><W116/><G1/><T68/><D68/><U25/><E25/><V82/><F54/><W13/><G116/><T10/><D3/><U46/><E46/><V63/><F44/><W76/><G27/><T45/><D45/><U51/><E51/><V73/><F63/><W115/><G115/><T33/><D33/><U23/><E23/><V18/><F53/><W131/><G131/><T49/><D49/><U81/><E81/><V79/><F58/><W133/><G133/><RYUUKYOKU ba="3,1" sc="283,-15,147,15,365,15,195,-15" hai1="12,15,36,41,47,59,62,64,83,84,89,90,95" hai2="16,18,19,73,79,82,88,99,100,101" /><INIT seed="5,4,1,5,2,109" ten="268,162,380,180" oya="1" hai0="119,56,106,55,21,25,135,27,48,58,22,78,9" hai1="0,133,120,54,17,15,92,101,113,52,122,89,110" hai2="28,14,63,5,118,107,16,37,108,34,50,47,65" hai3="29,104,88,100,32,130,6,7,53,71,81,91,105"/><U57/><E0/><V40/><F108/><W30/><G71/><T41/><D119/><U134/><E110/><V13/><F118/><W98/><G130/><T131/><D106/><U117/><E117/><V35/><F107/><W31/><G32/><T77/><D131/><U124/><E124/><V44/><F14/><W42/><G42/><T126/><D126/><U84/><E54/><V60/><F5/><W82/><G53/><T112/><D9/><U95/><E120/><V38/><F63/><W20/><G20/><T4/><D4/><U8/><E122/><V26/><F47/><W99/><G31/><T128/><D128/><U11/><E11/><V51/><F35/><W132/><G132/><N who="1" m="50794" /><E101/><AGARI ba="4,1" hai="6,7,29,30,81,82,88,91,98,99,100,101,104,105" machi="101" ten="25,3200,0" yaku="22,2,54,1" doraHai="109" who="3" fromWho="1" sc="268,0,162,-44,380,0,180,54" /><INIT seed="6,0,0,4,1,15" ten="268,118,380,234" oya="2" hai0="72,45,87,51,43,48,35,47,108,116,36,114,112" hai1="24,95,13,52,117,125,105,54,30,4,1,64,79" hai2="77,65,120,55,127,83,98,38,33,3,104,92,21" hai3="107,10,76,28,135,57,94,59,66,100,101,68,71"/><V123/><F33/><W46/><G107/><T6/><D72/><U67/><E105/><V39/><F65/><W89/><G76/><T128/><D35/><U61/><E117/><V62/><F3/><W8/><G28/><T106/><D106/><U20/><E79/><V69/><F127/><W25/><G71/><T26/><D6/><U56/><E125/><V126/><F126/><W53/><G68/><T17/><D87/><U115/><E115/><N who="0" m="44073" /><D116/><U44/><E95/><V118/><F118/><W133/><G25/><T19/><D26/><U131/><E131/><V96/><F98/><W63/><G46/><N who="0" m="23911" /><D108/><U90/><E90/><V124/><F104/><W16/><G135/><T58/><D58/><U110/><E110/><V97/><F97/><N who="3" m="57551" /><G8/><T74/><D74/><U5/><E1/><V88/><F124/><W50/><G133/><T102/><D102/><U9/><E5/><V82/><F96/><W86/><G86/><T113/><D113/><U81/><E81/><V14/><F83/><W99/><G99/><T121/><D121/><U122/><E122/><V91/><F123/><W80/><G80/><T42/><D128/><U60/><E44/><V18/><F120/><W29/><G29/><T7/><D7/><U41/><E41/><AGARI ba="0,0" hai="17,19,41,42,45,47,48,51" m="23911,44073" machi="41" ten="30,3900,0" yaku="15,1,52,2" doraHai="15" who="0" fromWho="1" sc="268,39,118,-39,380,0,234,0" /><INIT seed="7,0,0,3,5,118" ten="307,79,380,234" oya="3" hai0="58,49,39,52,37,67,66,35,77,2,36,0,101" hai1="18,34,84,40,56,109,23,120,105,135,70,113,19" hai2="126,72,129,38,107,110,83,119,85,17,98,33,86" hai3="97,116,132,94,112,31,89,32,11,71,82,27,123"/><W22/><G116/><T25/><D77/><U9/><E70/><V102/><F33/><W48/><G71/><T104/><D104/><U28/><E105/><V55/><F38/><W133/><G48/><T90/><D101/><U20/><E56/><V106/><F17/><W50/><G50/><T124/><D124/><U15/><E40/><V130/><F119/><W134/><G112/><T44/><D90/><U14/><E84/><N who="2" m="32363" /><F55/><W57/><G57/><T12/><D44/><U63/><E63/><V88/><F110/><W21/><G82/><T117/><D117/><U13/><E109/><V16/><F16/><N who="1" m="6185" /><E113/><V51/><F51/><W95/><G11/><T6/><D37/><U29/><E135/><V127/><F107/><W69/><G69/><T91/><D91/><U75/><E75/><V30/><F30/><N who="1" m="11881" /><E120/><V125/><F88/><N who="3" m="55495" /><G123/><T111/><D39/><U131/><E131/><N who="2" m="50187" /><F83/><W54/><G54/><T92/><D36/><U79/><E79/><V100/><F102/><W42/><G42/><T62/><D62/><U74/><E74/><AGARI ba="0,0" hai="72,74,98,100,106,125,126,127" m="50187,32363" machi="74" ten="40,8000,1" yaku="18,1,19,1,34,2" doraHai="118" who="2" fromWho="1" sc="307,0,79,-80,380,80,234,0" owari="307,10.7,-1,-50.1,460,56.0,234,-16.6" /></mjloggm>