<mjloggm ver="2.3"><GO type="41" lobby="0"/><UN n0="%28%EF%BC%BE%28%E3%82%A7%29%EF%BC%BE%29" n1="%E5%AD%A6%E7%8E%8B" n2="%E2%93%9D%4C%75%63%6B%79%4A" n3="%E3%81%AA%E3%82%93%E3%81%A8%E3%82%82%E3%81%BE%E3%81%82" dan="14,14,18,15" rate="1959.93,1884.19,2161.24,1909.35" sx="M,M,M,M"/><TAIKYOKU oya="0"/><INIT seed="0,0,0,1,5,0" ten="250,250,250,250" oya="0" hai0="36,52,119,12,14,43,32,46,122,65,16,66,134" hai1="1,13,128,98,115,23,112,117,42,34,41,5,109" hai2="15,120,80,47,96,124,72,35,129,63,121,49,135" hai3="89,108,83,29,130,48,55,28,70,116,64,86,45"/><T71/><D119/><U56/><E117/><V78/><F35/><W82/><G116/><T77/><D134/><U103/><E34/><V126/><F63/><W53/><G108/><T57/><D122/><N who="2" m="47210" /><F15/><W74/><G70/><T100/><D32/><U69/><E109/><V97/><F49/><W99/><G64/><T8/><D71/><U61/><E1/><V6/><F47/><W84/><G74/><T25/><D100/><U127/><E127/><N who="2" m="48683" /><F6/><W125/><G125/><T92/><D77/><U107/><E128/><V20/><F20/><W104/><G55/><T21/><D92/><U95/><E107/><V110/><F110/><W105/><G130/><T40/><D40/><U11/><E23/><V2/><F2/><W93/><G105/><T19/><REACH who="0" step="1"/><D14/><REACH who="0" ten="240,250,250,250" step="2"/><U75/><E69/><V111/><F111/><W37/><G104/><T51/><AGARI ba="0,1" hai="8,12,16,19,21,25,36,43,46,51,52,57,65,66" machi="51" ten="20,18000,2" yaku="1,1,2,1,0,1,7,1,54,2,53,1" doraHai="0" doraHaiUra="4" who="0" fromWho="0" sc="240,190,250,-60,250,-60,250,-60" /><INIT seed="0,1,0,2,4,43" ten="430,190,190,190" oya="0" hai0="126,3,45,121,104,34,37,28,1,96,7,48,19" hai1="2,49,61,71,23,74,39,87,82,47,11,12,44" hai2="50,26,95,41,70,93,22,108,94,33,112,25,123" hai3="111,15,131,69,38,36,72,78,98,80,51,107,101"/><T21/><D121/><U90/><E74/><V20/><F123/><W40/><G111/><T60/><D126/><U91/><E39/><V127/><F33/><W29/><G131/><T32/><D37/><U83/><E2/><V75/><F75/><W129/><G129/><T81/><D81/><U9/><E49/><V134/><F70/><W77/><G77/><T116/><D116/><U0/><E0/><V79/><F112/><W13/><G69/><T55/><D28/><U106/><E106/><V63/><F134/><W110/><G110/><T97/><D104/><U57/><E71/><V102/><F63/><W18/><G15/><T99/><D3/><U120/><E120/><V89/><F102/><W66/><G66/><T42/><D7/><U62/><E23/><N who="2" m="8747" /><F79/><W124/><G29/><T132/><D1/><U53/><E62/><V31/><F127/><W118/><G118/><T10/><D10/><N who="1" m="3595" /><E12/><V115/><F115/><W14/><G14/><T117/><D117/><U6/><E6/><V27/><F108/><W24/><G124/><T130/><D130/><U84/><AGARI ba="1,0" hai="44,47,53,57,61,82,83,84,87,90,91" m="3595" machi="84" ten="30,4000,0" yaku="8,1,52,2" doraHai="43" who="1" fromWho="1" sc="430,-21,190,43,190,-11,190,-11" /><INIT seed="1,0,0,5,5,117" ten="409,233,179,179" oya="1" hai0="86,51,8,78,15,32,36,104,56,54,3,97,77" hai1="62,90,119,80,25,116,12,109,112,123,1,21,135" hai2="53,100,55,13,57,75,60,18,4,22,81,125,6" hai3="29,82,48,46,33,69,127,20,68,52,17,133,73"/><U74/><E74/><V132/><F132/><W31/><G133/><T102/><D32/><U58/><E135/><V110/><F110/><W76/><G127/><T121/><D121/><U99/><E1/><V11/><F125/><W41/><G33/><T72/><D36/><U91/><E112/><V59/><F100/><W103/><G103/><T43/><D3/><U39/><E39/><V131/><F131/><W126/><G126/><T10/><D10/><U24/><E62/><V101/><F101/><W134/><G134/><T108/><D108/><U98/><E109/><V89/><F75/><W84/><G73/><T37/><D72/><U61/><E61/><V94/><F81/><W26/><REACH who="3" step="1"/><G41/><REACH who="3" ten="409,233,179,169" step="2"/><T47/><REACH who="0" step="1"/><D86/><REACH who="0" ten="399,233,179,169" step="2"/><U95/><E119/><V128/><F128/><W7/><G7/><AGARI ba="0,2" hai="7,8,15,37,43,47,51,54,56,77,78,97,102,104" machi="7" ten="30,3900,0" yaku="1,1,2,1,7,1,53,0" doraHai="117" doraHaiUra="30" who="0" fromWho="3" sc="399,59,233,0,179,0,169,-39" /><INIT seed="2,0,0,3,4,11" ten="458,233,179,130" oya="2" hai0="117,121,57,113,71,60,56,42,69,45,40,131,61" hai1="98,17,112,6,110,89,48,134,130,77,43,25,84" hai2="72,107,123,127,30,118,3,103,47,14,115,79,35" hai3="28,120,55,54,0,44,95,64,109,119,80,66,52"/><V1/><F115/><W104/><G104/><T92/><D92/><U53/><E110/><V15/><F123/><W20/><G119/><T59/><D113/><U18/><E130/><V7/><F118/><W50/><G0/><T116/><D121/><U23/><E134/><V10/><F3/><W16/><G109/><T85/><D85/><U26/><E77/><V58/><F58/><W62/><G28/><T114/><D114/><U76/><E76/><V68/><F68/><W63/><G80/><T96/><D96/><U101/><E43/><V8/><F127/><W108/><G95/><T19/><D19/><U106/><E6/><V102/><F47/><W38/><G38/><T91/><D91/><U126/><E126/><V125/><F125/><W97/><G97/><T124/><D124/><U41/><E41/><V24/><F107/><W37/><G37/><T33/><D33/><U100/><E100/><V13/><REACH who="2" step="1"/><F10/><REACH who="2" ten="458,233,169,130" step="2"/><W32/><G120/><T4/><D57/><U9/><E112/><V39/><F39/><W129/><G108/><T94/><D59/><N who="1" m="33191" /><E9/><V83/><AGARI ba="0,1" hai="1,7,8,13,14,15,24,30,35,72,79,83,102,103" machi="83" ten="30,12000,1" yaku="1,1,0,1,52,3,53,0" doraHai="11" doraHaiUra="93" who="2" fromWho="2" sc="458,-40,233,-40,169,130,130,-40" /><INIT seed="2,1,0,0,0,83" ten="418,193,299,90" oya="2" hai0="124,43,4,118,101,58,110,90,12,54,72,28,100" hai1="94,53,127,49,135,39,29,87,95,96,21,74,119" hai2="76,3,38,103,20,45,50,84,25,5,9,108,125" hai3="35,104,123,0,77,7,19,22,66,126,81,31,97"/><V130/><F130/><W61/><G123/><T42/><D110/><U73/><E39/><V56/><F125/><W102/><G126/><T62/><D72/><U111/><E119/><V105/><F38/><W57/><G0/><T32/><D124/><U133/><E111/><V16/><F108/><W80/><G7/><T34/><D118/><U88/><E127/><V52/><F103/><N who="0" m="39498" /><D32/><U78/><E29/><V67/><F105/><W65/><G65/><T27/><D34/><U69/><E69/><V1/><F3/><W70/><G57/><T33/><D33/><U10/><E10/><V112/><F112/><W11/><G11/><N who="0" m="4199" /><D27/><U109/><E21/><V134/><F134/><N who="1" m="51209" /><E109/><V17/><F67/><W114/><G114/><T64/><D28/><U46/><E78/><V15/><F1/><W51/><G77/><T113/><D113/><U44/><E44/><V40/><F5/><W121/><G121/><T86/><D54/><U26/><E26/><V116/><F116/><W106/><G104/><T6/><D6/><U122/><E122/><V91/><F76/><W59/><G31/><T129/><D129/><U132/><N who="1" m="51217" /><U131/><DORA hai="41" /><E131/><V75/><F75/><W18/><G35/><T23/><D23/><U55/><E55/><V68/><F68/><W48/><G70/><T98/><D98/><U115/><E115/><V79/><F79/><W2/><G22/><T24/><D24/><U107/><E107/><V30/><F30/><W117/><G117/><T85/><D85/><U8/><E8/><V89/><F84/><W47/><G106/><T13/><D13/><RYUUKYOKU ba="1,0" sc="418,10,193,10,299,10,90,-30" hai0="42,43,58,62,64,86,90" hai1="46,49,53,73,74,87,88,94,95,96" hai2="9,15,16,17,20,25,40,45,50,52,56,89,91" /><INIT seed="2,2,0,1,5,127" ten="428,203,309,60" oya="2" hai0="124,123,80,16,25,31,107,70,91,41,24,67,77" hai1="129,62,38,68,57,23,125,109,32,118,34,64,10" hai2="89,11,96,2,87,60,17,76,111,74,85,128,15" hai3="47,53,3,42,30,49,18,36,43,5,95,78,135"/><V108/><F2/><W52/><G135/><T117/><D124/><U112/><E125/><V102/><F74/><W8/><G30/><T63/><D123/><U92/><E38/><V12/><F76/><W19/><G43/><T75/><D117/><U88/><E112/><V4/><F60/><W39/><G39/><T98/><D41/><U90/><E118/><V0/><F89/><W114/><G114/><T7/><D7/><U20/><E109/><N who="2" m="42059" /><F128/><W26/><G26/><T29/><D91/><U35/><E90/><V104/><F0/><W45/><G95/><T51/><D51/><U134/><E134/><V73/><F73/><W115/><G115/><T21/><REACH who="0" step="1"/><D25/><REACH who="0" ten="418,203,309,60" step="2"/><U27/><E27/><V110/><N who="2" m="42067" /><V22/><AGARI ba="2,1" hai="4,11,12,15,17,22,85,87,96,102,104" m="42067" machi="22" ten="40,7800,0" yaku="4,1,14,1,10,1" doraHai="127" who="2" fromWho="2" sc="418,-28,203,-28,309,94,60,-28" /><INIT seed="2,3,0,2,0,111" ten="390,175,403,32" oya="2" hai0="129,20,116,41,73,48,21,90,67,31,40,12,43" hai1="19,13,1,9,15,121,69,59,112,89,22,99,119" hai2="75,39,100,34,131,29,50,27,124,18,82,93,83" hai3="108,16,132,32,3,91,47,58,118,72,135,65,96"/><V78/><F39/><W26/><G118/><T74/><D129/><U37/><E69/><V104/><F131/><W42/><G72/><T98/><D116/><U134/><E1/><V86/><F124/><W127/><G3/><T109/><D109/><U33/><E33/><V46/><F18/><W123/><G123/><T70/><D70/><U101/><E134/><V54/><F93/><N who="3" m="56383" /><G108/><T64/><D48/><U7/><E121/><V68/><F68/><W110/><G32/><T49/><D49/><U113/><E37/><V84/><REACH who="2" step="1"/><F83/><REACH who="2" ten="390,175,393,32" step="2"/><W106/><G127/><T115/><D115/><U76/><E119/><V133/><F133/><W55/><G110/><T63/><D31/><U102/><E113/><V8/><F8/><W66/><G106/><T5/><D5/><U0/><E112/><V128/><F128/><W56/><G135/><T52/><D73/><U57/><E7/><V2/><F2/><W105/><G105/><T62/><D74/><U53/><E0/><V122/><F122/><W4/><G4/><T85/><D98/><AGARI ba="3,1" hai="27,29,34,46,50,54,75,78,82,84,86,98,100,104" machi="98" ten="40,2000,0" yaku="1,1,53,0" doraHai="111" doraHaiUra="130" who="2" fromWho="0" sc="390,-29,175,0,393,39,32,0" /><INIT seed="2,4,0,1,2,55" ten="361,175,432,32" oya="2" hai0="26,111,32,92,123,126,115,43,58,2,78,40,9" hai1="103,121,90,21,89,85,107,99,46,84,41,75,19" hai2="109,35,6,22,48,86,44,96,71,112,100,72,37" hai3="68,1,114,51,124,132,80,28,14,61,118,98,64"/><V105/><F35/><W13/><G118/><T134/><D111/><U108/><E108/><V94/><F109/><W59/><G124/><T16/><D126/><U52/><E75/><V3/><F71/><W30/><G1/><T66/><D123/><U83/><E121/><V133/><F37/><W11/><G132/><T135/><D115/><U101/><E101/><V12/><F72/><W110/><G110/><T131/><D131/><U128/><E128/><V53/><F3/><W29/><G114/><T93/><D78/><U77/><E85/><V65/><F65/><W116/><G116/><T50/><D32/><U54/><E77/><V18/><F112/><W31/><G14/><N who="0" m="7247" /><D26/><U67/><E90/><V117/><F117/><W119/><G119/><T24/><D24/><U10/><E10/><V91/><REACH who="2" step="1"/><F6/><REACH who="2" ten="361,175,422,32" step="2"/><W45/><G68/><T49/><D2/><U127/><E127/><V104/><F104/><W33/><G33/><T15/><D135/><AGARI ba="4,1" hai="12,18,22,44,48,53,86,91,94,96,100,105,133,135" machi="135" ten="40,7700,0" yaku="1,1,53,2" doraHai="55" doraHaiUra="130" who="2" fromWho="0" sc="361,-89,175,0,422,99,32,0" /><INIT seed="2,5,0,4,0,23" ten="272,175,521,32" oya="2" hai0="81,0,125,133,64,11,134,96,71,109,110,117,124" hai1="13,43,101,34,107,115,58,59,89,74,33,122,1" hai2="65,123,32,98,114,85,26,15,119,57,50,21,9" hai3="105,67,126,129,127,113,44,45,54,102,6,97,48"/><V49/><F32/><W7/><G129/><T47/><D96/><U56/><E1/><V12/><F123/><W83/><G113/><T70/><D81/><U24/><E115/><V52/><F119/><W87/><G67/><T5/><D47/><U31/><E122/><V95/><F65/><W120/><G45/><T79/><D79/><U108/><E108/><N who="0" m="41577" /><D117/><U76/><E34/><V17/><F85/><W3/><G120/><T132/><D64/><U2/><E2/><V40/><F114/><W10/><REACH who="3" step="1"/><G6/><REACH who="3" ten="272,175,521,22" step="2"/><T22/><D22/><U73/><E59/><V100/><F9/><W28/><G28/><T104/><D104/><U93/><E31/><V86/><F86/><W82/><G82/><T19/><D19/><U66/><E107/><V72/><F72/><W53/><G53/><T16/><D16/><U51/><E66/><V80/><F80/><W38/><G38/><T41/><D41/><U68/><E43/><V103/><F103/><W90/><AGARI ba="5,1" hai="3,7,10,44,48,54,83,87,90,97,102,105,126,127" machi="90" ten="30,2000,0" yaku="1,1,0,1,53,0" doraHai="23" doraHaiUra="62" who="3" fromWho="3" sc="272,-10,175,-10,521,-15,22,45" /><INIT seed="3,0,0,1,4,129" ten="262,165,506,67" oya="3" hai0="17,93,107,3,57,59,108,47,61,14,65,110,5" hai1="49,52,45,117,91,112,86,53,39,24,77,19,37" hai2="106,41,32,90,22,67,58,51,83,13,123,122,130" hai3="30,118,85,103,42,95,10,46,111,78,8,50,38"/><W116/><G111/><N who="0" m="42539" /><D107/><U36/><E112/><V66/><F32/><W20/><G38/><T128/><D128/><U99/><E117/><V35/><F35/><W60/><G118/><T132/><D132/><U9/><E77/><V120/><F106/><W43/><G43/><T115/><D115/><U74/><E74/><V71/><F71/><W94/><G116/><T40/><D3/><U131/><E131/><V11/><F22/><W33/><G33/><T88/><D5/><U69/><E69/><V76/><F90/><W104/><G104/><T27/><D27/><U105/><E99/><V81/><F83/><N who="3" m="47351" /><G60/><T15/><D17/><U73/><E73/><V44/><F130/><W133/><G133/><T89/><D59/><U109/><E105/><V12/><F58/><W79/><G79/><T64/><D65/><N who="2" m="24586" /><F11/><N who="3" m="4139" /><G103/><T1/><D1/><U135/><E135/><V56/><F56/><W100/><G100/><T121/><D121/><N who="2" m="30978" /><V28/><DORA hai="18" /><F28/><W80/><G80/><T72/><D72/><AGARI ba="0,0" hai="12,13,41,44,51,72,76,81" m="30978,24586" machi="72" ten="40,1300,0" yaku="13,1" doraHai="129,18" who="2" fromWho="0" sc="262,-13,165,0,506,13,67,0" /><INIT seed="4,0,0,0,2,55" ten="249,165,519,67" oya="0" hai0="18,16,97,129,45,56,37,81,80,95,114,38,111" hai1="113,119,20,85,93,48,65,3,22,49,53,51,7" hai2="58,98,134,47,30,24,5,42,109,40,77,59,11" hai3="125,94,69,67,64,13,14,110,135,133,123,19,71"/><T25/><D114/><U57/><E119/><V68/><F68/><N who="3" m="26187" /><G94/><T131/><D56/><N who="1" m="32807" /><E3/><V73/><F134/><N who="3" m="51211" /><G19/><N who="0" m="7211" /><D25/><U92/><E113/><V100/><F42/><W34/><G110/><T41/><D111/><U15/><E7/><V128/><F109/><W28/><G125/><T88/><D38/><U112/><E112/><V89/><F59/><W83/><G83/><T70/><D70/><U103/><E15/><N who="3" m="5642" /><G123/><T62/><D62/><N who="1" m="38095" /><E93/><V46/><F58/><W36/><G36/><T126/><D126/><U96/><E85/><V1/><F5/><W35/><G28/><T43/><D43/><U79/><E79/><V132/><F77/><W118/><G118/><T0/><D0/><U52/><E52/><V106/><F1/><W102/><G102/><T6/><D6/><U31/><E31/><V29/><F30/><W117/><G117/><T39/><D39/><U120/><E120/><V127/><F29/><W82/><G82/><T26/><D26/><U121/><E121/><V63/><F24/><W104/><G104/><T61/><D61/><U32/><E32/><AGARI ba="0,0" hai="32,34,35,64,67" m="5642,51211,26187" machi="32" ten="40,5200,0" yaku="28,2,20,1" doraHai="55" who="3" fromWho="1" sc="249,0,165,-52,519,0,67,52" /><INIT seed="5,0,0,5,1,30" ten="249,113,519,119" oya="1" hai0="47,29,135,100,86,56,24,82,49,72,126,95,2" hai1="131,88,22,106,7,19,134,8,5,68,32,74,84" hai2="39,129,87,60,92,0,102,20,81,125,83,21,79" hai3="14,73,127,11,9,67,3,91,119,31,122,76,18"/><U57/><E68/><V94/><F0/><W61/><G122/><T64/><D135/><U51/><E134/><V6/><F39/><W44/><G127/><T105/><D126/><U108/><E74/><V124/><F6/><W107/><G107/><T132/><D2/><U13/><E106/><V75/><F60/><W93/><G31/><T117/><D132/><U58/><E131/><V111/><F21/><W99/><G44/><T45/><D117/><U33/><E108/><V110/><F20/><W109/><G109/><N who="2" m="41481" /><F129/><W23/><G3/><T104/><D72/><U34/><E5/><V15/><F15/><W90/><G76/><T116/><D105/><U97/><E97/><N who="2" m="59703" /><F92/><W40/><G40/><T114/><D104/><U78/><E78/><AGARI ba="0,0" hai="75,78,79,81,83,87,124,125" m="59703,41481" machi="78" ten="30,2000,0" yaku="34,2" doraHai="30" who="2" fromWho="1" sc="249,0,113,-20,519,20,119,0" /><INIT seed="6,0,0,2,0,71" ten="249,93,539,119" oya="2" hai0="4,83,34,90,132,127,5,10,67,62,131,101,126" hai1="1,47,13,68,19,32,64,44,117,21,134,80,94" hai2="53,65,38,26,122,12,128,58,42,18,8,97,40" hai3="133,20,24,70,99,27,121,22,96,123,43,119,51"/><V45/><F122/><W48/><G119/><T39/><D132/><U46/><E117/><V87/><F42/><W93/><G133/><T69/><D34/><U84/><E134/><V16/><F128/><W106/><G70/><T49/><D131/><U33/><E1/><V59/><F65/><W57/><G57/><T41/><D101/><U15/><E94/><V111/><F111/><W120/><G106/><T92/><D49/><U25/><E13/><V124/><F124/><N who="0" m="47658" /><D83/><U0/><E0/><V73/><F73/><W54/><G43/><T135/><D135/><U100/><E100/><V76/><F97/><W130/><G130/><T72/><D72/><U31/><E64/><V37/><F38/><W107/><G107/><T2/><D5/><U52/><E68/><V112/><F112/><W6/><G6/><T103/><D103/><U9/><REACH who="1" step="1"/><E52/><REACH who="1" ten="249,83,539,119" step="2"/><V75/><F53/><W109/><G54/><T113/><D67/><U85/><E85/><V91/><F75/><W102/><G102/><T28/><D69/><U95/><E95/><V79/><F59/><W63/><G93/><T30/><D92/><U50/><E50/><V98/><F58/><W129/><G129/><T55/><D2/><U81/><E81/><N who="2" m="49647" /><F98/><W17/><G99/><T108/><D55/><U89/><AGARI ba="0,1" hai="9,15,19,21,25,31,32,33,44,46,47,80,84,89" machi="89" ten="30,2000,0" yaku="1,1,0,1,53,0" doraHai="71" doraHaiUra="74" who="1" fromWho="1" sc="249,-5,83,30,539,-10,119,-5" /><INIT seed="7,0,0,1,4,135" ten="244,113,529,114" oya="3" hai0="54,40,93,19,114,124,66,96,110,74,63,125,53" hai1="26,16,73,111,97,65,3,85,70,117,127,20,30" hai2="133,58,61,51,12,22,13,91,29,34,43,129,42" hai3="90,84,103,107,121,134,78,17,106,83,113,120,33"/><W101/><G33/><T9/><D110/><U52/><E73/><V35/><F129/><W60/><G60/><T32/><D74/><U41/><E111/><V87/><F133/><W18/><G134/><T119/><D32/><U128/><E41/><N who="2" m="15371" /><F35/><W56/><G56/><N who="0" m="37223" /><D40/><U109/><E3/><V79/><F79/><W59/><G59/><T4/><D19/><U36/><E36/><V44/><F34/><W75/><G17/><T131/><D114/><U10/><E109/><V28/><F44/><W25/><G18/><T50/><D50/><U115/><E115/><V14/><F51/><W123/><G25/><T86/><D86/><U27/><E52/><N who="2" m="33991" /><F22/><W98/><G113/><T55/><D131/><U108/><E117/><V7/><F7/><W67/><G67/><T0/><D119/><U21/><E128/><V62/><F62/><W2/><G2/><T69/><D69/><U45/><E108/><V100/><F100/><W89/><G75/><T38/><D38/><U47/><E65/><V23/><F23/><W64/><G64/><T95/><D96/><AGARI ba="0,0" hai="78,83,84,89,90,96,98,101,103,106,107,120,121,123" machi="96" ten="40,12000,1" yaku="9,1,34,3" doraHai="135" who="3" fromWho="0" sc="244,-120,113,0,529,0,114,120" /><INIT seed="7,1,0,5,4,28" ten="124,113,529,234" oya="3" hai0="35,76,34,125,79,106,95,101,127,68,105,6,22" hai1="30,24,64,1,118,119,31,60,23,5,11,81,58" hai2="73,61,89,92,52,120,96,113,16,10,43,0,32" hai3="59,107,122,93,97,99,56,134,49,26,45,110,129"/><W123/><G134/><T37/><D68/><U133/><E133/><V39/><F32/><N who="0" m="12330" /><D37/><U18/><E81/><V128/><F113/><W124/><G107/><N who="0" m="40971" /><D6/><U109/><E109/><V75/><F120/><W41/><G110/><T51/><D51/><U63/><E63/><V62/><F128/><W3/><G129/><T21/><D95/><U54/><E54/><V82/><F75/><W36/><G36/><T80/><D101/><U25/><E25/><V46/><F52/><W91/><G3/><T8/><D8/><U12/><E1/><V103/><F16/><W44/><G44/><T29/><D29/><U90/><E90/><V111/><F111/><W33/><G33/><T108/><D108/><U94/><E94/><V19/><F19/><W131/><G26/><T86/><D79/><U74/><E74/><V98/><F98/><W65/><G99/><T15/><D15/><U2/><E31/><V50/><F50/><W7/><G7/><T9/><D9/><U78/><E78/><N who="2" m="44367" /><F103/><W27/><G97/><T53/><D53/><U20/><AGARI ba="1,0" hai="2,5,11,12,18,20,23,24,30,58,60,64,118,119" machi="20" ten="30,1100,0" yaku="0,1" doraHai="28" who="1" fromWho="1" sc="124,-4,113,14,529,-4,234,-6" owari="120,-38.0,127,-27.3,525,62.5,228,2.8" /></mjloggm>