<mjloggm ver="2.3"><GO type="137" lobby="0"/><UN n0="%E8%8F%8A%E3%81%AE%E6%B9%AF" n1="%6C%6F%63%6B%73%6C%65%79" n2="%E7%8C%AA%E6%B2%B9%E6%8B%8C%E9%A3%AF" n3="%E2%93%9D%4C%75%63%6B%79%4A" dan="10,11,12,10" rate="1370.99,1464.80,1838.83,1780.58" sx="M,M,M,M"/><TAIKYOKU oya="0"/><INIT seed="0,0,0,5,1,4" ten="250,250,250,250" oya="0" hai0="119,79,118,83,2,31,38,39,1,72,115,35,134" hai1="96,18,43,74,52,3,105,121,25,117,70,82,65" hai2="130,98,86,123,60,109,100,73,21,45,112,9,11" hai3="34,76,128,12,95,58,53,126,27,33,49,40,48"/><T28/><D28/><U97/><E117/><V68/><F112/><W89/><G126/><T122/><D134/><U13/><E121/><V37/><F123/><W92/><G76/><T94/><D94/><U32/><E3/><N who="0" m="1033" /><D122/><U111/><E111/><V80/><F73/><W71/><G71/><T116/><D115/><U101/><E97/><V108/><F130/><W106/><G106/><T93/><D93/><U107/><E43/><N who="2" m="22767" /><F21/><W46/><G128/><T113/><D113/><U15/><E70/><V29/><F29/><W56/><G95/><T85/><D85/><U24/><E65/><N who="2" m="40999" /><F98/><W54/><G27/><AGARI ba="0,0" hai="27,31,35,38,39,72,79,83,116,118,119" m="1033" machi="27" ten="40,2000,0" yaku="23,1" doraHai="4" who="0" fromWho="3" sc="250,20,250,0,250,0,250,-20" /><INIT seed="0,1,0,2,3,118" ten="270,250,250,230" oya="0" hai0="4,16,20,42,57,85,129,98,116,71,130,19,67" hai1="93,33,111,108,37,66,1,51,9,83,102,55,92" hai2="115,74,131,134,86,27,90,61,87,54,28,52,109" hai3="106,32,101,103,91,114,0,80,135,40,22,25,99"/><T44/><D116/><U95/><E37/><V47/><F115/><W75/><G114/><T12/><D71/><U82/><E66/><V73/><F109/><N who="1" m="42057" /><E102/><V84/><F134/><W11/><G32/><T14/><D4/><N who="1" m="1167" /><E33/><V88/><F74/><W78/><G103/><T94/><D85/><U112/><E112/><V38/><F73/><W48/><G135/><T6/><D6/><U69/><E69/><V5/><F5/><W8/><G0/><T17/><D57/><AGARI ba="1,0" hai="51,55,57,82,83,92,93,95" m="1167,42057" machi="57" ten="30,1000,0" yaku="14,1" doraHai="118" who="1" fromWho="0" sc="270,-13,250,13,250,0,230,0" /><INIT seed="1,0,0,0,2,20" ten="257,263,250,230" oya="1" hai0="115,68,43,42,80,85,10,101,102,116,13,36,93" hai1="4,33,122,92,63,127,95,50,84,117,65,30,81" hai2="37,100,112,121,28,79,118,104,31,105,82,119,19" hai3="12,58,132,123,18,86,32,9,39,34,51,76,78"/><U108/><E122/><V54/><F37/><W44/><G123/><T22/><D68/><U88/><E117/><V59/><F121/><W25/><G39/><T64/><D115/><U71/><E127/><V103/><F112/><W106/><G106/><T61/><D116/><U124/><E108/><V1/><F1/><W8/><G132/><T5/><D36/><U14/><E124/><V2/><F2/><W133/><G133/><T131/><D131/><U113/><E113/><V114/><F114/><W135/><G135/><T15/><D93/><U49/><E30/><V56/><F82/><W16/><G58/><N who="0" m="36919" /><D15/><U26/><E33/><V6/><F79/><W67/><G67/><T57/><D57/><N who="1" m="37103" /><E26/><V46/><F46/><W27/><G44/><T23/><D102/><U70/><E70/><V47/><F47/><W3/><G3/><T21/><D101/><U52/><E50/><V90/><F90/><AGARI ba="0,0" hai="5,10,13,21,22,23,42,43,80,85,90" m="36919" machi="90" ten="30,1000,0" yaku="8,1" doraHai="20" who="0" fromWho="2" sc="257,10,263,0,250,-10,230,0" /><INIT seed="2,0,0,3,2,42" ten="267,263,240,230" oya="2" hai0="52,27,117,17,78,73,120,128,13,98,91,48,59" hai1="92,126,83,123,105,102,94,119,45,88,84,129,124" hai2="6,29,109,33,68,18,114,50,4,106,51,79,5" hai3="23,93,87,49,96,121,55,70,85,69,32,90,97"/><V130/><F114/><W75/><G32/><T47/><D117/><U41/><E41/><V127/><F106/><W61/><G121/><T39/><D120/><U15/><E123/><V80/><F68/><W19/><G75/><T12/><D73/><U63/><E63/><V56/><F130/><W40/><G40/><N who="0" m="24679" /><D78/><U31/><E31/><V100/><F100/><W25/><G97/><T125/><D39/><U20/><E119/><V103/><F103/><W10/><G10/><T30/><D30/><U101/><E105/><V35/><F127/><N who="1" m="48681" /><E20/><V76/><F109/><W14/><G14/><T131/><D125/><U116/><E129/><V135/><F135/><W133/><G133/><T104/><D104/><U46/><E15/><V37/><F37/><W95/><G61/><N who="0" m="36071" /><D131/><U53/><E53/><V65/><F29/><W64/><G64/><T7/><D7/><U16/><E116/><V108/><F108/><W99/><G70/><T89/><D128/><U11/><E102/><V77/><F65/><W58/><REACH who="3" step="1"/><G69/><REACH who="3" ten="267,263,240,220" step="2"/><T60/><D13/><N who="1" m="7231" /><E101/><AGARI ba="0,1" hai="19,23,25,49,55,58,85,87,90,93,95,96,99,101" machi="101" ten="30,3900,0" yaku="1,1,7,1,8,1,53,0" doraHai="42" doraHaiUra="112" who="3" fromWho="1" sc="267,0,263,-39,240,0,220,49" /><INIT seed="3,0,0,3,0,5" ten="267,224,240,269" oya="3" hai0="108,93,10,15,120,98,66,115,132,32,131,123,100" hai1="86,38,87,27,75,117,37,104,90,96,20,55,72" hai2="92,28,88,114,84,17,105,79,0,95,67,94,61" hai3="119,57,59,58,2,77,121,101,126,125,122,65,7"/><W63/><G77/><T113/><D32/><U16/><E38/><V44/><F114/><N who="0" m="43530" /><D108/><U13/><E37/><V41/><F105/><W24/><G101/><T25/><D25/><U135/><E75/><V53/><F28/><W80/><G80/><T22/><D22/><N who="1" m="11535" /><E72/><V33/><F33/><W36/><G7/><N who="0" m="3551" /><D66/><U54/><E117/><V19/><F0/><W73/><G2/><T82/><D82/><U45/><E104/><V60/><F53/><N who="1" m="19977" /><E45/><V106/><F106/><W69/><G73/><T124/><D124/><N who="3" m="47721" /><G24/><T40/><D40/><U34/><E34/><V70/><F60/><W31/><G31/><T128/><D132/><U83/><E135/><V43/><F79/><W29/><G29/><T1/><D1/><U103/><E103/><V111/><F111/><W50/><G36/><T112/><N who="0" m="43538" /><T127/><DORA hai="48" /><D127/><U91/><E83/><V74/><F74/><W134/><G134/><T118/><D118/><U110/><E110/><V97/><F44/><W78/><G78/><T130/><AGARI ba="0,0" hai="93,98,100,120,123,128,130,131" m="3551,43538" machi="130" ten="50,6400,0" yaku="19,1,11,1,52,1" doraHai="5,48" who="0" fromWho="0" sc="267,64,224,-16,240,-16,269,-32" /><INIT seed="4,0,0,0,2,5" ten="331,208,224,237" oya="0" hai0="17,127,37,44,135,53,116,46,50,115,66,32,63" hai1="24,96,75,18,122,19,78,39,120,40,48,90,13" hai2="105,131,71,97,102,54,89,69,9,1,125,68,27" hai3="45,119,31,11,8,91,82,111,107,62,128,72,73"/><T108/><D32/><U133/><E39/><V41/><F131/><W16/><G107/><T34/><D34/><U104/><E133/><V22/><F125/><W2/><G111/><T70/><D17/><U126/><E126/><V95/><F41/><W67/><G119/><T4/><D4/><U12/><E24/><V110/><F110/><W25/><G2/><T118/><D127/><U7/><E75/><V103/><F105/><W28/><G45/><T79/><D79/><U38/><E78/><V74/><F74/><W15/><G128/><T26/><D26/><U47/><E38/><V86/><F86/><N who="3" m="50647" /><G73/><T65/><D108/><U81/><E104/><V10/><F1/><W76/><G72/><T130/><D130/><U117/><E117/><N who="0" m="45161" /><D65/><U88/><E122/><V99/><F99/><W93/><G93/><T64/><D64/><U36/><E120/><V51/><F103/><W3/><G3/><T43/><D135/><U85/><E7/><V29/><REACH who="2" step="1"/><F102/><REACH who="2" ten="331,208,214,237" step="2"/><W98/><G98/><T129/><D129/><U113/><E96/><V0/><F0/><W123/><G123/><T94/><D94/><U101/><E101/><V49/><F49/><W100/><G100/><T61/><D61/><U55/><E113/><AGARI ba="0,1" hai="37,43,44,46,50,53,63,66,70,113,115" m="45161" machi="113" ten="30,2900,0" yaku="34,2" doraHai="5" who="0" fromWho="1" sc="331,39,208,-29,214,0,237,0" /><INIT seed="4,1,0,1,2,121" ten="370,179,214,237" oya="0" hai0="40,97,59,41,14,67,24,44,86,111,81,54,133" hai1="38,102,69,98,107,1,45,11,101,18,87,73,57" hai2="70,12,5,91,36,65,42,23,126,15,85,99,34" hai3="37,68,58,115,114,8,116,39,83,6,88,53,33"/><T135/><D24/><U130/><E73/><V16/><F34/><W51/><G68/><T21/><D97/><U118/><E102/><V47/><F126/><W9/><G116/><T63/><D14/><U17/><E130/><V29/><F99/><W92/><G83/><T100/><D21/><U55/><E118/><V48/><F29/><W76/><G76/><T80/><D100/><U109/><E69/><V84/><F36/><W52/><G53/><T7/><D7/><U110/><E87/><V89/><F70/><W27/><G9/><T46/><D86/><U49/><E1/><V104/><F104/><W134/><G134/><N who="0" m="51211" /><D80/><U13/><REACH who="1" step="1"/><E18/><REACH who="1" ten="370,169,214,237" step="2"/><V10/><F85/><W82/><G115/><T61/><D81/><U43/><AGARI ba="1,1" hai="11,13,17,38,43,45,49,55,57,98,101,107,109,110" machi="43" ten="30,8000,1" yaku="1,1,2,1,0,1,52,2,53,0" doraHai="121" doraHaiUra="119" who="1" fromWho="1" sc="370,-41,169,93,214,-21,237,-21" /><INIT seed="5,0,0,0,2,41" ten="329,262,193,216" oya="1" hai0="70,127,28,110,9,11,67,119,106,118,120,128,117" hai1="113,19,111,44,130,23,115,3,51,18,114,54,89" hai2="103,53,36,40,14,78,69,32,93,4,56,68,47" hai3="16,13,108,35,102,72,109,17,30,7,33,6,15"/><U48/><E3/><V52/><F32/><W50/><G50/><T104/><D28/><U1/><E1/><V20/><F78/><W66/><G66/><T101/><D101/><U5/><E5/><N who="3" m="1546" /><G102/><T129/><D67/><U63/><E130/><N who="0" m="50281" /><D70/><U59/><E89/><V10/><F53/><W55/><G72/><T62/><D62/><U74/><E74/><V60/><REACH who="2" step="1"/><F20/><REACH who="2" ten="329,262,183,216" step="2"/><N who="3" m="11327" /><G55/><T133/><D11/><U27/><E111/><N who="3" m="42570" /><G30/><T45/><D9/><AGARI ba="0,1" hai="9,13,16,33,35" m="42570,11327,1546" machi="9" ten="30,3900,0" yaku="34,2,54,1" doraHai="41" who="3" fromWho="0" sc="329,-39,262,0,183,0,216,49" /><INIT seed="6,0,0,2,1,34" ten="290,262,183,265" oya="2" hai0="19,86,38,89,76,110,26,122,41,94,45,32,61" hai1="129,111,29,55,62,118,83,58,99,125,51,96,14" hai2="59,90,68,63,52,57,130,66,103,1,21,31,13" hai3="27,82,56,18,104,8,73,134,36,127,87,43,35"/><V112/><F112/><W48/><G73/><T101/><D110/><U39/><E39/><V132/><F132/><W128/><G104/><T23/><D122/><U5/><E118/><V109/><F68/><W42/><G36/><T80/><D32/><U97/><E111/><V81/><F109/><W133/><G128/><T117/><D101/><U28/><E125/><V88/><F130/><W74/><G74/><T25/><D61/><U30/><E129/><V2/><F103/><W98/><G98/><T91/><D117/><U9/><REACH who="1" step="1"/><E83/><REACH who="1" ten="290,252,183,265" step="2"/><V46/><F81/><W75/><G82/><T131/><D131/><U78/><E78/><V37/><F37/><W53/><G127/><T105/><D105/><U64/><E64/><V93/><F46/><W79/><G79/><T65/><D65/><U77/><E77/><V47/><F47/><W22/><G134/><T0/><D91/><U123/><E123/><V92/><F90/><W4/><G133/><T24/><D80/><U3/><E3/><V60/><F93/><W33/><G75/><T114/><D76/><U54/><E54/><V126/><F126/><W17/><G43/><T85/><D85/><U95/><E95/><V67/><F52/><W108/><G42/><T10/><REACH who="0" step="1"/><D114/><REACH who="0" ten="280,252,183,265" step="2"/><U44/><E44/><V84/><REACH who="2" step="1"/><F13/><REACH who="2" ten="280,252,173,265" step="2"/><N who="3" m="9551" /><G108/><T50/><D50/><AGARI ba="0,3" hai="5,9,14,28,29,30,50,51,55,58,62,96,97,99" machi="50" ten="40,2600,0" yaku="1,1,8,1,53,0" doraHai="34" doraHaiUra="119" who="1" fromWho="0" sc="280,-26,252,56,173,0,265,0" /><INIT seed="7,0,0,5,5,81" ten="254,308,173,265" oya="3" hai0="80,51,6,21,12,49,7,94,88,50,28,29,133" hai1="91,19,130,42,1,64,32,82,72,10,25,35,126" hai2="79,125,67,13,53,26,114,122,8,119,71,27,110" hai3="65,52,121,96,57,37,2,105,124,135,74,90,78"/><W56/><G2/><T66/><D133/><U106/><E106/><V120/><F119/><W41/><G121/><T36/><D66/><U11/><E64/><V99/><F114/><W62/><G74/><T111/><D36/><U15/><E42/><V3/><F3/><W45/><G78/><T86/><D111/><U44/><E44/><V132/><F132/><W31/><G135/><T60/><D60/><U84/><E72/><V102/><F110/><W73/><G73/><T75/><D75/><U131/><E126/><V9/><F79/><W77/><G77/><T128/><D128/><N who="1" m="49195" /><E25/><V100/><F125/><W33/><G124/><T69/><D69/><U123/><E123/><V92/><F122/><W17/><G17/><T40/><D40/><U59/><E59/><V76/><F120/><W4/><G4/><AGARI ba="0,0" hai="1,4,10,11,15,19,32,35,82,84,91" m="49195" machi="4" ten="30,2000,0" yaku="19,1,52,1" doraHai="81" who="1" fromWho="3" sc="254,0,308,20,173,0,265,-20" owari="254,5.4,328,42.8,173,-32.7,245,-15.5" /></mjloggm>