<mjloggm ver="2.3"><GO type="41" lobby="0"/><UN n0="%E2%93%9D%4C%75%63%6B%79%4A" n1="%E3%81%91%E3%81%9F%E3%82%93" n2="%E3%81%9B%E3%82%93%E3%81%A8%E3%82%89%32%30%32%32" n3="%E2%98%86%E3%83%92%E3%82%B2%E9%AD%94%E4%BA%BA%E2%98%86" dan="17,15,14,16" rate="2159.58,2061.29,1970.10,2053.26" sx="M,M,M,M"/><TAIKYOKU oya="0"/><INIT seed="0,0,0,3,3,129" ten="250,250,250,250" oya="0" hai0="71,135,89,23,14,46,96,127,80,64,39,128,82" hai1="37,105,10,52,101,100,114,16,92,40,117,7,132" hai2="27,21,99,116,126,73,130,125,29,122,79,42,65" hai3="0,84,107,34,78,102,22,98,76,68,104,88,87"/><T58/><D71/><U110/><E110/><V13/><F122/><W19/><G34/><T121/><D121/><U70/><E70/><V4/><F130/><W18/><G68/><T61/><D128/><U20/><E117/><V66/><F116/><W50/><G0/><T118/><D118/><U15/><E105/><V115/><F115/><W83/><G50/><T26/><D127/><N who="2" m="48650" /><F42/><W62/><G62/><T72/><D72/><U59/><E114/><V11/><F99/><N who="3" m="61535" /><G22/><T108/><D108/><U103/><E132/><V6/><F6/><W86/><G19/><T48/><D135/><U120/><E120/><V49/><F49/><W8/><G18/><T32/><D32/><U2/><E92/><V134/><F134/><W5/><G5/><T97/><D39/><U54/><REACH who="1" step="1"/><E59/><REACH who="1" ten="250,240,250,250" step="2"/><V44/><F44/><AGARI ba="0,1" hai="2,7,10,15,16,20,37,40,44,52,54,100,101,103" machi="44" ten="40,8000,1" yaku="1,1,2,1,54,2,53,0" doraHai="129" doraHaiUra="31" who="1" fromWho="2" sc="250,0,240,90,250,-80,250,0" /><INIT seed="1,0,0,1,4,23" ten="250,330,170,250" oya="1" hai0="88,0,94,131,29,134,121,84,27,86,30,90,16" hai1="65,78,105,87,71,123,38,55,56,42,63,26,132" hai2="83,75,53,107,45,28,120,114,76,60,98,13,122" hai3="80,66,126,135,52,21,59,100,95,70,115,44,74"/><U69/><E105/><V4/><F114/><W6/><G115/><T129/><D0/><U41/><E123/><V82/><F28/><W106/><G135/><T97/><D121/><U104/><E104/><V47/><F4/><W19/><G126/><T14/><D30/><U62/><E87/><V36/><F13/><W46/><G6/><T24/><D134/><U110/><E78/><V119/><F36/><W92/><G106/><T113/><D113/><U116/><E132/><V40/><F40/><W118/><G118/><T108/><D108/><U125/><E116/><V130/><F119/><W9/><G9/><T11/><D29/><U128/><E125/><V34/><F34/><W49/><G70/><N who="1" m="26634" /><E26/><N who="0" m="9769" /><D90/><U22/><E22/><V1/><F1/><W85/><G74/><T50/><D50/><N who="1" m="30839" /><E128/><AGARI ba="0,0" hai="11,14,16,84,86,88,94,97,128,129,131" m="9769" machi="128" ten="30,12000,2" yaku="19,1,52,3,54,2" doraHai="23" who="0" fromWho="1" sc="250,120,330,-120,170,0,250,0" /><INIT seed="2,0,0,3,0,101" ten="370,210,170,250" oya="2" hai0="99,113,80,2,75,115,81,8,24,39,122,118,107" hai1="36,98,61,11,83,111,12,46,104,70,105,129,5" hai2="59,29,97,40,64,34,25,38,53,10,126,87,93" hai3="51,110,124,54,41,20,37,62,27,19,130,134,71"/><V33/><F126/><W94/><G124/><T3/><D122/><U1/><E129/><V58/><F38/><W65/><G130/><T119/><D24/><U17/><E111/><V74/><F74/><W96/><G110/><T109/><D109/><U95/><E83/><N who="0" m="31817" /><D8/><U45/><E70/><V102/><F40/><W0/><G0/><N who="0" m="43" /><D39/><U135/><E61/><V91/><F10/><W73/><G73/><T89/><D89/><U79/><E135/><V44/><F44/><W72/><G72/><T9/><D9/><U77/><E1/><V106/><F64/><W56/><G134/><T76/><D76/><U84/><E5/><V7/><F7/><W42/><REACH who="3" step="1"/><G37/><REACH who="3" ten="370,210,170,240" step="2"/><T131/><D75/><U18/><E36/><V66/><F66/><W88/><AGARI ba="0,1" hai="19,20,27,41,42,51,54,56,62,65,71,88,94,96" machi="88" ten="20,8000,1" yaku="1,1,2,1,0,1,7,1,54,1,53,0" doraHai="101" doraHaiUra="120" who="3" fromWho="3" sc="370,-20,210,-20,170,-40,240,90" /><INIT seed="3,0,0,2,5,27" ten="350,190,130,330" oya="3" hai0="130,60,1,66,40,17,112,13,77,74,41,127,5" hai1="72,4,115,24,102,64,83,30,107,124,10,98,57" hai2="121,100,21,117,109,73,129,62,114,85,131,105,46" hai3="16,37,79,15,49,82,71,2,104,86,7,76,39"/><W122/><G122/><T22/><D112/><U81/><E124/><V132/><F73/><W110/><G104/><T44/><D127/><U91/><E115/><V28/><F114/><W113/><G113/><T6/><D130/><U32/><E91/><V54/><F117/><W97/><G71/><T128/><D128/><U48/><E72/><V18/><F100/><W96/><G76/><T63/><D63/><U95/><E107/><V134/><F105/><W51/><G2/><T56/><D41/><U14/><E64/><V116/><F116/><W75/><G75/><T23/><D1/><U55/><AGARI ba="0,0" hai="4,10,14,24,30,32,48,55,57,81,83,95,98,102" machi="55" ten="30,2000,0" yaku="0,1,52,1" doraHai="27" who="1" fromWho="1" sc="350,-5,190,20,130,-5,330,-10" /><INIT seed="4,0,0,5,1,49" ten="345,210,125,320" oya="0" hai0="128,76,60,118,46,87,129,102,38,64,90,119,57" hai1="58,45,81,100,16,42,126,113,59,3,71,36,116" hai2="5,115,63,39,31,35,52,125,47,97,99,91,112" hai3="130,22,12,8,28,93,24,33,55,6,19,133,56"/><T7/><D76/><U50/><E3/><V11/><F39/><W80/><G133/><T44/><D102/><U109/><E100/><V105/><F31/><W101/><G130/><N who="0" m="50283" /><D7/><U13/><E116/><N who="0" m="44585" /><D87/><U75/><E75/><V92/><F35/><W127/><G127/><T34/><D90/><U20/><E126/><V77/><F125/><W10/><G80/><T110/><D34/><U30/><E109/><V70/><F77/><W62/><G101/><T114/><D114/><N who="2" m="43562" /><F105/><W121/><G121/><T103/><D103/><U40/><E71/><V14/><F70/><W135/><G135/><T88/><D110/><U27/><E113/><V9/><F9/><W82/><G93/><T104/><D104/><U29/><E81/><V85/><F47/><N who="0" m="17962" /><D88/><U123/><E123/><V17/><F5/><W98/><G82/><T74/><D74/><U96/><E96/><V65/><F65/><W131/><G131/><T23/><D23/><U25/><E42/><V61/><F99/><W69/><G98/><T107/><D107/><U41/><E40/><V66/><F97/><W43/><G43/><T53/><D38/><U37/><E36/><V122/><F122/><W73/><G73/><T68/><D68/><U120/><E37/><V79/><F79/><W132/><G69/><T78/><D78/><U32/><REACH who="1" step="1"/><E120/><REACH who="1" ten="345,200,125,320" step="2"/><V1/><F1/><N who="3" m="79" /><G132/><T72/><D72/><U0/><E0/><V117/><F117/><W84/><G84/><T95/><D95/><U51/><E51/><V4/><F85/><W83/><G83/><T124/><D124/><U48/><E48/><V18/><F92/><RYUUKYOKU ba="0,1" sc="345,10,200,10,125,-30,320,10" hai0="53,57,60,64" hai1="13,16,20,25,27,29,30,32,41,45,50,58,59" hai3="10,12,19,22,24,28,33,55,56,62" /><INIT seed="4,1,1,3,0,33" ten="355,210,95,330" oya="0" hai0="106,89,75,27,119,73,121,100,64,54,55,57,71" hai1="34,88,37,44,77,123,132,36,28,32,122,110,17" hai2="3,135,130,19,22,99,16,113,80,111,60,134,109" hai3="26,50,18,131,104,49,86,42,8,70,46,68,66"/><T9/><D121/><U87/><E110/><N who="2" m="41995" /><F60/><W56/><G104/><T48/><D119/><U2/><E77/><V39/><F99/><W125/><G125/><T74/><D27/><U127/><E127/><V41/><F80/><W78/><G131/><T13/><D71/><U85/><E132/><N who="2" m="50731" /><F113/><W91/><G78/><T117/><D117/><U31/><E17/><N who="2" m="6731" /><F130/><W40/><G66/><T6/><D64/><U83/><E44/><N who="2" m="23615" /><F22/><W30/><G8/><T84/><D55/><U133/><E133/><V105/><F105/><W14/><G56/><T79/><D100/><U92/><E83/><V67/><F67/><W62/><G62/><T58/><D106/><U20/><E20/><V59/><F59/><W24/><G14/><T43/><D58/><U101/><E101/><V108/><N who="2" m="42003" /><V72/><DORA hai="15" /><F72/><W118/><G118/><T112/><D112/><U129/><E129/><V29/><F3/><W45/><G18/><T102/><D102/><U65/><E65/><V103/><F103/><W93/><G24/><T69/><D75/><U47/><E47/><V90/><F90/><W82/><G82/><T5/><D74/><U1/><REACH who="1" step="1"/><E88/><REACH who="1" ten="355,200,95,330" step="2"/><V53/><F53/><W126/><G126/><T63/><D54/><U7/><E7/><V51/><F51/><W96/><G96/><T115/><D48/><U116/><E116/><V120/><F120/><W107/><G50/><T61/><D63/><U0/><E0/><V98/><F98/><W23/><G49/><T21/><D61/><U97/><E97/><V35/><F35/><W128/><G128/><T10/><D57/><RYUUKYOKU ba="1,2" sc="355,-15,200,15,95,15,330,-15" hai1="1,2,28,31,32,34,36,37,85,87,92,122,123" hai2="29" /><INIT seed="5,2,2,4,1,37" ten="340,215,110,315" oya="1" hai0="44,133,23,85,35,47,14,40,30,69,25,46,52" hai1="65,55,8,126,93,77,6,0,76,94,109,72,119" hai2="110,83,124,122,78,115,88,57,82,104,89,28,64" hai3="92,75,135,48,118,67,31,63,121,116,102,43,108"/><U73/><E119/><N who="3" m="45610" /><G121/><T99/><D69/><U59/><E109/><V21/><F110/><W3/><G3/><T34/><D133/><U120/><E65/><V129/><F104/><W101/><G75/><T45/><D99/><U123/><E126/><V4/><F124/><W103/><G108/><T7/><D85/><U16/><E73/><V13/><F122/><W128/><G135/><T20/><D35/><U112/><E112/><V2/><F2/><W130/><G31/><T105/><D105/><U79/><E72/><V117/><F117/><W29/><G29/><T81/><D81/><U106/><E106/><V49/><F83/><W10/><G10/><T113/><D113/><U66/><E66/><V114/><F115/><W60/><G92/><T71/><D71/><U32/><E32/><V58/><F129/><N who="3" m="49771" /><G67/><T42/><D34/><U1/><E1/><V17/><F114/><W87/><G87/><T9/><D23/><U5/><E5/><V107/><F107/><W11/><G11/><T132/><D132/><U97/><E94/><V127/><F127/><W39/><G39/><T15/><D15/><U50/><REACH who="1" step="1"/><E16/><REACH who="1" ten="340,205,110,315" step="2"/><N who="2" m="10383" /><F4/><W95/><G95/><T33/><D33/><U61/><E61/><N who="2" m="37935" /><F17/><W38/><G38/><T54/><N who="0" m="11264" /><DORA hai="36" /><T27/><D27/><U98/><E98/><V53/><F28/><W90/><G63/><T131/><D131/><U41/><E41/><AGARI ba="2,3" hai="7,9,14,20,25,30,40,41,42,52,54" m="11264" machi="41" ten="50,16000,3" yaku="8,1,52,6,54,1" doraHai="37,36" who="0" fromWho="1" sc="340,196,205,-166,110,0,315,0" /><INIT seed="6,0,0,0,0,134" ten="536,39,110,315" oya="2" hai0="21,18,95,94,41,126,80,90,0,99,5,63,128" hai1="120,121,67,68,36,118,56,22,79,81,66,130,37" hai2="15,47,44,113,122,106,117,39,9,54,38,35,8" hai3="23,75,109,110,55,116,34,129,46,85,105,60,82"/><V119/><F35/><W100/><G116/><T3/><D128/><U87/><E118/><V13/><F113/><W107/><G34/><T88/><D41/><U57/><E130/><V26/><F106/><W84/><G129/><T50/><D50/><U6/><E6/><V70/><F26/><W77/><G105/><T25/><D126/><U58/><E22/><V112/><F112/><W49/><G107/><T103/><D5/><U73/><E73/><V48/><F70/><W98/><G100/><T59/><D80/><U27/><E27/><V12/><F122/><W33/><G33/><T74/><D74/><U91/><E79/><V92/><F92/><W111/><G98/><T28/><D18/><U20/><E20/><V102/><F102/><W19/><REACH who="3" step="1"/><G60/><REACH who="3" ten="536,39,110,305" step="2"/><T96/><REACH who="0" step="1"/><D103/><REACH who="0" ten="526,39,110,305" step="2"/><U78/><E121/><V4/><F119/><W114/><G114/><T52/><AGARI ba="0,2" hai="0,3,21,25,28,52,59,63,88,90,94,95,96,99" machi="52" ten="20,12000,2" yaku="1,1,2,1,0,1,7,1,9,1,54,2,53,0" doraHai="134" doraHaiUra="61" who="0" fromWho="0" sc="526,140,39,-30,110,-60,305,-30" /><INIT seed="7,0,0,2,5,14" ten="666,9,50,275" oya="3" hai0="101,55,40,34,119,48,35,20,83,27,91,33,79" hai1="54,131,0,12,29,28,80,74,32,112,47,114,36" hai2="134,66,84,21,92,7,88,15,89,82,5,44,30" hai3="46,17,67,57,130,93,76,127,61,59,104,128,68"/><W108/><G104/><T70/><D40/><U73/><E80/><V24/><F134/><W113/><G76/><T62/><D101/><U103/><E103/><V39/><F66/><W100/><G108/><T25/><D91/><U19/><E54/><V126/><F126/><W2/><G2/><T58/><D119/><U23/><E47/><V77/><F89/><W41/><G100/><T118/><D118/><U51/><E51/><V96/><F39/><W122/><G93/><T52/><D70/><U110/><E36/><V9/><F44/><W129/><G122/><T102/><D102/><U26/><E74/><V50/><F50/><W106/><G106/><T11/><D11/><U90/><E90/><V86/><REACH who="2" step="1"/><F5/><REACH who="2" ten="666,9,40,275" step="2"/><W42/><G127/><T31/><D48/><U16/><E73/><AGARI ba="0,1" hai="7,9,15,21,24,30,73,77,82,84,86,88,92,96" machi="73" ten="30,7700,0" yaku="1,1,2,1,7,1,54,1,53,0" doraHai="14" doraHaiUra="49" who="2" fromWho="1" sc="666,0,9,-77,40,87,275,0" owari="666,76.6,-68,-56.8,127,-27.3,275,7.5" /></mjloggm>