<mjloggm ver="2.3"><GO type="137" lobby="0"/><UN n0="%38%38%36%38%34%38%39" n1="%E2%93%9D%4C%75%63%6B%79%4A" n2="%4D%2D%4B%41%4D%41%44%41" n3="%E5%A4%A7%E5%B4%8E%E8%B1%86%E8%85%90%E5%BA%97" dan="12,10,10,12" rate="1643.03,1799.15,1771.04,1743.25" sx="M,M,M,M"/><TAIKYOKU oya="0"/><INIT seed="0,0,0,4,3,122" ten="250,250,250,250" oya="0" hai0="5,127,106,90,44,35,18,17,36,22,72,48,95" hai1="54,59,57,24,70,2,71,64,128,89,109,31,110" hai2="34,29,13,124,83,30,84,99,3,98,108,12,10" hai3="6,87,117,40,28,32,77,43,74,51,56,135,16"/><T69/><D69/><U47/><E2/><V133/><F34/><W93/><G117/><T37/><D106/><U114/><E89/><V125/><F3/><W19/><G6/><T9/><D72/><U52/><E114/><V75/><F75/><W126/><G126/><N who="2" m="48745" /><F133/><W79/><G135/><T8/><D35/><U85/><E85/><V4/><F13/><W101/><G32/><T73/><D73/><U78/><E78/><N who="3" m="29706" /><G28/><N who="2" m="10857" /><F83/><W134/><G134/><T53/><D127/><U66/><E31/><V112/><F112/><W68/><G68/><T103/><D103/><U80/><E80/><V1/><F84/><W7/><G7/><T82/><D82/><U27/><REACH who="1" step="1"/><E47/><REACH who="1" ten="250,240,250,250" step="2"/><V132/><F1/><W62/><G74/><T105/><D105/><U23/><E23/><V11/><F132/><W76/><G76/><T41/><D36/><U118/><E118/><V20/><F20/><W116/><G116/><T49/><D37/><U111/><E111/><V26/><F11/><W60/><G101/><T50/><D50/><U97/><E97/><N who="2" m="36875" /><F26/><W67/><G51/><T81/><D81/><U119/><E119/><V86/><F86/><W65/><G87/><T38/><D38/><U46/><E46/><V33/><F33/><W39/><G39/><T58/><D22/><U130/><AGARI ba="0,1" hai="24,27,52,54,57,59,64,66,70,71,109,110,128,130" machi="130" ten="25,16000,3" yaku="1,1,0,1,22,2,52,2,54,1,53,2" doraHai="122" doraHaiUra="120" who="1" fromWho="1" sc="250,-80,240,170,250,-40,250,-40" /><INIT seed="1,0,0,4,3,32" ten="170,410,210,210" oya="1" hai0="75,106,21,11,69,48,88,99,100,26,41,92,17" hai1="36,24,40,64,114,83,72,103,1,56,54,85,120" hai2="101,46,90,107,104,128,10,122,9,53,89,70,63" hai3="44,135,6,61,125,84,121,51,50,110,22,18,91"/><U33/><E120/><V58/><F70/><W131/><G110/><T97/><D75/><U67/><E72/><V115/><F122/><W47/><G135/><T79/><D69/><U76/><E114/><V124/><F115/><W71/><G131/><T77/><D11/><U55/><E103/><V39/><F128/><W42/><G125/><T123/><D123/><U109/><E55/><V12/><F124/><W68/><G6/><T3/><D3/><U65/><E109/><V98/><F107/><W20/><G121/><T132/><D132/><U66/><N who="1" m="16384" /><DORA hai="73" /><U117/><E117/><V35/><F35/><W129/><G61/><T30/><REACH who="0" step="1"/><D30/><REACH who="0" ten="160,410,210,210" step="2"/><U7/><E1/><V80/><F9/><W57/><G129/><T13/><D13/><U81/><E24/><V74/><F74/><W96/><G71/><T93/><D93/><U38/><E7/><V130/><F130/><W94/><G68/><T0/><D0/><U23/><E33/><V119/><F119/><W5/><G5/><T28/><D28/><U49/><E23/><V102/><F102/><W52/><G18/><T34/><D34/><U59/><E83/><V112/><F112/><W133/><G133/><T62/><D62/><U82/><E82/><V127/><F80/><N who="3" m="49543" /><G47/><AGARI ba="0,1" hai="17,21,26,41,47,48,77,79,88,92,97,99,100,106" machi="47" ten="40,8000,1" yaku="1,1,52,2,54,1,53,1" doraHai="32,73" doraHaiUra="14,2" who="0" fromWho="3" sc="160,90,410,0,210,0,210,-80" /><INIT seed="2,0,0,5,4,81" ten="250,410,210,130" oya="2" hai0="48,97,66,106,112,135,68,88,86,98,3,36,70" hai1="13,5,105,57,74,44,134,32,15,104,127,67,27" hai2="124,89,117,51,14,18,103,63,46,28,110,69,64" hai3="8,39,99,26,2,45,77,94,130,40,59,56,35"/><V73/><F117/><W119/><G130/><T113/><D36/><U96/><E74/><V55/><F73/><W42/><G42/><T80/><D3/><U50/><E127/><V31/><F124/><W129/><G129/><T125/><D125/><U111/><E5/><V9/><F103/><W24/><G77/><T41/><D135/><U6/><E6/><V100/><F100/><W19/><G119/><T12/><D98/><U21/><E32/><V20/><F20/><W30/><G2/><T72/><D72/><U84/><E111/><V93/><REACH who="2" step="1"/><F110/><REACH who="2" ten="250,410,200,130" step="2"/><W22/><REACH who="3" step="1"/><G8/><REACH who="3" ten="250,410,200,120" step="2"/><T132/><D132/><U90/><E134/><V133/><F133/><W109/><G109/><T108/><D108/><U115/><E115/><V114/><F114/><W123/><G123/><T71/><D113/><U23/><E23/><V17/><F17/><W126/><G126/><T131/><D131/><U95/><E21/><V52/><F52/><W11/><G11/><T49/><D112/><U120/><E120/><V1/><F1/><W82/><G82/><T78/><D66/><U38/><E67/><V83/><F83/><W4/><G4/><T75/><D41/><U91/><E105/><V101/><F101/><AGARI ba="0,2" hai="19,22,24,26,30,35,39,40,45,56,59,94,99,101" machi="101" ten="30,2000,0" yaku="1,1,7,1,53,0" doraHai="81" doraHaiUra="33" who="3" fromWho="2" sc="250,0,410,0,200,-20,120,40" /><INIT seed="3,0,0,5,0,48" ten="250,410,180,160" oya="3" hai0="56,3,121,88,45,94,78,65,126,6,92,32,50" hai1="43,117,87,38,58,133,101,104,72,13,125,31,122" hai2="68,106,127,114,82,4,81,1,85,63,25,57,70" hai3="34,40,41,52,124,97,129,12,89,105,21,69,55"/><W86/><G34/><T54/><D121/><U26/><E72/><V93/><F1/><W44/><G69/><T76/><D32/><U60/><E122/><V28/><F4/><W100/><G129/><T99/><D126/><U84/><E133/><V39/><F39/><W7/><G124/><T36/><D3/><U2/><E2/><V27/><F127/><W107/><G107/><T29/><D29/><U123/><E43/><V91/><F114/><W5/><G41/><T64/><D6/><U116/><E13/><V47/><F106/><W79/><G79/><T33/><D33/><U20/><E38/><V16/><F70/><W30/><G7/><T75/><D36/><U8/><E8/><V15/><F68/><W128/><G128/><T90/><D75/><U132/><E132/><V37/><F37/><W59/><G59/><T111/><D111/><U83/><E83/><N who="2" m="31755" /><F28/><W134/><G134/><T9/><D9/><U135/><E123/><V109/><F47/><W131/><G131/><T120/><D120/><U112/><E112/><V53/><F109/><W115/><G115/><T130/><D130/><U74/><E74/><V102/><F102/><W67/><G30/><T14/><D14/><U17/><E31/><V22/><AGARI ba="0,0" hai="15,16,22,25,27,53,57,63,85,91,93" m="31755" machi="22" ten="30,4000,0" yaku="8,1,52,1,54,1" doraHai="48" who="2" fromWho="2" sc="250,-10,410,-10,180,40,160,-20" /><INIT seed="4,0,0,2,1,56" ten="240,400,220,140" oya="0" hai0="85,9,22,36,39,106,16,73,21,10,114,33,79" hai1="59,120,11,82,66,30,99,2,40,132,94,103,124" hai2="25,4,72,128,38,121,118,86,95,108,61,24,134" hai3="93,122,101,49,116,17,112,35,75,12,91,27,3"/><T71/><D71/><U13/><E120/><V126/><F108/><W92/><G116/><T29/><D106/><U109/><E2/><V60/><F38/><W47/><G122/><T0/><D33/><U20/><E132/><V55/><F121/><W113/><G3/><T54/><D73/><U7/><E124/><V81/><F72/><W77/><G101/><T76/><D114/><U1/><E40/><V100/><F126/><W117/><G117/><T19/><D29/><U58/><E109/><V42/><F42/><W65/><G65/><T44/><D54/><U48/><E48/><V70/><F70/><W88/><G77/><T104/><D104/><U5/><E82/><V67/><F118/><W111/><G111/><T123/><D123/><U78/><E78/><N who="2" m="46391" /><F134/><W68/><G68/><T102/><D85/><U119/><E119/><V57/><F67/><W125/><G125/><T74/><D74/><U69/><E7/><V131/><F4/><W28/><G75/><T90/><D90/><U105/><E105/><V80/><F80/><W52/><G113/><T97/><D102/><U46/><E69/><V133/><F133/><W14/><G112/><T31/><D44/><U51/><E66/><V32/><F32/><W98/><REACH who="3" step="1"/><G17/><REACH who="3" ten="240,400,220,130" step="2"/><T15/><D0/><U129/><E1/><V130/><F100/><W83/><G83/><T62/><D31/><U127/><E30/><V89/><F61/><W23/><G23/><T110/><D62/><U96/><E127/><V18/><F18/><W45/><G45/><T135/><D110/><U115/><E115/><V84/><AGARI ba="0,1" hai="24,25,55,57,60,84,89,95,128,130,131" m="46391" machi="84" ten="30,4000,0" yaku="5,1,19,1,52,1" doraHai="56" who="2" fromWho="2" sc="240,-20,400,-10,220,50,130,-10" /><INIT seed="5,0,0,0,3,0" ten="220,390,270,120" oya="1" hai0="56,21,72,14,8,135,109,129,113,119,127,53,112" hai1="32,34,7,35,117,101,63,134,12,22,37,133,50" hai2="89,124,13,111,40,17,102,66,10,116,130,58,103" hai3="29,15,95,68,24,73,86,118,125,26,69,85,3"/><U55/><E37/><V54/><F116/><W16/><G73/><T99/><D72/><U2/><E101/><V123/><F123/><W6/><G125/><T79/><D119/><U62/><E117/><V67/><F111/><W64/><G118/><T31/><D109/><U71/><E71/><V48/><F124/><W30/><G64/><N who="2" m="24617" /><F130/><W41/><G41/><T11/><D79/><U77/><E77/><V96/><F40/><W5/><G95/><AGARI ba="0,0" hai="10,13,17,48,54,58,89,95,96,102,103" m="24617" machi="95" ten="30,1000,0" yaku="8,1" doraHai="0" who="2" fromWho="3" sc="220,0,390,0,270,10,120,-10" /><INIT seed="6,0,0,5,3,115" ten="220,390,280,110" oya="2" hai0="4,99,111,95,9,86,21,90,58,39,7,50,76" hai1="89,98,124,109,26,133,122,48,42,93,3,23,62" hai2="55,69,73,27,117,65,107,126,49,41,102,70,38" hai3="123,6,51,34,120,5,125,61,64,101,118,119,15"/><V17/><F73/><W100/><G34/><T116/><D39/><U8/><E109/><V108/><F17/><W45/><G15/><T71/><D111/><U130/><E130/><V131/><F27/><W72/><G72/><T24/><D71/><N who="2" m="27146" /><F102/><N who="3" m="39531" /><G61/><T25/><D24/><U82/><E124/><V47/><F107/><W105/><G105/><T112/><D112/><U30/><E122/><N who="3" m="46634" /><G51/><T78/><D7/><N who="3" m="2569" /><G45/><T114/><D114/><U79/><E62/><V96/><F108/><W12/><G12/><T63/><D50/><U75/><E48/><V83/><F96/><W28/><G64/><T2/><D76/><U52/><E79/><V103/><F83/><W44/><G44/><T20/><D78/><U77/><E77/><V128/><F103/><W66/><G66/><T29/><D21/><U91/><E23/><V92/><F92/><W132/><G132/><T33/><D33/><U56/><E133/><V121/><F121/><W46/><G46/><T113/><D113/><U31/><E75/><V14/><F14/><W94/><G94/><T129/><D129/><N who="2" m="49738" /><F126/><W97/><G97/><T67/><REACH who="0" step="1"/><D99/><REACH who="0" ten="210,390,280,110" step="2"/><U104/><E98/><V16/><F16/><W81/><G125/><T87/><D87/><U60/><E104/><V18/><F18/><W1/><G28/><T13/><D13/><U80/><E31/><V134/><F134/><W11/><G81/><N who="1" m="31338" /><E30/><V110/><F110/><W106/><G106/><T10/><D10/><U40/><E26/><V135/><F135/><W57/><G11/><T43/><D43/><N who="1" m="16427" /><E93/><V37/><F65/><W22/><G22/><T68/><D68/><RYUUKYOKU ba="0,1" sc="210,15,390,15,280,-15,110,-15" hai0="2,4,9,20,25,29,58,63,67,86,90,95,116" hai1="3,8,52,56,60,89,91" /><INIT seed="7,1,1,1,3,121" ten="225,405,265,95" oya="3" hai0="6,90,70,135,63,34,15,131,0,66,118,33,57" hai1="96,92,120,62,100,64,119,86,14,69,51,56,112" hai2="117,60,11,55,19,84,105,132,106,80,99,98,103" hai3="53,102,88,1,134,128,82,7,133,89,4,17,30"/><W126/><G126/><T41/><D118/><U22/><E120/><V10/><F117/><W108/><G128/><T76/><D131/><U116/><E112/><V46/><F132/><N who="3" m="50795" /><G102/><T29/><D135/><U44/><E69/><V81/><F19/><W23/><G30/><T115/><D76/><U122/><E122/><V40/><F60/><W129/><G129/><T49/><D115/><U50/><E51/><V71/><F71/><W28/><G28/><T36/><D0/><U18/><E86/><V52/><F84/><N who="3" m="50199" /><G1/><T54/><D90/><U42/><AGARI ba="1,1" hai="14,18,22,42,44,50,56,62,64,92,96,100,116,119" machi="42" ten="30,1100,0" yaku="0,1" doraHai="121" who="1" fromWho="1" sc="225,-4,405,24,265,-4,95,-6" owari="221,-17.9,429,52.9,261,6.1,89,-41.1" /></mjloggm>