<mjloggm ver="2.3"><GO type="41" lobby="0"/><UN n0="%E4%BA%BA%E9%96%93%E3%82%92%E3%82%84%E3%82%81%E3%82%8B" n1="%E5%B7%A8%E4%BA%BA%E3%81%AE%E6%98%9F" n2="%E2%93%9D%4C%75%63%6B%79%4A" n3="%E3%81%B5%E3%82%8C%E3%81%82%E3%81%84%E3%81%AB%E3%81%93%E3%81%AB%E3%81%93" dan="13,13,18,14" rate="1917.61,1862.38,2165.91,1926.55" sx="F,M,M,M"/><TAIKYOKU oya="0"/><INIT seed="0,0,0,4,3,78" ten="250,250,250,250" oya="0" hai0="111,118,129,31,40,58,98,34,26,15,120,47,103" hai1="95,110,89,27,24,46,128,76,44,85,113,60,10" hai2="106,45,88,52,11,82,74,81,55,43,75,121,14" hai3="115,96,94,100,124,22,99,68,16,20,9,8,6"/><T5/><D118/><U39/><E110/><V132/><F106/><W114/><G68/><T49/><D120/><U63/><E128/><V41/><F121/><W54/><G124/><T35/><D129/><U93/><E39/><V101/><F101/><W25/><G22/><T33/><D111/><U125/><E76/><V29/><F29/><W117/><G117/><T122/><D122/><U61/><E125/><V92/><F132/><W72/><G72/><T7/><D58/><U127/><E127/><V87/><F75/><W97/><G9/><T0/><D0/><U48/><E113/><V18/><F74/><W105/><G54/><N who="2" m="20521" /><F45/><N who="1" m="17513" /><E48/><V36/><F36/><W109/><G109/><T135/><D135/><U30/><E30/><V119/><F119/><W51/><G51/><T38/><D38/><U2/><E2/><V1/><F1/><W80/><G97/><T57/><D57/><U37/><E37/><V3/><F3/><W133/><G133/><T53/><D40/><AGARI ba="0,0" hai="11,14,18,40,41,43,81,82,87,88,92" m="20521" machi="40" ten="30,8000,1" yaku="8,1,52,2,54,2" doraHai="78" who="2" fromWho="0" sc="250,-80,250,0,250,80,250,0" /><INIT seed="1,0,0,2,1,31" ten="170,250,330,250" oya="1" hai0="9,122,126,27,23,130,112,107,131,33,111,62,79" hai1="106,13,30,3,54,47,90,67,7,53,121,24,118" hai2="16,81,78,42,65,87,22,76,60,113,26,55,108" hai3="109,57,43,63,134,75,85,37,25,100,52,2,93"/><U46/><E121/><V69/><F113/><W18/><G2/><T11/><D112/><U116/><E106/><V32/><F108/><W84/><G75/><T40/><D122/><U132/><E3/><V21/><F42/><W105/><G109/><T68/><D111/><U15/><E132/><V104/><F104/><W77/><G134/><T72/><D126/><U4/><E30/><V135/><F135/><W97/><G77/><T50/><D107/><U103/><E90/><V98/><F55/><W73/><G73/><T120/><D120/><U56/><E56/><V83/><F98/><W95/><G105/><T88/><D33/><U92/><E92/><V48/><F48/><W49/><G37/><T1/><D1/><U0/><E0/><V80/><F22/><N who="3" m="13527" /><G93/><T71/><D79/><U41/><E24/><V128/><F128/><W28/><G28/><T102/><D72/><U99/><E41/><V96/><F96/><W124/><G124/><T35/><D40/><U94/><E99/><V17/><F17/><W45/><AGARI ba="0,0" hai="43,45,49,52,57,63,84,85,95,97,100" m="13527" machi="45" ten="30,2000,0" yaku="8,1,54,1" doraHai="31" who="3" fromWho="3" sc="170,-5,250,-10,330,-5,250,20" /><INIT seed="2,0,0,0,0,123" ten="165,240,325,270" oya="2" hai0="64,13,35,68,26,94,131,127,59,92,102,10,108" hai1="5,19,38,51,65,54,74,49,34,28,9,66,4" hai2="86,22,41,80,104,61,81,12,1,107,109,23,39" hai3="101,27,71,20,11,97,72,62,43,84,117,29,50"/><V21/><F1/><W37/><G117/><T32/><D131/><U82/><E38/><V134/><F134/><W67/><G72/><T6/><D127/><U57/><E34/><V93/><F39/><W116/><G116/><T103/><D68/><U96/><E28/><V79/><F41/><W130/><G130/><T78/><D78/><U15/><E74/><V115/><F115/><W126/><G126/><T24/><D35/><U99/><E82/><V17/><F93/><N who="0" m="35946" /><D32/><U90/><E90/><V135/><F135/><W33/><G37/><T55/><D64/><N who="1" m="24683" /><E49/><V114/><F114/><W85/><G11/><T133/><D108/><U56/><E56/><V0/><F0/><W125/><G125/><T75/><D75/><U52/><E54/><V95/><F95/><W118/><G118/><T121/><D121/><U73/><E73/><V14/><F81/><W113/><G113/><T25/><D133/><U58/><E58/><V8/><F109/><W132/><G132/><T69/><D69/><U100/><E100/><V3/><F3/><W106/><REACH who="3" step="1"/><G20/><REACH who="3" ten="165,240,325,260" step="2"/><T36/><D36/><U76/><E76/><V60/><REACH who="2" step="1"/><F14/><REACH who="2" ten="165,240,315,260" step="2"/><W129/><G129/><T122/><D122/><U119/><E119/><V98/><F98/><AGARI ba="0,2" hai="4,5,9,15,19,51,52,57,96,98,99" m="24683" machi="98" ten="30,2000,0" yaku="8,1,54,1" doraHai="123" who="1" fromWho="2" sc="165,0,240,40,315,-20,260,0" /><INIT seed="3,0,0,4,5,103" ten="165,280,295,260" oya="3" hai0="23,132,60,43,51,34,52,8,33,120,28,115,15" hai1="57,85,94,41,70,111,66,4,64,123,124,12,59" hai2="72,119,77,6,75,82,93,61,20,73,79,112,91" hai3="49,53,96,50,134,55,29,105,95,63,128,113,89"/><W65/><G113/><T76/><D120/><U122/><E70/><V130/><F6/><W68/><G128/><T133/><D115/><U47/><E124/><V121/><F61/><W108/><G134/><N who="0" m="51819" /><D76/><N who="2" m="29258" /><F20/><W10/><G29/><T98/><D43/><U117/><E111/><V106/><F119/><W62/><G108/><T18/><D98/><U83/><E94/><V74/><F130/><W45/><G10/><T48/><D48/><N who="1" m="26735" /><E117/><V69/><F69/><W0/><G0/><T39/><D60/><U116/><E116/><V99/><F121/><W37/><G37/><T14/><D39/><U2/><E2/><V86/><F75/><W36/><G36/><T16/><D28/><U30/><E30/><V3/><F3/><W135/><G135/><T131/><D131/><U35/><E35/><V104/><F112/><W67/><G62/><T13/><D14/><U71/><E71/><V81/><F82/><W1/><G1/><T31/><D31/><U92/><E92/><V38/><F38/><W24/><G24/><T125/><D33/><U109/><E109/><V126/><F126/><W9/><G9/><T11/><D125/><U22/><E123/><V46/><F46/><W44/><G67/><N who="1" m="25642" /><E122/><V7/><F7/><W90/><G90/><AGARI ba="0,0" hai="72,73,74,81,86,90,91,93,99,104,106" m="29258" machi="90" ten="30,12000,2" yaku="35,5,52,2" doraHai="103" who="2" fromWho="3" sc="165,0,280,0,295,120,260,-120" /><INIT seed="4,0,0,2,0,120" ten="165,280,415,140" oya="0" hai0="96,30,47,58,11,77,74,87,38,92,84,29,56" hai1="65,37,26,2,126,19,130,135,68,69,113,7,89" hai2="121,125,43,34,102,122,54,104,128,9,114,67,1" hai3="14,86,110,127,132,115,22,129,17,134,79,112,133"/><T85/><D74/><U31/><E89/><V66/><F34/><W20/><G127/><T12/><D77/><U81/><E19/><V51/><F104/><W98/><G129/><T90/><D38/><U35/><E130/><V117/><F102/><W40/><G40/><T99/><D47/><U52/><E126/><V45/><F1/><W123/><G123/><N who="2" m="47113" /><F9/><W101/><G22/><T49/><D99/><U24/><E24/><V4/><F4/><W5/><G5/><T8/><D8/><N who="1" m="2167" /><E52/><V62/><F114/><N who="3" m="43563" /><G86/><T82/><D82/><U23/><E135/><V107/><F107/><N who="3" m="63927" /><G79/><T3/><D3/><U95/><E95/><V18/><F128/><W10/><G10/><T75/><D75/><U16/><E65/><V70/><F67/><W33/><G33/><T36/><D12/><N who="1" m="9607" /><E113/><V76/><F125/><W124/><G124/><T109/><D11/><U32/><E32/><V42/><F76/><W41/><G41/><N who="2" m="15369" /><F18/><W131/><G131/><T48/><D29/><U6/><E6/><V50/><F51/><W88/><G88/><T71/><D30/><U116/><E37/><V80/><F80/><W44/><G44/><T108/><D36/><U78/><E116/><AGARI ba="0,0" hai="45,50,54,62,66,70,116,117" m="15369,47113" machi="116" ten="30,2000,0" yaku="34,2" doraHai="120" who="2" fromWho="1" sc="165,0,280,-20,415,20,140,0" /><INIT seed="5,0,0,3,2,91" ten="165,260,435,140" oya="1" hai0="51,134,135,101,128,75,92,73,68,33,107,2,79" hai1="121,123,110,113,63,43,129,10,71,50,130,126,15" hai2="55,72,29,82,100,38,96,8,114,124,22,115,5" hai3="59,118,112,98,54,93,70,35,44,45,78,66,31"/><U11/><E113/><N who="2" m="43019" /><F38/><W6/><G112/><T30/><D2/><U86/><E86/><V16/><F55/><W26/><G118/><T95/><D68/><U53/><E43/><V39/><F29/><W20/><G78/><T52/><D128/><N who="1" m="49259" /><E126/><V25/><F39/><W28/><G6/><T106/><D101/><U41/><E41/><V116/><F116/><W27/><G66/><T42/><D42/><U67/><E110/><V89/><F89/><W81/><G81/><N who="0" m="45295" /><D30/><U58/><E11/><V132/><F124/><W131/><G70/><T104/><D75/><U127/><E127/><V119/><F119/><W80/><G80/><T120/><D33/><U74/><E74/><V3/><F82/><W64/><G131/><T62/><D62/><U46/><E15/><V13/><F72/><W77/><G77/><T32/><D32/><U117/><E10/><V122/><F122/><N who="1" m="46601" /><E117/><V97/><F13/><W87/><G64/><T109/><D109/><U125/><E125/><V57/><F8/><W103/><REACH who="3" step="1"/><G87/><REACH who="3" ten="165,260,435,130" step="2"/><T90/><D120/><U83/><E83/><V47/><F3/><W84/><G84/><T23/><D23/><U24/><E24/><V40/><F25/><W65/><G65/><T17/><D17/><U0/><E0/><V4/><F16/><W94/><G94/><N who="0" m="35883" /><D106/><U56/><AGARI ba="0,1" hai="46,50,53,56,58,63,67,71" m="46601,49259" machi="56" ten="40,7800,0" yaku="19,1,34,2" doraHai="91" who="1" fromWho="1" sc="165,-26,260,88,435,-26,130,-26" /><INIT seed="5,1,0,0,3,116" ten="139,348,409,104" oya="1" hai0="33,31,117,4,50,54,91,101,2,98,130,40,57" hai1="43,5,8,79,119,100,32,115,17,24,97,20,72" hai2="129,11,52,58,23,96,7,3,26,114,65,105,14" hai3="124,0,81,126,70,60,29,103,132,53,62,21,112"/><U55/><E119/><V80/><F129/><W92/><G0/><T25/><D117/><U107/><E115/><V36/><F36/><W131/><G112/><T35/><D130/><U10/><E43/><V86/><F114/><W46/><G131/><T51/><D91/><U12/><E32/><V68/><F68/><W37/><G132/><T6/><D2/><U75/><E79/><V93/><F65/><W76/><G37/><T110/><D35/><U64/><E55/><V56/><F105/><W9/><G9/><T44/><REACH who="0" step="1"/><D110/><REACH who="0" ten="129,348,409,104" step="2"/><U123/><E123/><V74/><F3/><W69/><G103/><T67/><D67/><U15/><REACH who="1" step="1"/><E64/><REACH who="1" ten="129,338,409,104" step="2"/><V48/><F52/><W30/><G53/><T1/><D1/><U41/><E41/><V104/><F58/><W99/><G69/><T90/><D90/><U85/><E85/><V59/><F86/><W13/><G70/><T121/><D121/><U113/><E113/><V16/><F74/><W118/><G118/><T78/><D78/><U34/><E34/><V47/><F59/><W106/><G76/><T88/><D88/><U19/><AGARI ba="1,2" hai="5,8,10,12,15,17,19,20,24,72,75,97,100,107" machi="19" ten="20,3900,0" yaku="1,1,0,1,7,1,53,0" doraHai="116" doraHaiUra="109" who="1" fromWho="1" sc="129,-14,338,62,409,-14,104,-14" /><INIT seed="5,2,0,5,3,43" ten="115,400,395,90" oya="1" hai0="86,124,108,46,89,4,23,47,14,62,11,53,120" hai1="126,48,113,121,22,29,80,34,73,107,129,42,78" hai2="109,64,135,51,18,40,44,27,61,25,98,117,0" hai3="99,12,52,106,33,21,36,112,66,3,16,82,132"/><U30/><E121/><V69/><F117/><W68/><G3/><T77/><D108/><U24/><E107/><V90/><F109/><W32/><G36/><T115/><D120/><U133/><E113/><V93/><F0/><W60/><G112/><T71/><D115/><U6/><E133/><V19/><F135/><W114/><G114/><T26/><D77/><U100/><E100/><V88/><REACH who="2" step="1"/><F90/><REACH who="2" ten="115,400,385,90" step="2"/><W84/><G132/><T56/><D124/><U1/><E126/><V97/><F97/><W49/><G106/><T20/><D71/><U2/><E129/><V127/><F127/><W57/><G99/><T134/><D134/><U70/><E70/><V72/><F72/><W9/><G9/><T5/><D5/><U75/><E75/><V54/><F54/><W13/><G13/><T110/><D110/><U125/><E125/><V130/><F130/><W94/><G94/><N who="0" m="54583" /><D26/><AGARI ba="2,1" hai="18,19,25,26,27,40,44,51,61,64,69,88,93,98" machi="26" ten="40,5200,0" yaku="1,1,52,1,54,1,53,0" doraHai="43" doraHaiUra="76" who="2" fromWho="0" sc="115,-58,400,0,385,68,90,0" /><INIT seed="6,0,0,5,3,54" ten="57,400,453,90" oya="2" hai0="10,68,22,106,110,124,47,100,118,83,129,93,28" hai1="26,25,122,12,49,85,112,29,113,31,89,102,84" hai2="70,55,45,30,6,8,56,119,9,130,97,120,2" hai3="69,62,17,50,24,72,33,64,128,125,123,52,18"/><V115/><F120/><W58/><G123/><T46/><D110/><U82/><E122/><V134/><F119/><W67/><G72/><T121/><D118/><U57/><E102/><V65/><F130/><W96/><G125/><T59/><D121/><U7/><E12/><V94/><F115/><N who="1" m="44105" /><E7/><V108/><F70/><W13/><G128/><T77/><D68/><U1/><E1/><V131/><F134/><W27/><G67/><T21/><D106/><U42/><E42/><V3/><F30/><N who="1" m="11273" /><E85/><V23/><F131/><W0/><G0/><T133/><D133/><U109/><E109/><V4/><F23/><W80/><G33/><T40/><D124/><U105/><E105/><V92/><F108/><W116/><G116/><T90/><D100/><U36/><E36/><V104/><F65/><W51/><G51/><T11/><D129/><U48/><E48/><V91/><F104/><W38/><G38/><T99/><D40/><U37/><E37/><V32/><F32/><W78/><G96/><T79/><D28/><U60/><E49/><V61/><REACH who="2" step="1"/><F94/><REACH who="2" ten="57,400,443,90" step="2"/><W41/><G69/><T127/><D22/><U88/><E89/><V103/><F103/><W111/><G111/><T53/><D21/><U126/><E126/><V19/><F19/><N who="3" m="7179" /><G64/><AGARI ba="0,1" hai="25,26,57,60,64,82,84,88" m="11273,44105" machi="64" ten="30,3900,0" yaku="15,1,52,1,54,1" doraHai="54" who="1" fromWho="3" sc="57,0,400,49,443,0,90,-39" /><INIT seed="7,0,0,4,0,67" ten="57,449,443,51" oya="3" hai0="7,103,47,129,58,92,68,90,36,40,64,23,116" hai1="33,76,48,72,105,85,46,110,94,17,107,25,125" hai2="97,114,0,135,117,34,82,88,27,44,98,122,123" hai3="113,32,83,131,37,121,112,133,111,57,134,65,49"/><W70/><G32/><T8/><D116/><U119/><E110/><V66/><F117/><W30/><G30/><T22/><D103/><U87/><E119/><V128/><F114/><N who="3" m="44139" /><G111/><T43/><D68/><U26/><E72/><V4/><F128/><W54/><G83/><T38/><D129/><U77/><E33/><V80/><F82/><W115/><N who="3" m="44147" /><W108/><DORA hai="45" /><G108/><T51/><D38/><U19/><E46/><V130/><F44/><W95/><G131/><T91/><D40/><U24/><E94/><V1/><F80/><W11/><G11/><T42/><D42/><U63/><E63/><V99/><F34/><W61/><G37/><T21/><D92/><U53/><E125/><V106/><F130/><W126/><G95/><T35/><D35/><U81/><E105/><V20/><F106/><W132/><G121/><T69/><D69/><U50/><E107/><V18/><F123/><W41/><G41/><T109/><D109/><U29/><E81/><V75/><F122/><W12/><G12/><N who="0" m="5151" /><D36/><U3/><E26/><V86/><F27/><W60/><G60/><AGARI ba="0,0" hai="21,22,23,43,47,51,58,60,64,90,91" m="5151" machi="60" ten="30,2000,0" yaku="8,1,52,1" doraHai="67,45" who="0" fromWho="3" sc="57,20,449,0,443,0,51,-20" owari="77,-32.3,449,54.9,443,24.3,31,-46.9" /></mjloggm>