<mjloggm ver="2.3"><GO type="41" lobby="0"/><UN n0="%E2%93%9D%4C%75%63%6B%79%4A" n1="%E3%81%82%E3%81%86%E3%81%A8%E3%82%8C%E3%81%84%E3%81%98" n2="%E3%81%AF%E3%82%8A%E3%83%BC%33%31%34%31" n3="%E3%81%AB%E3%82%83%E3%81%AF%E3%82%80" dan="18,14,15,14" rate="2175.49,1876.88,2035.19,1916.23" sx="M,M,M,F"/><TAIKYOKU oya="0"/><INIT seed="0,0,0,1,4,98" ten="250,250,250,250" oya="0" hai0="58,17,114,129,64,77,103,110,72,120,51,122,53" hai1="57,35,105,31,79,14,91,36,80,67,97,99,118" hai2="60,66,128,93,43,20,10,5,37,115,11,104,131" hai3="54,32,86,1,108,22,19,21,59,16,30,76,102"/><T45/><D114/><U15/><E36/><V135/><F104/><W107/><G108/><T84/><D72/><U74/><E118/><V63/><F115/><W69/><G1/><T96/><D110/><U83/><E35/><V41/><F60/><W62/><G69/><T3/><D3/><U132/><E31/><V95/><F11/><W127/><G30/><T2/><D2/><U28/><E28/><V0/><F20/><W24/><G32/><T9/><D129/><N who="2" m="49738" /><F135/><W25/><G127/><T18/><D122/><U109/><E109/><V49/><F49/><W73/><G107/><T106/><D120/><U92/><E132/><V70/><F37/><W12/><G73/><T48/><D9/><U125/><E125/><V55/><F55/><W112/><G112/><T121/><D121/><U89/><E57/><V8/><F8/><W71/><G71/><T29/><D29/><U61/><E61/><V68/><F68/><W124/><G124/><T100/><D64/><U13/><E67/><V34/><F34/><W44/><G44/><T111/><D111/><U50/><E50/><V7/><F7/><W75/><G75/><T101/><D96/><U82/><E105/><V130/><N who="2" m="49746" /><V119/><DORA hai="26" /><F119/><W113/><G113/><T87/><D106/><U39/><E39/><V81/><F81/><N who="3" m="47399" /><G24/><T56/><D58/><U33/><E33/><V4/><F4/><W23/><G21/><T40/><D87/><U6/><E6/><V134/><F134/><W42/><G42/><AGARI ba="0,0" hai="0,5,10,41,42,43,63,66,70,93,95" m="49746" machi="42" ten="40,1300,0" yaku="19,1" doraHai="98,26" who="2" fromWho="3" sc="250,0,250,0,250,13,250,-13" /><INIT seed="1,0,0,3,1,119" ten="250,250,263,237" oya="1" hai0="131,101,13,80,10,117,129,110,17,20,23,28,76" hai1="113,46,84,8,91,42,67,62,74,2,125,53,97" hai2="43,1,32,134,0,75,63,5,47,116,33,31,127" hai3="21,58,93,35,44,68,89,73,66,130,99,70,56"/><U9/><E113/><V38/><F116/><W14/><G35/><T128/><D117/><U30/><E125/><V112/><F127/><W57/><G73/><T29/><D101/><U19/><E74/><V85/><F85/><W72/><G72/><T114/><D114/><U100/><E53/><V15/><F15/><W123/><G130/><T25/><D80/><U82/><E30/><V121/><F134/><W124/><G124/><T109/><D76/><U39/><E19/><V7/><F63/><W126/><G126/><T79/><D79/><U4/><E9/><V61/><F61/><W3/><G3/><T40/><D40/><U16/><E16/><V102/><F102/><W65/><G44/><T122/><D122/><U71/><E97/><V37/><F75/><W48/><G48/><T50/><D50/><U133/><REACH who="1" step="1"/><E100/><REACH who="1" ten="250,240,263,237" step="2"/><V104/><F31/><W55/><G55/><T81/><D81/><U64/><E64/><V120/><F112/><W59/><N who="3" m="14336" /><DORA hai="92" /><W95/><G65/><T107/><D107/><U98/><E98/><V36/><F104/><W88/><G66/><T26/><AGARI ba="0,1" hai="10,13,17,20,23,25,26,28,29,109,110,128,129,131" machi="26" ten="40,12000,2" yaku="0,1,9,1,19,1,34,3" doraHai="119,92" who="0" fromWho="0" sc="250,130,240,-60,263,-30,237,-30" /><INIT seed="2,0,0,0,4,77" ten="380,180,233,207" oya="2" hai0="40,53,101,112,125,106,82,4,16,74,1,94,122" hai1="93,10,51,20,65,19,121,131,69,13,34,62,132" hai2="64,28,88,130,117,135,85,43,54,127,7,124,133" hai3="63,78,87,95,8,79,2,120,12,25,114,59,68"/><V22/><F117/><W35/><G114/><T58/><D112/><U23/><E131/><V129/><F7/><W41/><G120/><T80/><D106/><U55/><E132/><N who="2" m="50763" /><F64/><W118/><G118/><T91/><D74/><U61/><E121/><V38/><F43/><W81/><G41/><T134/><D101/><U115/><E115/><V98/><F38/><W33/><G2/><T56/><D125/><N who="2" m="48202" /><F54/><W57/><G68/><T109/><D1/><U103/><E34/><V44/><F44/><W3/><G3/><T36/><D4/><U67/><E93/><N who="2" m="54415" /><F98/><W123/><G57/><T30/><D58/><U46/><E103/><V72/><F72/><W11/><G59/><AGARI ba="0,0" hai="10,13,19,20,23,46,51,55,59,61,62,65,67,69" machi="59" ten="30,1000,0" yaku="7,1" doraHai="77" who="1" fromWho="3" sc="380,0,180,10,233,0,207,-10" /><INIT seed="3,0,0,4,1,32" ten="380,190,233,197" oya="3" hai0="59,129,104,127,96,113,44,33,114,15,99,111,16" hai1="125,102,39,95,62,18,5,31,84,116,22,135,73" hai2="0,6,124,72,79,133,10,131,12,29,132,82,60" hai3="58,23,11,70,80,75,27,52,14,35,77,128,103"/><W118/><G70/><T34/><D44/><U123/><E62/><V68/><F124/><W48/><G118/><T9/><D104/><U40/><E84/><V17/><F17/><BYE who="2" /><W71/><G71/><T69/><D69/><U66/><E95/><V25/><F25/><W110/><G128/><T81/><D111/><U74/><E66/><UN n2="%E3%81%AF%E3%82%8A%E3%83%BC%33%31%34%31" /><V126/><F126/><W37/><G37/><T92/><D127/><U26/><E102/><V120/><F120/><W3/><G103/><T53/><D81/><U55/><E55/><V98/><F29/><W20/><G110/><T64/><D64/><U13/><E125/><V86/><F12/><W105/><G105/><T112/><D129/><U19/><E116/><V47/><F86/><W91/><G3/><T83/><D83/><U65/><E65/><N who="2" m="40999" /><F98/><N who="0" m="37418" /><D92/><U87/><E123/><V50/><F50/><AGARI ba="0,0" hai="9,15,16,33,34,50,53,59,112,113,114" m="37418" machi="50" ten="30,2000,0" yaku="11,1,54,1" doraHai="32" who="0" fromWho="2" sc="380,20,190,0,233,-20,197,0" /><INIT seed="4,0,0,2,4,77" ten="400,190,213,197" oya="0" hai0="24,72,98,44,46,64,92,33,117,19,96,36,124" hai1="66,81,54,26,11,23,97,38,95,39,61,109,135" hai2="56,32,88,116,94,75,28,85,69,10,80,22,71" hai3="83,101,115,52,63,18,43,41,6,87,53,57,82"/><T31/><D117/><U12/><E109/><V25/><F116/><W8/><G101/><T62/><D124/><U118/><E135/><V79/><F10/><W34/><G34/><T51/><D72/><U99/><E54/><V47/><F56/><N who="3" m="35207" /><G115/><T102/><D36/><U90/><E99/><V17/><REACH who="2" step="1"/><F47/><REACH who="2" ten="400,190,203,197" step="2"/><W1/><G1/><T134/><D46/><U68/><E118/><V16/><F16/><W91/><G6/><T5/><D5/><U70/><E70/><V113/><F113/><W49/><G8/><T130/><D19/><U86/><E11/><V55/><F55/><W67/><G18/><T114/><D114/><U74/><E12/><AGARI ba="0,1" hai="12,17,22,25,28,32,69,71,75,79,80,85,88,94" machi="12" ten="30,7700,0" yaku="1,1,7,1,52,1,54,1,53,0" doraHai="77" doraHaiUra="40" who="2" fromWho="1" sc="400,0,190,-77,203,87,197,0" /><INIT seed="5,0,0,4,3,55" ten="400,113,290,197" oya="1" hai0="108,78,58,46,75,133,84,69,3,56,21,47,43" hai1="42,31,27,88,89,95,116,92,114,112,110,87,125" hai2="63,79,19,20,61,97,10,104,34,38,53,86,13" hai3="12,135,96,113,6,50,105,70,66,68,128,18,65"/><U77/><E116/><V64/><F38/><W7/><G128/><T109/><D3/><U107/><E107/><V76/><F34/><W73/><G73/><T80/><D69/><U0/><E0/><V102/><F86/><W16/><G135/><T134/><D21/><U57/><E125/><V93/><F104/><W123/><G105/><T74/><D84/><U54/><E42/><V120/><F120/><W126/><G123/><T90/><D90/><U121/><E77/><V130/><F130/><W26/><G126/><T41/><D80/><U101/><E101/><V59/><REACH who="2" step="1"/><F10/><REACH who="2" ten="400,113,280,197" step="2"/><W29/><G96/><T118/><D78/><U132/><E132/><V85/><F85/><W44/><G113/><T24/><D24/><U22/><E110/><V117/><F117/><AGARI ba="0,1" hai="41,43,46,47,56,58,74,75,108,109,117,118,133,134" machi="117" ten="25,6400,0" yaku="22,2,52,2" doraHai="55" who="0" fromWho="2" sc="400,74,113,0,280,-64,197,0" /><INIT seed="6,0,0,4,1,2" ten="474,113,216,197" oya="2" hai0="129,131,135,92,76,122,89,113,93,54,70,39,51" hai1="95,75,83,26,124,7,11,44,118,90,57,12,111" hai2="9,69,41,1,132,101,108,32,35,105,67,80,88" hai3="53,61,98,119,127,63,36,85,13,62,79,30,46"/><V133/><F41/><W40/><G119/><T86/><D70/><U126/><E118/><V102/><F67/><W56/><G127/><T49/><D122/><U91/><E111/><V45/><F69/><W103/><G30/><T25/><D76/><U82/><E26/><V22/><F22/><W20/><G79/><T109/><D113/><U96/><E44/><V123/><F45/><W81/><G81/><T65/><D135/><N who="2" m="51786" /><F123/><W5/><G85/><T55/><D65/><U116/><E116/><V3/><F105/><W112/><G112/><T128/><D39/><U78/><REACH who="1" step="1"/><E57/><REACH who="1" ten="474,103,216,197" step="2"/><V104/><F108/><W120/><G120/><T8/><D25/><U24/><E24/><V114/><F114/><W117/><G117/><T52/><D109/><U73/><E73/><V71/><F71/><W6/><G56/><T60/><D60/><U43/><E43/><V68/><F68/><W18/><REACH who="3" step="1"/><G53/><REACH who="3" ten="474,103,216,187" step="2"/><T10/><D55/><U23/><E23/><V66/><F35/><W37/><G37/><T58/><D58/><U115/><E115/><V0/><F32/><W19/><G19/><T107/><D131/><U84/><AGARI ba="0,2" hai="7,11,12,75,78,82,83,84,90,91,95,96,124,126" machi="84" ten="30,4000,0" yaku="1,1,0,1,52,1,53,0" doraHai="2" doraHaiUra="125" who="1" fromWho="1" sc="474,-10,103,60,216,-20,187,-10" /><INIT seed="7,0,0,5,1,8" ten="464,163,196,177" oya="3" hai0="57,70,99,61,128,12,82,87,113,85,81,0,18" hai1="93,54,112,71,2,43,126,39,107,90,134,35,10" hai2="78,130,17,122,79,40,125,131,37,41,88,5,108" hai3="62,11,44,9,49,129,15,100,13,56,55,7,22"/><W59/><G129/><N who="2" m="49161" /><F108/><W47/><G100/><T68/><D0/><U21/><E90/><V77/><F122/><W72/><G22/><T103/><D70/><U109/><E93/><V83/><F5/><N who="3" m="3247" /><G72/><T48/><D68/><U119/><E54/><AGARI ba="0,0" hai="7,11,15,44,47,49,54,55,56,59,62" m="3247" machi="54" ten="30,5800,0" yaku="8,1,52,2" doraHai="8" who="3" fromWho="1" sc="464,0,163,-58,196,0,177,58" /><INIT seed="7,1,0,1,4,49" ten="464,105,196,235" oya="3" hai0="35,26,61,27,92,2,111,134,128,21,64,69,114" hai1="75,130,55,86,63,19,24,50,108,110,47,105,116" hai2="62,98,96,40,34,36,10,79,70,126,28,22,95" hai3="87,100,54,83,17,89,23,45,73,125,129,15,97"/><W118/><G118/><T51/><D2/><U44/><E116/><V8/><F34/><W56/><G129/><T5/><D5/><U117/><E117/><V91/><F36/><W48/><G125/><T52/><D128/><U120/><E130/><V93/><F40/><W76/><G73/><T80/><D80/><U31/><E19/><V59/><F70/><W37/><G37/><T60/><D61/><U33/><E105/><V124/><F79/><W9/><G76/><T109/><D92/><U42/><E75/><V74/><F74/><W20/><G56/><T14/><D114/><U13/><E120/><V82/><F82/><W32/><G32/><T119/><D134/><U113/><E13/><V12/><F28/><W78/><G78/><T71/><D71/><U41/><E113/><V122/><F122/><W81/><G81/><T72/><D72/><U0/><E0/><V101/><F22/><W103/><G103/><T127/><D127/><N who="2" m="48682" /><F12/><W121/><G121/><T90/><D90/><U102/><E102/><V39/><F39/><W25/><G25/><T3/><D3/><U84/><E110/><N who="0" m="41993" /><D119/><U29/><E108/><V58/><F58/><W94/><AGARI ba="1,0" hai="9,15,17,20,23,45,48,54,83,87,89,94,97,100" machi="94" ten="20,18000,2" yaku="0,1,7,1,25,2,8,1,52,1" doraHai="49" who="3" fromWho="3" sc="464,-61,105,-61,196,-61,235,183" owari="403,20.3,44,-45.6,135,-26.5,418,51.8" /></mjloggm>