<mjloggm ver="2.3"><GO type="41" lobby="0"/><UN n0="%E3%81%86%E3%81%97%E3%83%94%E3%83%B3%E3%83%95%E3%83%89%E3%83%A9%31" n1="%E5%B7%A8%E4%BA%BA%E3%81%AE%E6%98%9F" n2="%6D%73%61%6B%61%69" n3="%E2%93%9D%4C%75%63%6B%79%4A" dan="14,14,15,16" rate="1942.54,1864.81,1929.08,2164.91" sx="M,M,M,M"/><TAIKYOKU oya="0"/><INIT seed="0,0,0,2,2,39" ten="250,250,250,250" oya="0" hai0="51,66,42,94,99,13,7,134,22,78,72,3,54" hai1="124,36,106,32,126,25,4,20,84,16,101,112,76" hai2="29,14,17,23,37,19,57,28,108,69,59,24,100" hai3="111,47,1,35,26,65,125,74,50,115,118,63,55"/><T127/><D127/><N who="1" m="48683" /><E36/><V113/><F37/><W87/><G125/><T95/><D3/><U2/><E106/><V130/><F69/><W91/><G74/><T70/><D134/><U62/><E101/><V85/><F113/><W89/><G118/><T44/><D70/><U81/><E112/><V97/><F108/><W92/><G1/><T86/><D72/><U6/><E2/><V43/><F43/><W93/><G111/><T114/><D66/><U105/><E105/><V121/><F121/><W52/><G35/><T133/><D133/><U122/><E122/><V110/><F110/><W27/><G55/><T58/><D114/><U67/><E32/><V98/><F130/><W75/><G75/><T116/><D116/><U10/><E10/><V73/><F73/><W34/><G34/><T96/><D22/><U117/><E117/><V49/><F97/><W64/><G65/><T33/><D33/><U21/><E21/><V90/><F19/><W119/><G119/><T131/><D131/><U46/><E46/><V107/><F49/><W103/><G103/><T135/><D135/><U128/><E128/><V123/><F123/><W102/><G102/><T71/><D99/><U80/><E80/><V11/><F29/><W79/><G115/><T9/><D96/><U15/><E25/><V53/><F53/><W109/><G109/><T77/><D71/><AGARI ba="0,0" hai="4,6,15,16,20,62,67,71,76,81,84" m="48683" machi="71" ten="30,2000,0" yaku="18,1,54,1" doraHai="39" who="1" fromWho="0" sc="250,-20,250,20,250,0,250,0" /><INIT seed="1,0,0,3,1,55" ten="230,270,250,250" oya="1" hai0="9,5,92,4,53,66,61,130,121,80,88,0,1" hai1="100,85,39,63,79,127,7,89,40,59,116,71,74" hai2="57,128,118,123,82,124,38,45,134,107,58,97,34" hai3="47,21,42,84,125,65,102,67,26,6,99,35,13"/><U69/><E116/><V86/><F118/><W33/><G125/><T90/><D121/><U22/><E127/><V106/><F123/><W104/><G6/><T18/><D130/><U15/><E100/><V36/><F124/><W17/><G84/><T78/><D53/><U16/><E7/><V96/><F128/><W29/><REACH who="3" step="1"/><G35/><REACH who="3" ten="230,270,250,240" step="2"/><T20/><D5/><U83/><E39/><AGARI ba="0,1" hai="13,17,21,26,29,33,39,42,47,65,67,99,102,104" machi="39" ten="30,3900,0" yaku="1,1,2,1,7,1,53,0" doraHai="55" doraHaiUra="44" who="3" fromWho="1" sc="230,0,270,-39,250,0,240,49" /><INIT seed="2,0,0,0,2,77" ten="230,231,250,289" oya="2" hai0="6,52,54,92,9,131,96,42,26,127,84,83,87" hai1="25,100,16,73,29,76,27,41,88,130,112,91,1" hai2="13,49,58,32,85,47,63,70,75,117,40,128,135" hai3="12,18,111,105,48,121,59,68,124,4,133,62,102"/><V64/><F75/><W71/><G4/><T37/><D131/><U79/><E112/><V132/><F32/><W86/><G121/><T65/><D65/><U30/><E1/><V8/><F117/><W118/><G118/><T10/><D127/><U39/><E130/><V97/><F128/><W82/><G111/><T101/><D84/><U109/><E109/><V55/><F97/><W126/><G48/><T44/><D26/><N who="1" m="9739" /><E39/><V95/><F95/><W78/><G133/><N who="2" m="51273" /><F85/><W113/><G113/><T19/><D19/><U56/><E100/><V69/><F13/><W15/><G15/><T38/><D38/><U31/><E73/><V120/><F8/><W7/><G102/><T0/><REACH who="0" step="1"/><D9/><REACH who="0" ten="220,231,250,289" step="2"/><U119/><E119/><V28/><F120/><W93/><G126/><T110/><D110/><U129/><E129/><V66/><F28/><W5/><G124/><T94/><D94/><U90/><E16/><V36/><F64/><W45/><G18/><T108/><D108/><U53/><E41/><V114/><F114/><W11/><G93/><T99/><D99/><U134/><E134/><V123/><F123/><W43/><G11/><T72/><D72/><U23/><E23/><V67/><F67/><W46/><G43/><T103/><D103/><U60/><AGARI ba="0,1" hai="29,30,31,53,56,60,76,79,88,90,91" m="9739" machi="60" ten="40,2700,0" yaku="8,1,54,1" doraHai="77" who="1" fromWho="1" sc="220,-7,231,37,250,-13,289,-7" /><INIT seed="3,0,0,2,3,36" ten="213,268,237,282" oya="3" hai0="88,95,37,130,2,73,113,29,121,132,67,70,135" hai1="1,6,94,119,63,59,38,65,0,10,83,103,7" hai2="126,93,54,50,92,32,55,39,19,122,125,90,96" hai3="27,81,22,49,30,106,61,28,34,25,127,41,24"/><W44/><G127/><N who="2" m="48649" /><F32/><W71/><G106/><T35/><D73/><U11/><E38/><V97/><F122/><W3/><G3/><T20/><D2/><U115/><E83/><V131/><F131/><W110/><G110/><T60/><D35/><U26/><E26/><V100/><F39/><W128/><G128/><T78/><D121/><U98/><REACH who="1" step="1"/><E119/><REACH who="1" ten="213,258,237,282" step="2"/><V84/><F19/><W18/><G81/><T82/><D130/><U53/><E53/><V108/><F108/><W123/><G123/><T64/><D113/><AGARI ba="0,1" hai="0,1,6,7,10,11,59,63,65,94,98,103,113,115" machi="113" ten="40,2600,0" yaku="1,1,9,1,53,0" doraHai="36" doraHaiUra="114" who="1" fromWho="0" sc="213,-26,258,36,237,0,282,0" /><INIT seed="4,0,0,1,3,13" ten="187,294,237,282" oya="0" hai0="7,80,41,59,102,38,104,53,0,88,60,76,17" hai1="5,10,115,22,105,9,95,44,30,28,57,55,89" hai2="19,66,32,65,50,14,96,84,61,36,11,98,106" hai3="122,99,85,133,75,39,29,72,124,26,91,62,68"/><T42/><D104/><U69/><E105/><V56/><F32/><W116/><G39/><T126/><D126/><U78/><E69/><V23/><F36/><W82/><G116/><T90/><D102/><U6/><E78/><V58/><F106/><W48/><G133/><T40/><D38/><U103/><E44/><V120/><F120/><W27/><G27/><T51/><D0/><U24/><E30/><V111/><F111/><W74/><G48/><T110/><D7/><N who="1" m="2571" /><E103/><V117/><F117/><W1/><G1/><T45/><D110/><U34/><E34/><V123/><F123/><W31/><G124/><T107/><D107/><U4/><N who="1" m="2579" /><U83/><DORA hai="16" /><E83/><V35/><F35/><W70/><G31/><T77/><D77/><U2/><E2/><V129/><F129/><W43/><G70/><T63/><D63/><N who="1" m="36287" /><E115/><V67/><F84/><AGARI ba="0,0" hai="9,10,22,24,28,84,89,95" m="36287,2579" machi="84" ten="30,2000,0" yaku="8,1,52,1" doraHai="13,16" who="1" fromWho="2" sc="187,0,294,20,237,-20,282,0" /><INIT seed="5,0,0,3,0,80" ten="187,314,217,282" oya="1" hai0="116,100,7,32,110,62,114,2,99,98,83,23,101" hai1="17,57,24,66,59,94,49,126,129,86,108,1,111" hai2="84,16,46,31,45,3,5,106,22,122,127,47,60" hai3="118,90,132,14,88,63,107,42,120,25,123,9,53"/><U124/><E1/><V113/><F122/><W67/><G107/><T39/><D32/><U78/><E129/><V115/><F106/><W104/><G104/><T33/><D33/><U30/><E17/><V72/><F72/><W15/><G42/><T102/><D39/><U43/><E66/><V29/><F127/><N who="1" m="48681" /><E43/><V95/><F60/><W28/><G132/><T134/><D134/><U131/><E131/><V125/><F125/><W89/><G118/><T8/><D110/><N who="1" m="42027" /><E49/><V76/><F5/><W19/><G15/><T38/><D38/><U87/><E94/><V58/><F58/><N who="1" m="22025" /><E78/><V36/><F3/><W109/><G109/><T13/><D114/><N who="2" m="43530" /><F36/><W26/><G123/><T61/><D116/><U93/><E93/><V4/><F4/><W12/><G120/><T27/><D83/><U11/><E11/><V81/><F95/><W92/><G92/><T121/><D121/><U44/><E44/><V128/><F128/><W112/><G112/><T56/><D2/><U68/><E68/><V21/><F21/><AGARI ba="0,0" hai="21,24,30,86,87" m="22025,42027,48681" machi="21" ten="30,11600,0" yaku="18,1,10,1,52,2" doraHai="80" who="1" fromWho="2" sc="187,0,314,116,217,-116,282,0" /><INIT seed="5,1,0,0,3,30" ten="187,430,101,282" oya="1" hai0="126,24,80,0,15,61,70,71,99,118,116,23,122" hai1="73,17,114,84,120,51,87,18,134,43,20,96,95" hai2="78,16,88,22,121,9,10,76,110,11,113,86,124" hai3="127,103,66,32,35,14,79,135,132,83,41,90,125"/><U63/><E120/><V130/><F121/><W128/><G90/><T69/><D0/><U101/><E73/><V131/><F110/><W119/><G119/><T39/><D122/><U6/><E6/><V26/><F124/><N who="3" m="47691" /><G66/><T3/><D39/><U82/><E114/><V27/><F113/><W67/><G67/><T40/><D3/><U111/><E134/><N who="3" m="51242" /><G128/><N who="2" m="49193" /><F27/><W4/><G103/><T92/><D40/><U57/><E111/><V1/><F1/><W85/><G41/><T104/><D104/><U47/><E87/><V129/><N who="2" m="49201" /><V55/><DORA hai="58" /><F55/><W54/><G54/><T115/><D126/><U65/><E18/><V33/><F33/><W31/><G31/><T52/><D115/><U49/><E49/><V62/><F62/><W102/><G102/><T100/><D15/><U59/><E59/><V89/><F89/><W38/><G38/><T25/><D116/><U2/><E2/><V133/><F133/><W93/><G93/><AGARI ba="1,0" hai="9,10,11,16,22,26,76,78,86,88,93" m="49201" machi="93" ten="40,5200,0" yaku="19,1,54,2" doraHai="30,58" who="2" fromWho="3" sc="187,0,430,0,101,55,282,-55" /><INIT seed="6,0,0,4,5,23" ten="187,430,156,227" oya="2" hai0="10,66,103,128,96,44,84,6,93,131,76,19,129" hai1="21,122,99,68,48,77,107,112,98,25,109,115,80" hai2="26,130,108,73,45,87,7,12,111,49,20,58,3" hai3="61,82,85,67,14,97,121,117,33,31,79,78,56"/><V4/><F73/><W125/><G121/><T35/><D35/><U132/><E68/><V27/><F3/><W133/><G117/><T119/><D119/><U105/><E109/><N who="2" m="42059" /><F130/><W0/><G125/><T52/><D66/><U24/><E48/><V8/><F58/><W86/><G133/><T42/><D19/><U2/><E2/><V113/><F113/><N who="1" m="43593" /><E122/><V116/><F116/><W13/><G97/><N who="1" m="36874" /><E21/><V94/><F4/><W114/><G0/><T22/><D22/><U60/><E60/><V54/><F20/><W75/><G114/><T53/><D84/><N who="1" m="48143" /><E132/><V123/><F123/><W118/><G118/><T102/><D102/><U47/><E47/><V100/><F100/><W41/><G33/><T88/><D103/><U81/><E81/><V46/><F46/><W101/><G101/><T29/><D29/><U91/><E91/><AGARI ba="0,0" hai="7,8,12,26,27,45,49,54,87,91,94" m="42059" machi="91" ten="30,5800,0" yaku="10,1,52,2" doraHai="23" who="2" fromWho="1" sc="187,0,430,-58,156,58,227,0" /><INIT seed="6,1,0,1,1,28" ten="187,372,214,227" oya="2" hai0="65,110,80,45,39,116,35,38,126,41,63,89,66" hai1="9,42,68,22,93,115,81,13,50,111,105,72,61" hai2="14,123,96,47,103,134,11,1,10,114,86,33,2" hai3="70,37,129,59,53,113,36,55,102,121,95,5,87"/><V106/><F123/><W76/><G121/><T64/><D110/><U133/><E105/><V12/><F134/><W57/><G5/><T91/><D126/><U24/><E111/><V99/><F114/><W84/><G76/><T3/><D3/><U120/><E120/><V79/><F33/><W21/><G21/><T125/><D125/><U131/><E131/><V31/><F31/><W74/><G95/><T20/><D20/><U27/><E115/><V77/><F47/><W94/><G94/><T85/><D116/><U132/><E93/><V54/><F54/><W101/><G70/><T48/><D63/><U16/><E50/><V46/><F46/><W78/><G78/><T108/><D108/><U51/><E51/><V56/><F56/><W32/><G74/><T100/><D100/><U119/><E42/><V98/><F98/><W71/><G71/><T17/><D91/><U127/><E127/><V40/><F40/><W23/><G23/><T34/><REACH who="0" step="1"/><D17/><REACH who="0" ten="177,372,214,227" step="2"/><U88/><E119/><V90/><F90/><W26/><G113/><T73/><D73/><U130/><E72/><V83/><F77/><W107/><G102/><T8/><D8/><U58/><E9/><V25/><F25/><W97/><G26/><T30/><D30/><U29/><E29/><V0/><F96/><W52/><G97/><T18/><D18/><U49/><E27/><V62/><F62/><W60/><G60/><T43/><D43/><U82/><E61/><V117/><F117/><W15/><G59/><T7/><D7/><U112/><E24/><V118/><F118/><W124/><G124/><RYUUKYOKU ba="1,1" sc="177,15,372,-15,214,15,227,-15" hai0="34,35,38,39,41,45,48,64,65,66,80,85,89" hai2="0,1,2,10,11,12,14,79,83,86,99,103,106" /><INIT seed="6,2,1,1,0,135" ten="192,357,229,212" oya="2" hai0="77,17,118,109,26,39,64,82,84,91,74,53,45" hai1="4,83,69,8,16,62,36,114,71,31,76,70,65" hai2="35,13,9,68,60,40,19,127,92,96,34,1,134" hai3="132,66,79,88,126,81,110,117,2,57,123,75,28"/><V41/><F134/><W24/><G117/><T25/><D109/><U101/><E114/><V55/><F1/><W3/><G110/><T125/><D64/><U89/><E89/><V99/><F99/><W112/><G123/><T122/><D122/><U113/><E113/><V97/><F97/><W108/><G132/><T115/><D115/><U47/><E101/><V7/><F7/><W121/><G121/><T129/><D129/><U85/><E31/><V104/><F104/><W116/><G116/><T27/><D118/><U130/><E130/><V38/><F41/><W0/><G112/><T106/><D106/><U12/><E36/><V11/><F11/><W102/><G102/><T56/><D17/><U54/><E4/><V42/><F42/><W49/><G108/><T52/><D39/><U50/><AGARI ba="2,1" hai="8,12,16,47,50,54,62,65,69,70,71,76,83,85" machi="50" ten="30,2000,0" yaku="0,1,54,1" doraHai="135" who="1" fromWho="1" sc="192,-7,357,36,229,-12,212,-7" /><INIT seed="7,0,0,2,2,4" ten="185,393,217,205" oya="3" hai0="5,100,64,52,72,48,29,85,133,112,53,130,131" hai1="97,20,0,46,65,40,14,119,92,62,104,41,16" hai2="8,18,89,111,114,117,50,1,120,122,99,71,36" hai3="125,115,129,63,135,110,30,105,87,2,128,26,9"/><W44/><G105/><T74/><D100/><U15/><E104/><V11/><F36/><W3/><G115/><T43/><D29/><U24/><E0/><N who="3" m="42" /><G63/><T28/><D28/><U32/><E32/><V82/><F71/><W13/><G44/><T81/><D112/><U107/><E107/><V90/><F114/><W102/><G87/><T37/><D37/><U86/><E86/><V73/><F117/><W88/><G102/><T31/><D31/><U12/><E46/><V79/><F1/><W132/><G88/><N who="0" m="51247" /><D64/><U54/><E119/><V67/><F67/><W33/><G125/><T124/><D124/><U70/><REACH who="1" step="1"/><E54/><REACH who="1" ten="185,383,217,205" step="2"/><N who="0" m="21097" /><D133/><N who="3" m="51273" /><G110/><T22/><D22/><U69/><E69/><V21/><F111/><W56/><G56/><T95/><D95/><U77/><E77/><V10/><F122/><W94/><G94/><T45/><D45/><U58/><E58/><V101/><F120/><W57/><G57/><T103/><D103/><AGARI ba="0,1" hai="12,14,15,16,20,24,40,41,62,65,70,92,97,103" machi="103" ten="40,2600,0" yaku="1,1,54,1,53,0" doraHai="4" doraHaiUra="113" who="1" fromWho="0" sc="185,-26,383,36,217,0,205,0" owari="159,-34.1,419,51.9,217,1.7,205,-19.5" /></mjloggm>