<mjloggm ver="2.3"><GO type="41" lobby="0"/><UN n0="%28%E3%83%BB%E2%88%80%E3%83%BB%29" n1="%E9%87%A3%E3%82%8A%E4%BA%BA%E4%BA%A6%E9%87%8E%E8%AA%A0%E5%AD%90" n2="%E3%81%BB%E3%81%97%E3%81%AA%E6%AD%8C%E5%94%84" n3="%E2%93%9D%4C%75%63%6B%79%4A" dan="14,15,14,18" rate="1911.06,2041.23,1919.17,2217.48" sx="M,M,M,M"/><TAIKYOKU oya="0"/><INIT seed="0,0,0,5,2,34" ten="250,250,250,250" oya="0" hai0="35,69,82,115,4,103,31,88,44,9,71,49,126" hai1="72,1,21,12,64,98,100,131,32,19,113,93,39" hai2="26,38,123,74,63,70,6,106,29,76,20,58,48" hai3="112,57,10,84,8,16,124,22,111,94,92,127,108"/><T77/><D115/><U65/><E113/><V105/><F38/><W114/><G57/><T15/><D103/><U135/><E131/><V96/><F6/><W55/><G55/><T3/><D126/><N who="3" m="48169" /><G84/><T56/><D56/><U91/><E135/><V0/><F123/><W89/><G94/><T78/><D15/><U120/><E120/><V102/><F70/><W14/><G92/><T110/><D110/><N who="3" m="42025" /><G89/><T119/><D119/><U42/><E32/><V134/><F134/><W118/><G118/><T18/><D18/><U53/><E72/><V75/><F105/><W50/><G50/><T45/><D69/><U11/><E100/><V62/><F76/><W51/><G51/><T79/><D49/><U125/><E125/><V90/><F90/><W130/><G130/><T59/><D59/><U7/><REACH who="1" step="1"/><E53/><REACH who="1" ten="250,240,250,250" step="2"/><V95/><F75/><W73/><G73/><T27/><REACH who="0" step="1"/><D71/><REACH who="0" ten="240,240,250,250" step="2"/><U107/><E107/><V86/><F106/><W87/><G114/><T54/><D54/><U13/><E13/><V68/><F68/><W85/><G112/><T23/><D23/><U128/><E128/><V101/><F102/><W5/><G22/><T30/><D30/><U129/><E129/><V46/><F101/><W61/><G61/><T52/><D52/><U122/><E122/><V40/><F63/><W37/><G37/><T121/><D121/><U60/><E60/><V117/><F62/><W109/><G109/><T116/><D116/><U83/><E83/><V33/><F117/><W66/><G66/><T67/><D67/><U43/><E43/><V81/><F40/><W133/><G133/><RYUUKYOKU ba="0,2" sc="240,10,240,10,250,-30,250,10" hai0="3,4,9,27,31,35,44,45,77,78,79,82,88" hai1="1,7,11,12,19,21,39,42,64,65,91,93,98" hai3="5,8,10,14,16,85,87" /><INIT seed="0,1,2,2,4,68" ten="250,250,220,260" oya="0" hai0="133,2,0,22,34,128,3,104,8,134,53,86,109" hai1="5,110,88,55,59,33,54,90,117,74,123,73,75" hai2="91,52,132,30,113,24,72,105,101,45,14,118,70" hai3="4,77,62,103,1,28,21,16,102,32,27,26,85"/><T46/><D104/><U121/><E117/><V47/><F113/><W92/><G1/><T65/><D65/><U130/><E5/><V94/><F70/><W87/><G4/><T39/><D34/><U131/><E33/><V116/><F72/><W79/><G62/><T100/><D100/><U42/><E42/><V63/><F132/><N who="0" m="50794" /><D128/><N who="1" m="49195" /><E110/><V56/><F14/><W51/><G51/><N who="0" m="28919" /><D109/><U106/><E106/><V13/><F13/><W44/><G44/><T127/><D127/><U19/><E19/><V61/><F61/><W129/><G129/><T48/><D48/><N who="1" m="31175" /><E55/><V96/><F116/><W12/><G103/><T66/><D66/><U41/><E41/><V124/><F124/><W9/><G102/><T95/><D22/><U17/><E17/><V64/><F64/><W23/><G32/><T6/><D39/><U112/><E112/><V15/><F15/><W84/><REACH who="3" step="1"/><G92/><REACH who="3" ten="250,250,220,250" step="2"/><T67/><D67/><U18/><E18/><V11/><F118/><W111/><G111/><T93/><D95/><U76/><E76/><V98/><REACH who="2" step="1"/><F11/><REACH who="2" ten="250,250,210,250" step="2"/><W108/><G108/><T89/><AGARI ba="1,4" hai="0,2,3,6,8,86,89,93" m="28919,50794" machi="89" ten="30,1500,0" yaku="20,1" doraHai="68" who="0" fromWho="0" sc="250,58,250,-6,210,-6,250,-6" /><INIT seed="0,2,0,0,4,53" ten="308,244,204,244" oya="0" hai0="27,125,37,29,60,95,100,41,133,54,48,128,131" hai1="0,114,101,15,62,35,18,19,122,79,103,49,32" hai2="17,55,52,30,16,51,87,84,3,56,127,73,68" hai3="12,14,115,130,113,98,64,82,24,106,94,110,67"/><T20/><D60/><U83/><E122/><V124/><F68/><W132/><G106/><T91/><D100/><U117/><E117/><V129/><F73/><W72/><G132/><T22/><D22/><U74/><E0/><V9/><F30/><W36/><G36/><T70/><D70/><U80/><E114/><V43/><F43/><W69/><G130/><N who="0" m="49707" /><D133/><U116/><E116/><V90/><F129/><W89/><G69/><T108/><D125/><N who="2" m="48202" /><F55/><W104/><G104/><T11/><D11/><U50/><E62/><V75/><F75/><W118/><G72/><T4/><D4/><U10/><E19/><N who="2" m="7243" /><F90/><W109/><G89/><T97/><D108/><U57/><E83/><V86/><F9/><W76/><G82/><T107/><D107/><U85/><E74/><V134/><F134/><W61/><G110/><T13/><D41/><U45/><E35/><V77/><F3/><W5/><G109/><T93/><D37/><U96/><E32/><V105/><F105/><W6/><G118/><T38/><D38/><U46/><E96/><V26/><F26/><W63/><G24/><T65/><D65/><U42/><E46/><V33/><F33/><W58/><G67/><T71/><D71/><U111/><E111/><V92/><F92/><W112/><G94/><N who="0" m="56543" /><D13/><U126/><E126/><V21/><F21/><W2/><G115/><T25/><D27/><U120/><E120/><V28/><F28/><W99/><G113/><T88/><D88/><U44/><E79/><AGARI ba="2,0" hai="51,52,56,77,79,84,86,87" m="7243,48202" machi="79" ten="40,8000,1" yaku="18,1,52,1,54,2" doraHai="53" who="2" fromWho="1" sc="308,0,244,-86,204,86,244,0" /><INIT seed="1,0,0,3,5,65" ten="308,158,290,244" oya="1" hai0="36,9,47,78,32,34,98,112,120,45,35,48,27" hai1="82,28,76,6,24,73,114,84,127,106,49,37,130" hai2="20,44,96,83,103,66,110,17,46,126,10,74,38" hai3="85,90,118,77,2,93,109,26,12,7,57,40,23"/><U133/><E114/><V1/><F110/><W52/><G109/><T116/><D112/><U95/><E37/><V42/><F126/><W97/><G2/><T100/><D116/><U124/><E106/><V0/><F66/><W70/><G118/><T51/><D78/><U92/><E6/><V121/><F121/><W3/><G70/><T5/><D27/><U79/><E133/><V15/><F46/><W22/><G3/><T105/><D120/><U131/><E49/><V80/><F80/><W87/><G40/><T63/><D63/><U30/><E24/><V86/><F74/><W89/><G77/><N who="1" m="29770" /><E73/><V33/><F33/><W18/><G90/><T102/><D102/><U41/><E41/><V16/><F86/><W58/><G58/><T128/><D128/><N who="1" m="49195" /><E82/><V101/><F83/><W61/><REACH who="3" step="1"/><G7/><REACH who="3" ten="308,158,290,234" step="2"/><T67/><D5/><U71/><E71/><V11/><F101/><W75/><G75/><T14/><D100/><U129/><N who="1" m="49203" /><U68/><DORA hai="59" /><E68/><V21/><F0/><W115/><G115/><T69/><D69/><U19/><E19/><AGARI ba="0,1" hai="12,18,19,22,23,26,52,57,61,85,87,89,93,97" machi="19" ten="30,16000,3" yaku="1,1,7,1,25,2,8,1,52,1,54,1,53,1" doraHai="65,59" doraHaiUra="91,111" who="3" fromWho="1" sc="308,0,158,-160,290,0,234,170" owari="308,10.8,-2,-50.2,290,-11.0,404,50.4" /></mjloggm>