<mjloggm ver="2.3"><GO type="41" lobby="0"/><UN n0="%73%68%65%76%61%37" n1="%74%61%69%74%61%69%38%38" n2="%E9%8D%9B%E5%86%B6%E5%B1%8B" n3="%E2%93%9D%4C%75%63%6B%79%4A" dan="14,13,15,15" rate="1904.18,1809.63,1938.98,2155.11" sx="M,M,M,M"/><TAIKYOKU oya="0"/><INIT seed="0,0,0,4,1,62" ten="250,250,250,250" oya="0" hai0="60,99,112,22,74,65,12,116,81,67,107,92,50" hai1="120,89,126,1,72,19,111,127,96,130,108,8,17" hai2="32,44,6,103,43,94,25,97,58,68,57,134,21" hai3="128,31,115,104,53,95,15,7,102,98,37,117,88"/><T11/><D112/><U29/><E72/><V41/><F32/><W42/><G115/><T9/><D116/><U35/><E96/><V59/><F6/><W114/><G114/><T100/><D60/><U24/><E89/><V131/><F68/><W33/><G128/><T63/><D63/><U14/><E120/><V69/><F69/><W71/><G71/><T135/><D135/><U55/><E55/><V90/><F134/><W36/><G42/><T5/><D22/><U51/><E51/><V66/><F131/><W47/><G117/><T46/><D107/><U109/><E130/><V125/><F125/><N who="1" m="47625" /><E1/><V133/><F133/><W16/><G53/><T79/><REACH who="0" step="1"/><D11/><REACH who="0" ten="240,250,250,250" step="2"/><U3/><E3/><V118/><F118/><W52/><G104/><T2/><D2/><U110/><E110/><V28/><F21/><W64/><G33/><T76/><D76/><U85/><E85/><V61/><F61/><W87/><G87/><T78/><D78/><U40/><E40/><AGARI ba="0,1" hai="5,9,12,40,46,50,65,67,74,79,81,92,99,100" machi="40" ten="30,12000,1" yaku="1,1,7,1,52,2,53,1" doraHai="62" doraHaiUra="105" who="0" fromWho="1" sc="240,130,250,-120,250,0,250,0" /><INIT seed="0,1,0,3,0,69" ten="370,130,250,250" oya="0" hai0="93,91,62,60,20,37,86,12,47,13,106,27,24" hai1="70,59,103,128,55,135,34,4,43,8,95,25,101" hai2="71,15,73,49,36,3,30,72,104,105,18,123,122" hai3="83,7,75,97,48,108,21,2,119,92,31,57,110"/><T133/><D106/><N who="2" m="41066" /><F49/><W14/><G119/><T107/><D107/><U56/><E95/><V131/><F18/><W58/><G75/><N who="2" m="28745" /><F15/><N who="0" m="5706" /><D133/><U16/><E128/><V109/><F30/><W112/><G112/><T9/><D37/><U125/><E125/><V102/><F71/><W84/><G2/><T117/><D117/><U42/><E135/><V66/><F66/><W39/><G39/><T129/><D129/><U114/><E114/><V28/><F28/><W127/><G127/><T87/><D47/><U22/><E103/><V17/><F17/><W120/><G120/><T41/><D41/><N who="1" m="15371" /><E101/><V94/><F3/><W64/><G64/><T74/><D74/><U134/><E134/><V10/><F10/><W1/><G1/><T77/><D9/><U0/><E70/><V121/><F36/><W51/><G58/><T68/><D68/><U130/><E130/><V78/><F131/><W33/><G57/><T63/><D20/><U90/><E90/><V53/><F53/><W99/><G21/><T29/><D29/><N who="1" m="19759" /><E55/><V85/><F102/><W115/><G115/><T26/><D77/><U61/><E61/><V76/><F76/><W40/><G40/><T132/><D132/><U88/><E88/><N who="2" m="53519" /><F78/><N who="3" m="46199" /><G31/><T38/><D38/><U6/><E6/><V5/><F5/><W81/><G7/><T45/><D45/><U19/><E19/><V124/><F124/><W96/><G51/><T50/><D50/><U32/><E32/><V82/><F82/><W11/><G48/><T89/><D89/><U79/><E79/><V116/><F116/><W54/><G33/><T113/><D113/><RYUUKYOKU ba="1,0" sc="370,10,130,10,250,10,250,-30" hai0="24,26,27,60,62,63,86,87,91,93" hai1="0,4,8,16,22,56,59" hai2="109,121,122,123" /><INIT seed="0,2,0,1,1,133" ten="380,140,260,220" oya="0" hai0="33,112,29,34,30,70,44,5,128,27,86,62,14" hai1="47,8,95,115,50,117,120,71,131,66,60,23,78" hai2="113,0,26,97,42,110,91,122,20,59,58,21,109" hai3="79,17,135,25,108,40,134,103,84,41,37,76,85"/><T105/><D105/><U35/><E120/><V67/><F0/><W101/><G25/><T13/><D70/><U48/><E117/><V114/><F42/><W31/><G17/><T36/><D62/><U69/><E115/><N who="2" m="44043" /><F122/><W102/><G31/><T55/><D112/><U46/><E131/><V125/><F67/><W81/><G37/><T87/><D128/><U92/><E35/><V16/><F97/><W1/><G1/><T83/><D87/><N who="3" m="33353" /><G108/><N who="2" m="41577" /><F91/><W119/><G119/><T24/><D5/><U126/><E23/><N who="2" m="13671" /><F125/><W43/><G81/><T18/><D18/><U28/><E28/><V93/><F93/><W49/><G49/><T73/><D73/><U10/><E60/><V104/><F104/><W63/><G63/><T22/><D22/><AGARI ba="2,0" hai="20,21,22,58,59" m="13671,41577,44043" machi="22" ten="30,2000,0" yaku="14,1,54,1" doraHai="133" who="2" fromWho="0" sc="380,-26,140,0,260,26,220,0" /><INIT seed="1,0,0,0,3,35" ten="354,140,286,220" oya="1" hai0="63,106,48,98,21,115,135,105,59,46,79,58,26" hai1="51,77,23,134,1,128,45,56,127,87,64,104,108" hai2="47,38,69,89,111,91,131,113,73,61,78,39,71" hai3="124,8,92,81,50,24,11,93,15,0,86,16,100"/><U70/><E104/><V118/><F118/><W120/><G120/><T126/><D115/><U41/><E134/><V19/><F113/><W9/><G124/><T60/><D135/><U130/><E127/><V42/><F131/><N who="1" m="50217" /><E23/><V62/><F111/><W57/><G0/><T97/><D126/><U6/><E108/><V112/><F19/><W4/><G24/><T12/><D79/><U67/><E70/><V40/><F78/><W122/><G122/><T43/><D12/><U44/><E56/><N who="0" m="21545" /><D106/><U119/><E119/><V84/><F84/><W80/><G4/><T2/><D105/><U31/><E31/><V99/><F99/><N who="0" m="37898" /><D2/><U20/><E20/><V83/><F83/><W17/><G81/><T66/><D66/><N who="1" m="25131" /><E87/><V22/><F22/><W133/><G133/><T76/><D76/><U27/><E27/><V68/><F112/><W37/><G86/><T30/><AGARI ba="0,0" hai="21,26,30,43,46,48,60,63" m="37898,21545" machi="30" ten="30,1100,0" yaku="8,1" doraHai="35" who="0" fromWho="0" sc="354,11,140,-5,286,-3,220,-3" /><INIT seed="2,0,0,3,2,111" ten="365,135,283,217" oya="2" hai0="70,12,18,35,22,134,2,116,63,97,103,119,86" hai1="74,106,62,122,24,104,135,72,77,98,40,33,38" hai2="31,39,130,93,6,84,96,0,47,20,80,109,11" hai3="89,60,102,1,13,37,8,26,44,32,19,56,41"/><V133/><F109/><W15/><G102/><T100/><D2/><U114/><E114/><V82/><F133/><W117/><G117/><N who="0" m="45131" /><D35/><U61/><E135/><V30/><F130/><W4/><G89/><T125/><D125/><U79/><E122/><V9/><F9/><W43/><G43/><T46/><D134/><U14/><E14/><V75/><F75/><W92/><G92/><T73/><D73/><U124/><E24/><V85/><F47/><W10/><G32/><T127/><D127/><U51/><E33/><V28/><F20/><W71/><G71/><T55/><D86/><U83/><E124/><V101/><F39/><W105/><G105/><T88/><D70/><U110/><E110/><V120/><F120/><W76/><G76/><T52/><D55/><U3/><E3/><V5/><F5/><W16/><G26/><T113/><D113/><U57/><E38/><V107/><F107/><W34/><G34/><T78/><D78/><U121/><E121/><V95/><F95/><W67/><REACH who="3" step="1"/><G1/><REACH who="3" ten="365,135,283,207" step="2"/><T112/><D112/><U66/><E106/><V68/><F68/><W132/><G132/><T99/><D99/><U69/><E104/><V59/><F96/><W21/><G21/><T91/><D97/><U87/><E98/><V129/><F101/><N who="0" m="38986" /><D91/><U128/><E128/><V49/><F129/><W64/><G64/><T25/><D88/><U108/><E108/><V90/><F93/><W36/><G36/><T53/><D25/><U23/><E79/><V131/><F131/><W48/><G48/><N who="0" m="28695" /><D63/><U94/><E77/><N who="2" m="46095" /><F49/><W118/><G118/><T58/><D22/><RYUUKYOKU ba="0,1" sc="365,-15,135,-15,283,15,207,15" hai2="0,6,11,28,30,31,59,82,85,90" hai3="4,8,10,13,15,16,19,37,41,44,56,60,67" /><INIT seed="2,1,1,3,1,133" ten="350,120,298,222" oya="2" hai0="39,50,57,18,89,64,28,107,47,44,17,37,126" hai1="74,82,84,118,100,104,109,19,46,77,131,76,71" hai2="103,105,115,65,20,21,58,52,43,99,55,25,86" hai3="83,125,102,110,114,9,10,106,67,70,66,88,91"/><V112/><F43/><W5/><G70/><T127/><D107/><U34/><E34/><V90/><F65/><W42/><G110/><T124/><D28/><U0/><E0/><V87/><F87/><W117/><G117/><T132/><D132/><U61/><E118/><V51/><F55/><W68/><G114/><T31/><D31/><U2/><E2/><V26/><F21/><W75/><G102/><T36/><D89/><U113/><E113/><V23/><F20/><W15/><G106/><T22/><D47/><U79/><E109/><V59/><F59/><W108/><G108/><T56/><D64/><U11/><E46/><V134/><F134/><W33/><G33/><T3/><D3/><U96/><E131/><V13/><F13/><W14/><G42/><N who="0" m="24855" /><D18/><U12/><E71/><V53/><F53/><W111/><G111/><T119/><D119/><U62/><REACH who="1" step="1"/><E76/><REACH who="1" ten="350,110,298,222" step="2"/><V128/><F128/><W95/><G68/><T1/><D1/><U35/><E35/><V40/><F115/><W94/><G5/><T129/><D129/><U120/><E120/><V29/><F112/><W116/><G116/><T101/><D101/><U48/><E48/><V80/><F103/><W72/><G83/><AGARI ba="1,2" hai="11,12,19,61,62,74,77,79,82,83,84,96,100,104" machi="83" ten="40,2600,0" yaku="1,1,53,1" doraHai="133" doraHaiUra="93" who="1" fromWho="3" sc="350,0,110,49,298,0,222,-29" /><INIT seed="3,0,0,3,4,132" ten="350,159,298,193" oya="3" hai0="135,44,123,116,103,40,81,86,0,113,101,78,88" hai1="16,59,127,126,84,105,97,31,50,38,25,54,2" hai2="3,122,58,83,63,124,55,61,107,112,19,130,24" hai3="66,4,82,102,52,73,42,76,10,114,48,79,77"/><W35/><G114/><T121/><D0/><U85/><E2/><V92/><F107/><W6/><G35/><T29/><D29/><U80/><E38/><V109/><F3/><W108/><G66/><T67/><D67/><U21/><E105/><V128/><F112/><W129/><G129/><T115/><D44/><U43/><E97/><V56/><F122/><N who="0" m="46602" /><D40/><U120/><E120/><V53/><F109/><W32/><G32/><T99/><D135/><U8/><E43/><V75/><F92/><W90/><G108/><T87/><D116/><U93/><E93/><V96/><F96/><W26/><G102/><N who="0" m="38923" /><D99/><U117/><E117/><V74/><F83/><AGARI ba="0,0" hai="78,81,83,86,87,88,113,115" m="38923,46602" machi="83" ten="30,3900,0" yaku="34,2,54,1" doraHai="132" who="0" fromWho="2" sc="350,39,159,0,298,-39,193,0" /><INIT seed="4,0,0,2,2,90" ten="389,159,259,193" oya="0" hai0="118,65,44,7,33,13,120,9,100,75,92,3,126" hai1="30,45,50,112,96,74,135,4,119,125,10,114,5" hai2="49,35,63,29,48,109,84,17,19,128,81,26,73" hai3="95,47,52,104,89,108,122,40,56,59,34,94,70"/><T134/><D75/><U27/><E74/><V42/><F73/><W87/><G70/><T97/><D118/><U69/><E119/><V113/><F109/><W85/><G34/><T51/><D120/><U79/><E69/><V130/><F113/><N who="1" m="43625" /><E79/><V15/><F63/><W131/><G104/><T76/><D76/><U80/><E80/><V55/><F42/><W41/><G131/><N who="2" m="50217" /><F19/><W86/><G122/><T57/><D33/><U68/><E68/><V82/><F49/><N who="3" m="28735" /><G108/><T61/><D126/><U1/><E125/><V124/><F84/><N who="3" m="32331" /><G41/><T66/><D134/><U111/><E111/><V101/><F101/><W98/><G40/><N who="0" m="24967" /><D3/><U132/><E50/><V64/><F64/><AGARI ba="0,0" hai="7,9,13,57,61,64,65,66,92,97,100" m="24967" machi="64" ten="30,2900,0" yaku="8,1,52,1" doraHai="90" who="0" fromWho="2" sc="389,29,159,0,259,-29,193,0" /><INIT seed="4,1,0,2,0,41" ten="418,159,230,193" oya="0" hai0="21,118,46,97,88,130,85,134,39,47,79,133,111" hai1="67,5,92,37,83,121,32,98,29,48,12,7,8" hai2="114,57,94,44,31,62,35,135,69,11,74,86,18" hai3="89,81,68,90,0,3,107,82,4,117,78,42,100"/><T14/><D39/><U120/><E37/><V59/><F74/><W106/><G4/><T38/><D38/><U58/><E121/><V76/><F135/><N who="0" m="51722" /><D118/><U1/><E7/><V2/><F114/><W71/><G100/><T52/><D130/><U34/><E120/><V126/><F126/><W73/><G73/><T96/><D79/><U108/><E108/><V22/><F44/><N who="0" m="16938" /><D52/><N who="1" m="32007" /><E67/><V101/><F76/><W65/><G78/><T13/><D111/><U95/><E1/><V123/><F123/><W84/><G65/><T26/><D13/><U66/><E32/><V119/><F2/><W105/><G117/><T72/><D14/><U112/><E66/><V33/><F35/><W30/><G3/><T99/><D72/><U77/><E112/><V9/><F119/><W40/><G0/><T129/><D129/><U91/><E34/><V17/><F33/><W54/><G54/><T60/><D60/><U27/><E27/><V113/><F62/><W15/><G15/><T116/><D116/><U70/><E70/><V28/><F69/><W20/><G71/><T25/><D21/><U104/><E104/><V103/><F22/><W75/><G68/><T125/><D125/><U109/><E109/><V63/><F63/><W115/><G115/><T131/><D131/><U122/><E122/><V19/><F113/><W23/><G75/><T132/><D132/><U55/><E55/><V10/><F57/><W45/><G45/><T49/><D49/><U64/><E64/><V93/><F59/><W16/><G23/><T51/><D51/><U80/><E77/><V53/><F53/><RYUUKYOKU ba="1,0" sc="418,30,159,-10,230,-10,193,-10" hai0="25,26,85,88,96,97,99" /><INIT seed="4,2,0,4,0,75" ten="448,149,220,183" oya="0" hai0="30,68,66,116,32,51,61,31,89,82,112,55,45" hai1="109,57,23,26,48,97,99,47,44,123,71,84,13" hai2="117,78,38,54,81,18,126,118,73,0,8,46,1" hai3="92,88,72,39,134,24,43,96,49,5,29,59,108"/><T115/><D116/><N who="2" m="44650" /><F126/><W28/><G108/><T10/><D32/><U133/><E109/><V103/><F103/><W106/><G72/><T105/><D105/><U135/><E71/><V15/><F54/><W128/><G128/><T98/><D10/><U130/><E123/><V35/><F35/><W62/><G39/><T19/><D19/><U40/><E130/><V127/><F127/><W121/><G134/><N who="1" m="51210" /><E13/><V21/><F21/><W122/><G106/><T7/><D7/><U63/><E44/><V79/><F79/><W100/><G5/><T50/><D50/><U125/><E125/><V25/><F25/><W16/><G122/><T20/><D20/><U56/><E84/><V120/><F120/><W104/><G121/><T58/><D68/><U102/><E102/><V4/><F18/><W77/><G100/><T37/><D37/><U65/><E57/><V83/><F83/><W34/><G34/><T76/><D89/><U131/><E131/><V114/><F114/><N who="0" m="43562" /><D98/><U69/><E69/><V12/><F1/><W113/><G113/><T53/><D53/><U42/><E40/><AGARI ba="2,0" hai="0,4,8,12,15,38,40,46,73,78,81" m="44650" machi="40" ten="30,3900,0" yaku="25,1,12,1,52,1" doraHai="75" who="2" fromWho="1" sc="448,0,149,-45,220,45,183,0" /><INIT seed="5,0,0,1,5,33" ten="448,104,265,183" oya="1" hai0="55,6,25,63,31,53,14,89,5,12,129,132,66" hai1="3,48,111,94,110,70,88,71,100,69,11,72,59" hai2="134,41,58,56,45,95,10,115,76,104,40,114,30" hai3="128,122,43,32,119,7,75,52,68,49,120,1,86"/><U97/><E72/><V118/><F104/><W103/><G32/><T8/><D129/><U96/><E48/><V35/><F118/><W15/><G75/><T54/><D132/><U126/><E59/><V9/><F134/><W26/><G26/><T130/><D130/><U121/><E121/><V80/><F95/><W113/><G113/><N who="2" m="43017" /><F30/><W133/><G103/><T124/><D124/><U57/><E57/><N who="2" m="22123" /><F35/><W0/><G128/><T79/><D79/><U83/><E126/><V131/><F131/><W85/><G119/><T84/><D63/><U106/><REACH who="1" step="1"/><E83/><REACH who="1" ten="448,94,265,183" step="2"/><V125/><F125/><W36/><G49/><T64/><D66/><U46/><E46/><V19/><F45/><W13/><G133/><T20/><D64/><U102/><E102/><V50/><F50/><W135/><G135/><T47/><D47/><U65/><E65/><V22/><F80/><W98/><G122/><T82/><D54/><U108/><E108/><V87/><F41/><W21/><G43/><T123/><D123/><U99/><E99/><V77/><F40/><W90/><G98/><T91/><D55/><U78/><E78/><N who="2" m="30315" /><F87/><W112/><G112/><T37/><D53/><U28/><E28/><V60/><F60/><W27/><G120/><T42/><D42/><U62/><E62/><V24/><AGARI ba="0,1" hai="9,10,19,22,24" m="30315,22123,43017" machi="24" ten="30,2000,0" yaku="15,1,11,1" doraHai="33" who="2" fromWho="2" sc="448,-5,94,-10,265,30,183,-5" /><INIT seed="6,0,0,0,2,20" ten="443,84,295,178" oya="2" hai0="5,83,25,84,78,117,64,91,7,30,121,8,95" hai1="126,75,88,111,61,90,104,122,62,27,48,114,22" hai2="58,38,24,124,134,96,35,39,79,86,127,73,135" hai3="47,116,41,60,11,110,101,31,72,34,15,32,131"/><V36/><F58/><W52/><G110/><T112/><D112/><U26/><E75/><V56/><F56/><W45/><G116/><T70/><D121/><U76/><E111/><V2/><F86/><W57/><G131/><T44/><D117/><U18/><E114/><V92/><F2/><W125/><G125/><N who="2" m="48201" /><F79/><W33/><G101/><T113/><D113/><U128/><E126/><V10/><F10/><W28/><G72/><T3/><D5/><U12/><E104/><V1/><F1/><W0/><G0/><T43/><D64/><U105/><E105/><V21/><F35/><W59/><G59/><T103/><D103/><U87/><E128/><V29/><F73/><W77/><G77/><T98/><D70/><U109/><E109/><V49/><F49/><W9/><G11/><T119/><D119/><U37/><E37/><V50/><F50/><W97/><G97/><T51/><D30/><U13/><E48/><V107/><F107/><W17/><REACH who="3" step="1"/><G47/><REACH who="3" ten="443,84,295,168" step="2"/><T99/><D98/><U80/><E122/><V132/><F132/><W102/><G102/><AGARI ba="0,1" hai="21,24,29,36,38,39,92,96,102,134,135" m="48201" machi="102" ten="40,3900,0" yaku="18,1,52,1" doraHai="20" who="2" fromWho="3" sc="443,0,84,0,295,49,168,-39" /><INIT seed="6,1,0,4,1,98" ten="443,84,344,129" oya="2" hai0="51,18,121,55,103,61,118,127,89,50,68,113,47" hai1="29,42,124,59,19,128,99,31,114,49,36,74,6" hai2="65,131,123,12,22,109,37,11,53,63,28,20,100" hai3="130,48,133,38,77,52,57,81,97,78,135,132,101"/><V46/><F123/><W129/><G38/><T1/><D1/><U35/><E74/><V26/><F131/><N who="3" m="50187" /><G81/><T115/><D103/><U107/><E19/><V73/><F109/><W39/><G39/><T10/><D121/><U16/><E16/><N who="2" m="8223" /><F73/><W45/><G45/><T17/><D118/><U43/><E59/><N who="2" m="37119" /><F37/><W24/><G24/><T27/><D61/><U21/><E49/><N who="2" m="28855" /><F22/><W2/><G2/><T88/><D68/><U32/><E32/><V94/><F94/><AGARI ba="1,0" hai="48,52,57,77,78,94,97,101,132,133,135" m="50187" machi="94" ten="40,8000,1" yaku="20,1,19,1,52,1,54,1" doraHai="98" who="3" fromWho="2" sc="443,0,84,0,344,-83,129,83" /><INIT seed="7,0,0,0,4,8" ten="443,84,261,212" oya="3" hai0="68,113,22,73,41,47,34,17,79,5,16,118,89" hai1="53,86,92,78,19,31,3,62,97,102,13,82,90" hai2="12,122,93,114,107,134,65,27,84,7,20,39,135" hai3="25,61,72,121,98,110,119,124,6,59,66,123,120"/><W40/><G72/><T81/><D68/><U115/><E3/><V95/><F107/><W18/><G119/><T71/><D71/><U29/><E115/><V106/><F106/><W70/><G6/><T130/><D118/><U131/><E131/><V52/><F39/><W80/><G80/><T37/><D34/><U88/><E62/><V101/><F114/><W23/><G124/><T74/><D74/><U24/><E24/><V51/><F65/><W15/><G40/><T75/><D75/><U1/><E1/><V26/><F122/><W28/><G110/><T63/><D63/><U67/><E67/><V125/><F101/><W87/><G87/><T109/><D109/><U127/><E127/><V129/><F125/><W58/><REACH who="3" step="1"/><G98/><REACH who="3" ten="443,84,261,202" step="2"/><T46/><D113/><U45/><E78/><V69/><F84/><W111/><G111/><T0/><D130/><U126/><E126/><V83/><F7/><W100/><G100/><T49/><D73/><U77/><E77/><V21/><F129/><W35/><AGARI ba="0,1" hai="15,18,23,25,28,35,58,59,61,66,70,120,121,123" machi="35" ten="30,12000,1" yaku="1,1,0,1,52,1,53,2" doraHai="8" doraHaiUra="54" who="3" fromWho="3" sc="443,-40,84,-40,261,-40,202,130" /><INIT seed="7,1,0,5,4,134" ten="403,44,221,332" oya="3" hai0="128,77,44,37,67,110,60,64,119,121,91,78,50" hai1="25,106,85,35,84,0,32,104,47,99,23,80,98" hai2="2,66,56,114,59,132,90,27,123,18,17,107,122" hai3="20,10,54,135,43,30,72,73,109,87,42,83,46"/><W68/><G68/><T12/><D110/><U126/><E0/><V101/><F2/><W96/><G109/><T100/><D119/><U31/><E47/><V48/><F27/><N who="3" m="16743" /><G73/><T39/><D121/><U95/><E23/><V65/><F107/><W45/><G72/><T69/><D67/><U40/><E40/><N who="3" m="15402" /><G135/><T94/><D100/><U8/><E8/><V92/><F101/><W129/><G129/><T3/><D3/><U88/><E35/><V89/><F132/><W16/><G96/><T133/><D128/><U6/><E6/><V24/><F24/><W28/><G28/><T127/><D133/><U103/><E25/><V117/><F117/><W33/><G33/><T14/><D39/><U11/><E11/><V118/><F118/><W5/><G5/><T53/><D14/><U29/><E29/><V93/><F48/><W41/><N who="3" m="15410" /><W9/><DORA hai="57" /><G10/><T52/><D12/><U55/><E55/><V15/><F15/><N who="3" m="7279" /><G54/><T19/><D53/><U74/><E126/><V82/><F82/><W7/><G7/><T62/><D37/><U38/><E38/><V102/><F102/><W125/><G125/><T112/><D127/><U130/><E130/><V13/><F13/><W105/><G105/><T21/><D69/><U22/><E22/><V61/><F123/><W76/><AGARI ba="1,0" hai="45,46,76,83,87" m="7279,15410,16743" machi="76" ten="30,3000,0" yaku="8,1,54,1" doraHai="134,57" who="3" fromWho="3" sc="403,-11,44,-11,221,-11,332,33" /><INIT seed="7,2,0,2,1,81" ten="392,33,210,365" oya="3" hai0="105,109,26,128,38,110,4,104,88,63,17,19,33" hai1="85,24,11,51,1,2,60,14,61,122,100,87,113" hai2="50,129,12,111,135,30,5,115,127,117,67,79,114" hai3="62,70,131,15,53,126,8,37,18,29,121,69,65"/><W58/><G121/><T134/><D38/><U101/><E122/><V118/><F67/><W106/><G106/><T112/><D4/><U78/><E51/><V102/><F30/><W95/><G37/><T107/><D128/><U28/><E14/><V133/><F102/><W31/><G131/><T41/><D41/><U120/><E113/><N who="2" m="43019" /><F79/><W90/><G126/><T103/><D112/><U55/><E120/><V35/><F35/><W116/><G116/><N who="2" m="44649" /><F50/><W75/><G75/><T66/><D103/><U83/><E28/><V23/><F23/><W36/><G36/><T132/><D26/><U86/><E78/><V54/><F54/><W39/><G39/><T25/><D25/><U10/><E24/><V27/><F27/><W125/><G125/><T52/><D52/><U20/><E20/><V57/><F57/><W91/><G91/><T7/><D88/><U9/><E55/><V48/><F48/><W97/><G70/><T74/><D33/><U108/><E108/><V40/><F40/><W43/><G43/><T3/><D110/><U32/><E32/><V123/><F5/><W42/><G42/><T82/><D109/><U59/><E59/><V49/><F49/><AGARI ba="2,0" hai="8,15,18,29,31,49,53,58,62,65,69,90,95,97" machi="49" ten="30,1500,0" yaku="7,1" doraHai="81" who="3" fromWho="2" sc="392,0,33,0,210,-21,365,21" /><INIT seed="7,3,0,0,3,33" ten="392,33,189,386" oya="3" hai0="37,94,109,4,39,91,59,58,27,8,129,121,26" hai1="40,32,84,61,88,131,35,77,127,112,69,1,57" hai2="55,122,89,95,86,51,100,124,29,130,23,78,103" hai3="133,75,72,101,14,119,65,47,116,87,30,5,28"/><W31/><G65/><T42/><D109/><U56/><E112/><V105/><F130/><W46/><G101/><N who="2" m="38985" /><F105/><W49/><G87/><T13/><D121/><U44/><E69/><V12/><F124/><W111/><G111/><T6/><D129/><U18/><E131/><V120/><F78/><W2/><G14/><T135/><D135/><U76/><E127/><V99/><F29/><W21/><G21/><T126/><D126/><U85/><E18/><N who="2" m="10695" /><F99/><W43/><G133/><T19/><D42/><U82/><E61/><V113/><F113/><W24/><G24/><N who="0" m="9259" /><D39/><U118/><E118/><V0/><F0/><W20/><G20/><T34/><D34/><U93/><E1/><V66/><F66/><W3/><G3/><T74/><D37/><U104/><E104/><V90/><F90/><W36/><G2/><T110/><D74/><U123/><E123/><V52/><F55/><W50/><G5/><N who="0" m="2155" /><D110/><U108/><E108/><V70/><F70/><W60/><G36/><T64/><D64/><U7/><E7/><V54/><F54/><W63/><G31/><T11/><D11/><U134/><E134/><V102/><N who="2" m="38993" /><V96/><DORA hai="48" /><F96/><AGARI ba="3,0" hai="8,13,19,58,59,91,94,96" m="2155,9259" machi="96" ten="30,1000,0" yaku="8,1" doraHai="33,48" who="0" fromWho="2" sc="392,19,33,0,189,-19,386,0" owari="411,51.1,33,-46.7,170,-23.0,386,18.6" /></mjloggm>