<mjloggm ver="2.3"><GO type="41" lobby="0"/><UN n0="%E8%82%89%E8%B1%86%E8%85%90" n1="%59%59%59%47%4C%32" n2="%E2%93%9D%4C%75%63%6B%79%4A" n3="%E5%BA%84%E5%8F%B8%E5%81%A5%E5%A4%AA%E6%9C%97" dan="14,13,17,15" rate="2004.84,1830.47,2142.83,1946.81" sx="M,M,M,M"/><TAIKYOKU oya="0"/><INIT seed="0,0,0,2,0,75" ten="250,250,250,250" oya="0" hai0="8,25,18,135,91,43,9,56,88,55,76,14,95" hai1="0,100,74,7,71,133,15,31,17,38,94,81,72" hai2="27,129,109,6,80,49,70,73,45,69,90,10,33" hai3="117,108,130,24,22,5,34,63,36,132,23,67,106"/><T98/><D135/><U77/><E38/><V86/><F73/><W16/><G36/><T59/><D43/><U68/><E133/><V101/><F109/><W92/><G132/><T113/><D113/><U96/><E31/><V12/><F129/><W51/><G106/><T78/><D91/><U121/><E121/><V26/><F101/><W20/><G108/><T28/><D9/><U116/><E116/><V99/><F33/><W61/><G117/><T46/><D46/><U66/><E66/><V58/><F58/><W19/><G130/><T47/><D47/><U105/><E74/><V29/><F99/><W89/><G5/><T2/><D2/><U103/><E7/><V4/><F6/><W48/><G34/><T32/><D59/><U53/><E0/><V93/><F93/><W42/><G23/><T123/><D123/><U104/><E53/><V127/><F127/><W62/><G42/><T120/><D120/><U35/><E35/><V57/><F57/><W131/><G67/><T107/><D107/><U1/><E1/><V126/><F126/><W11/><G11/><T37/><D37/><U122/><E122/><V115/><F115/><W41/><G41/><T79/><D79/><U118/><E118/><V83/><F83/><W125/><G131/><T30/><D30/><U39/><E39/><V21/><F27/><N who="3" m="14751" /><G125/><T52/><D55/><AGARI ba="0,0" hai="4,10,12,21,26,29,45,49,55,69,70,80,86,90" machi="55" ten="30,1000,0" yaku="7,1" doraHai="75" who="2" fromWho="0" sc="250,-10,250,0,250,10,250,0" /><INIT seed="1,0,0,1,0,91" ten="240,250,260,250" oya="1" hai0="6,60,56,67,80,28,66,21,69,3,79,93,2" hai1="120,11,41,5,34,68,43,51,42,126,95,82,46" hai2="81,73,90,24,74,111,96,4,113,131,83,122,33" hai3="129,8,44,1,20,109,61,115,53,116,22,94,36"/><U58/><E120/><V55/><F4/><W7/><G115/><T29/><D67/><U23/><E34/><V38/><F38/><W107/><G107/><T63/><D93/><U64/><E68/><V132/><F55/><W71/><G109/><T19/><D63/><N who="1" m="38007" /><E126/><V135/><F24/><W75/><G129/><T85/><D56/><U37/><E37/><V47/><F47/><W125/><G125/><T12/><REACH who="0" step="1"/><D6/><REACH who="0" ten="230,250,260,250" step="2"/><U117/><E95/><V52/><F83/><W123/><G94/><T57/><D57/><U127/><E82/><V0/><F81/><W30/><G7/><T50/><D50/><U70/><E127/><V62/><F62/><W134/><G61/><T112/><D112/><U25/><E5/><V59/><F59/><W76/><G36/><T31/><AGARI ba="0,1" hai="2,3,12,19,21,28,29,31,60,66,69,79,80,85" machi="31" ten="30,2000,0" yaku="1,1,0,1,53,0" doraHai="91" doraHaiUra="89" who="0" fromWho="0" sc="230,30,250,-10,260,-5,250,-5" /><INIT seed="2,0,0,0,1,98" ten="260,240,255,245" oya="2" hai0="80,14,24,106,35,82,42,95,9,116,5,133,134" hai1="34,6,108,64,76,94,3,132,41,49,87,128,68" hai2="74,1,114,43,7,66,61,20,18,13,62,84,77" hai3="12,28,50,16,60,23,38,33,127,130,19,37,65"/><V97/><F114/><W63/><G130/><T129/><D106/><U125/><E34/><V15/><F74/><W107/><G127/><T121/><D121/><U55/><E128/><V30/><F1/><W99/><G63/><T17/><D129/><U2/><E125/><V32/><F43/><W54/><G19/><T117/><D95/><U101/><E108/><V26/><F77/><W105/><G105/><T75/><D42/><U110/><E132/><N who="0" m="50793" /><D75/><U53/><E76/><V45/><F45/><W52/><G54/><T73/><D73/><U90/><E41/><V70/><F84/><W126/><G126/><T25/><D82/><U22/><E87/><V113/><F113/><W47/><G28/><N who="0" m="19847" /><D80/><U115/><E115/><V4/><F15/><W135/><G33/><T102/><D102/><U39/><E3/><V81/><F81/><W86/><G135/><T93/><D93/><U27/><E2/><V67/><REACH who="2" step="1"/><F97/><REACH who="2" ten="260,240,245,245" step="2"/><W72/><G72/><T51/><D25/><U78/><E27/><V83/><F83/><W8/><G86/><T71/><D71/><AGARI ba="0,1" hai="4,7,13,18,20,26,30,32,61,62,66,67,70,71" machi="71" ten="30,5800,0" yaku="1,1,7,1,9,1,53,0" doraHai="98" doraHaiUra="118" who="2" fromWho="0" sc="260,-58,240,0,245,68,245,0" /><INIT seed="2,1,0,3,4,27" ten="202,240,313,245" oya="2" hai0="28,31,124,2,132,45,78,94,90,71,24,25,44" hai1="36,80,55,20,17,60,84,38,122,81,18,116,37" hai2="69,10,15,114,126,73,66,8,49,9,11,130,74" hai3="12,65,109,16,131,82,6,75,129,58,47,62,133"/><V113/><F69/><W79/><G109/><T120/><D120/><U29/><E122/><V30/><F66/><W68/><G133/><T53/><D71/><U110/><E110/><V43/><F43/><W127/><G127/><T98/><D2/><U33/><E116/><V118/><F49/><W50/><G6/><T34/><D132/><U117/><E117/><V85/><F85/><W125/><G125/><T93/><D124/><U88/><E33/><V77/><F77/><W91/><G91/><T22/><D78/><U46/><E81/><V128/><F126/><W19/><G68/><T105/><D105/><U21/><E60/><V72/><F30/><W14/><G12/><T54/><REACH who="0" step="1"/><D94/><REACH who="0" ten="192,240,313,245" step="2"/><U48/><REACH who="1" step="1"/><E29/><REACH who="1" ten="192,230,313,245" step="2"/><V70/><F118/><W61/><G131/><N who="2" m="50217" /><F70/><W42/><G129/><T111/><D111/><U1/><E1/><V5/><AGARI ba="1,2" hai="5,8,9,10,11,15,72,73,74,113,114" m="50217" machi="5" ten="40,2100,0" yaku="19,1" doraHai="27" who="2" fromWho="2" sc="192,-8,230,-8,313,44,245,-8" /><INIT seed="2,2,0,0,0,8" ten="184,222,357,237" oya="2" hai0="132,98,119,120,59,82,52,114,127,48,10,5,116" hai1="2,45,40,41,81,44,60,93,29,83,20,47,112" hai2="101,105,16,84,85,74,25,128,31,100,0,11,78" hai3="73,42,122,75,22,57,46,4,18,77,56,123,113"/><V118/><F118/><N who="0" m="45098" /><D114/><U43/><E112/><V28/><F74/><W129/><G113/><T61/><D120/><U66/><E2/><V72/><F72/><W76/><G129/><T58/><D132/><U102/><E102/><V89/><F128/><W49/><G4/><T95/><D127/><U30/><E93/><N who="2" m="54447" /><F105/><W23/><G18/><T94/><D82/><U15/><E81/><N who="2" m="47159" /><F0/><W124/><G124/><T67/><D98/><U53/><E83/><V90/><F90/><W17/><G75/><T80/><D80/><U63/><E66/><V91/><F91/><W62/><G73/><T14/><AGARI ba="2,0" hai="5,10,14,48,52,58,59,61,67,94,95" m="45098" machi="14" ten="30,4000,0" yaku="12,1,52,1,54,1" doraHai="8" who="0" fromWho="0" sc="184,46,222,-12,357,-22,237,-12" /><INIT seed="3,0,0,4,0,33" ten="230,210,335,225" oya="3" hai0="111,90,122,87,94,124,130,2,74,1,83,35,61" hai1="98,9,43,34,5,116,54,89,84,58,22,47,46" hai2="126,31,123,27,81,3,21,6,72,7,57,121,91" hai3="134,45,112,25,96,53,135,30,51,55,11,78,26"/><W62/><G112/><T39/><D122/><N who="2" m="46602" /><F57/><N who="3" m="35119" /><G78/><T41/><D111/><U16/><E34/><V102/><F102/><W4/><G96/><T36/><D130/><U13/><E98/><V97/><F126/><W132/><G30/><T59/><D124/><U24/><E43/><V104/><F104/><W105/><G105/><T128/><D128/><U67/><E67/><V127/><F127/><W50/><G51/><T0/><D41/><U75/><E75/><V29/><F31/><W114/><G114/><T108/><D108/><U80/><REACH who="1" step="1"/><E116/><REACH who="1" ten="230,200,335,225" step="2"/><V88/><F97/><W76/><G76/><T60/><D35/><U68/><E68/><V44/><F72/><W65/><G65/><T117/><D117/><U119/><E119/><V8/><F81/><W82/><G82/><T40/><D40/><U115/><E115/><V12/><F44/><W18/><G18/><T56/><D74/><U52/><E52/><V85/><F85/><W14/><AGARI ba="0,1" hai="4,11,14,25,26,45,50,55,132,134,135" m="35119" machi="14" ten="30,1500,0" yaku="20,1" doraHai="33" who="3" fromWho="3" sc="230,-5,200,-5,335,-5,225,25" /><INIT seed="3,1,0,3,4,23" ten="225,195,330,250" oya="3" hai0="89,115,85,109,121,104,57,87,95,68,32,27,53" hai1="78,22,9,33,77,105,102,91,88,92,42,71,90" hai2="66,17,48,10,81,40,128,13,18,94,103,41,25" hai3="96,34,21,84,133,39,79,130,59,63,6,60,47"/><W43/><G34/><T69/><D121/><U113/><E33/><V120/><F120/><W16/><G133/><T7/><D104/><U74/><E71/><V117/><F117/><W97/><G130/><T111/><D115/><U61/><E113/><V125/><F66/><W127/><G127/><T99/><D7/><U3/><E42/><V62/><F62/><W67/><G6/><T131/><D131/><U108/><E3/><V86/><F125/><W119/><G119/><T65/><D65/><U2/><E2/><V0/><F0/><W20/><G20/><T126/><D126/><U46/><E46/><V35/><F48/><W73/><G73/><T124/><D124/><U19/><E9/><V114/><F114/><W11/><G11/><T37/><D37/><U72/><E61/><V93/><F103/><W30/><G30/><N who="0" m="19551" /><D69/><U135/><E19/><V107/><F107/><W58/><G84/><T110/><D68/><U38/><E22/><N who="2" m="13527" /><F35/><W98/><G79/><N who="1" m="30218" /><E38/><V56/><F128/><W31/><G31/><T101/><D101/><U45/><E135/><V29/><F29/><W64/><G98/><T4/><D4/><U8/><E8/><V83/><F10/><W100/><G100/><T36/><D36/><U50/><E72/><V5/><F5/><W123/><G123/><T80/><D80/><U1/><E74/><V82/><F83/><W75/><G75/><T24/><D24/><AGARI ba="1,0" hai="16,21,24,39,43,47,58,59,60,63,64,67,96,97" machi="24" ten="30,11600,0" yaku="7,1,9,1,52,1,54,1" doraHai="23" who="3" fromWho="0" sc="225,-119,195,0,330,0,250,119" /><INIT seed="3,2,0,5,2,84" ten="106,195,330,369" oya="3" hai0="0,26,96,123,106,129,40,85,48,14,8,119,88" hai1="65,38,19,10,127,16,18,47,22,24,46,63,118" hai2="87,68,52,3,83,115,39,78,92,33,55,5,64" hai3="1,35,108,28,56,23,105,79,116,82,43,74,31"/><W98/><G116/><T11/><D123/><U122/><E118/><V76/><F33/><W15/><G1/><T13/><D119/><U113/><E122/><V12/><F39/><W120/><G120/><T29/><D129/><U86/><E113/><V37/><F37/><W103/><G43/><T130/><D130/><U90/><E127/><V133/><F3/><W117/><G117/><T49/><D0/><U121/><E121/><V110/><F110/><W41/><G41/><T25/><D96/><U62/><E38/><V71/><F64/><W61/><G35/><T111/><D106/><U89/><E86/><V99/><F133/><W53/><G108/><T69/><D69/><U66/><E10/><N who="0" m="3625" /><D111/><U30/><E47/><V107/><F71/><W97/><G98/><T124/><D124/><U91/><E46/><V72/><F68/><W134/><G134/><T34/><D34/><U114/><E114/><V42/><F107/><W126/><G126/><T109/><D109/><U60/><AGARI ba="2,0" hai="16,18,19,22,24,30,60,62,63,65,66,89,90,91" machi="60" ten="40,16000,3" yaku="0,1,29,2,8,1,52,3,54,1" doraHai="84" who="1" fromWho="1" sc="106,-42,195,166,330,-42,369,-82" /><INIT seed="4,0,0,5,1,117" ten="64,361,288,287" oya="0" hai0="33,26,87,11,125,126,109,1,132,73,101,84,36" hai1="67,24,106,108,52,129,25,58,21,15,18,63,77" hai2="66,62,53,54,120,28,17,110,88,48,23,105,59" hai3="74,3,127,89,37,30,45,104,93,135,29,116,112"/><T111/><D36/><U102/><E108/><N who="0" m="41545" /><D73/><U113/><E129/><V90/><F110/><W35/><G45/><T128/><D101/><U94/><E106/><V49/><F28/><W72/><G93/><T61/><D128/><U68/><E113/><V2/><F2/><W131/><G89/><T83/><D132/><U133/><E133/><V60/><F120/><W40/><G104/><T124/><D83/><U8/><E77/><V39/><F39/><W12/><G37/><T4/><D61/><U91/><E102/><V14/><F105/><W20/><G74/><T130/><D130/><U43/><E43/><V56/><REACH who="2" step="1"/><F62/><REACH who="2" ten="64,361,278,287" step="2"/><W10/><G30/><AGARI ba="0,1" hai="1,4,11,26,30,33,84,87,124,125,126" m="41545" machi="30" ten="40,3900,0" yaku="18,1,10,1" doraHai="117" who="0" fromWho="3" sc="64,49,361,0,278,0,287,-39" /><INIT seed="4,1,0,4,5,127" ten="113,361,278,248" oya="0" hai0="34,10,103,21,135,123,13,48,132,12,53,82,116" hai1="95,91,119,1,44,110,23,129,97,121,42,28,14" hai2="114,93,73,126,30,88,36,66,9,85,98,57,84" hai3="61,56,107,133,102,113,19,115,128,118,31,65,40"/><T80/><D116/><U49/><E121/><V104/><F36/><W130/><G118/><T92/><D34/><U75/><E110/><V94/><F126/><W45/><G133/><N who="0" m="51275" /><D123/><U99/><E119/><V55/><F73/><W112/><G31/><T11/><D21/><U72/><E1/><V17/><F104/><W46/><G46/><N who="0" m="27799" /><D103/><U78/><E129/><N who="3" m="49770" /><G19/><N who="0" m="8599" /><D92/><U69/><E95/><V120/><F94/><W117/><G117/><T41/><D41/><U29/><E42/><V43/><F43/><W26/><G26/><T81/><D82/><U35/><E28/><V33/><F30/><W68/><G68/><T3/><D3/><U83/><E29/><V74/><F120/><W2/><G2/><T51/><D51/><U79/><E49/><V67/><F93/><W7/><G7/><AGARI ba="1,0" hai="7,11,13,80,81" m="8599,27799,51275" machi="7" ten="30,1500,0" yaku="20,1" doraHai="127" who="0" fromWho="3" sc="113,18,361,0,278,0,248,-18" /><INIT seed="4,2,0,3,3,39" ten="131,361,278,230" oya="0" hai0="104,75,71,59,82,58,124,43,18,36,81,66,130" hai1="103,6,35,134,74,123,21,64,68,14,46,23,86" hai2="92,49,135,72,38,115,128,57,120,69,29,44,30" hai3="61,93,47,85,8,67,101,45,34,2,83,91,31"/><T42/><D104/><U105/><E123/><V37/><F72/><W10/><G34/><T114/><D36/><U118/><E35/><V20/><F69/><W15/><G31/><T24/><D75/><U12/><E118/><V48/><F115/><W1/><G1/><T65/><D71/><U90/><E134/><V113/><F113/><W33/><G33/><T88/><D114/><U111/><E111/><V116/><F120/><W102/><G2/><T62/><D130/><U127/><E127/><V89/><F135/><W51/><G47/><T97/><D124/><U41/><E74/><V11/><F11/><W32/><G32/><T132/><D132/><U17/><E64/><V0/><F0/><W112/><G93/><N who="0" m="56487" /><D65/><U5/><E68/><V28/><F116/><W73/><G73/><T100/><D100/><U106/><E103/><V25/><F38/><W95/><G112/><T27/><D59/><U78/><E106/><V109/><F109/><W121/><G121/><T9/><D9/><N who="1" m="4143" /><E105/><V94/><F37/><W52/><G95/><T80/><D27/><U55/><E6/><V40/><F128/><W19/><G10/><T87/><D87/><U131/><E131/><V7/><F7/><W4/><G4/><T129/><D129/><U110/><E110/><V133/><F133/><W56/><AGARI ba="2,0" hai="8,15,19,45,51,52,56,61,67,83,85,91,101,102" machi="56" ten="20,12000,2" yaku="0,1,7,1,25,2,8,1,54,1" doraHai="39" who="3" fromWho="3" sc="131,-62,361,-32,278,-32,230,126" /><INIT seed="5,0,0,4,2,132" ten="69,329,246,356" oya="1" hai0="108,107,122,95,30,47,128,1,105,12,118,65,26" hai1="104,100,51,3,22,90,133,75,79,0,84,72,35" hai2="37,124,44,57,71,33,115,52,83,134,15,62,110" hai3="94,24,28,92,99,96,80,34,21,125,2,13,87"/><U45/><E35/><V10/><F110/><W111/><G2/><T46/><D108/><U58/><E133/><V9/><F33/><W70/><G70/><T131/><D118/><U60/><E22/><V68/><F134/><W63/><G63/><T109/><D109/><U11/><E104/><V64/><F10/><W43/><G43/><T88/><D1/><U120/><E100/><V19/><F115/><W40/><G40/><T67/><D12/><U39/><E39/><V113/><F113/><W129/><G129/><T91/><D95/><U56/><E120/><V27/><F27/><W103/><G125/><T50/><D50/><U77/><E11/><V38/><F124/><W73/><G73/><T18/><D26/><U25/><E25/><V106/><F106/><W42/><G42/><T74/><D18/><U86/><E51/><N who="2" m="28775" /><F71/><W36/><G36/><T29/><REACH who="0" step="1"/><D74/><REACH who="0" ten="59,329,246,356" step="2"/><N who="1" m="28203" /><E0/><V82/><F38/><W8/><G111/><T98/><D98/><U48/><E3/><V117/><F117/><W126/><G34/><T112/><D112/><U116/><E116/><V53/><F37/><W59/><G99/><T76/><D76/><N who="1" m="29259" /><E60/><V6/><F19/><W93/><G96/><T78/><D78/><U41/><E86/><V89/><F62/><W23/><G87/><T17/><D17/><U135/><E135/><V55/><F15/><W54/><G13/><T101/><D101/><U85/><E85/><V81/><F83/><W114/><G80/><T4/><D4/><U102/><E102/><V123/><F82/><W32/><G103/><T97/><D97/><U49/><E49/><RYUUKYOKU ba="0,1" sc="59,15,329,15,246,-15,356,-15" hai0="29,30,46,47,65,67,88,91,105,107,122,128,131" hai1="41,45,48,56,58,84,90" /><INIT seed="5,1,1,3,2,2" ten="74,344,231,341" oya="1" hai0="43,20,50,133,31,81,47,97,76,73,32,9,46" hai1="8,90,23,26,22,101,85,131,19,120,44,92,40" hai2="93,4,103,114,14,110,86,111,105,38,3,104,41" hai3="112,15,91,127,82,95,96,21,49,7,1,116,106"/><U118/><E118/><V126/><F14/><W89/><G1/><T122/><D133/><U128/><E120/><V28/><F28/><W83/><G106/><N who="2" m="41065" /><F41/><W117/><G112/><T84/><D122/><U134/><E134/><V125/><F38/><W53/><G127/><N who="2" m="48649" /><F114/><W129/><G129/><N who="1" m="49738" /><E101/><V59/><F59/><W37/><G37/><T67/><D97/><U107/><E107/><V33/><F33/><W98/><G117/><T87/><D32/><U132/><E132/><V75/><F75/><W121/><G121/><T56/><D47/><U115/><E115/><V66/><F66/><W6/><G116/><T18/><D31/><U77/><E26/><V25/><F25/><W30/><G83/><T27/><D67/><U79/><E8/><N who="2" m="2079" /><F103/><W57/><G30/><T34/><D34/><U124/><E124/><V12/><F12/><W72/><G72/><T60/><D60/><U102/><E102/><V70/><F70/><W39/><G39/><T48/><D56/><U24/><E22/><V64/><F64/><W16/><G98/><T63/><D63/><U0/><E0/><V58/><F58/><W29/><G29/><T55/><D9/><U61/><E61/><V123/><F123/><W5/><G7/><T36/><D50/><AGARI ba="1,1" hai="19,23,24,40,44,50,77,79,85,90,92" m="49738" machi="50" ten="30,1500,0" yaku="19,1" doraHai="2" who="1" fromWho="0" sc="74,-18,344,28,231,0,341,0" /><INIT seed="5,2,0,3,0,14" ten="56,372,231,341" oya="1" hai0="132,21,38,93,34,41,104,55,103,115,94,98,39" hai1="77,107,22,71,121,11,51,33,119,95,48,117,81" hai2="42,31,36,110,24,2,108,111,17,113,79,64,1" hai3="83,72,125,76,15,78,6,135,99,62,4,100,40"/><U130/><E121/><V105/><F64/><W106/><G135/><T18/><D132/><U97/><E71/><V57/><F57/><W10/><G125/><T74/><D115/><U50/><E33/><V28/><F79/><W91/><G78/><T45/><D34/><U43/><E107/><V7/><F42/><W3/><G3/><N who="2" m="1033" /><F36/><W120/><G120/><T114/><D114/><U131/><E11/><V52/><F52/><W9/><G40/><T126/><D126/><U13/><E43/><V73/><F73/><W128/><G128/><N who="1" m="49194" /><E13/><V116/><F105/><W129/><G129/><T67/><D39/><U70/><E22/><N who="2" m="13391" /><F113/><W12/><G91/><T68/><D74/><N who="1" m="43191" /><E70/><V82/><F82/><W8/><G8/><T124/><D124/><U80/><E80/><V127/><F127/><W27/><G62/><T109/><D109/><U92/><E92/><V86/><F111/><W58/><G58/><T134/><D134/><U84/><E84/><V29/><F86/><W44/><G44/><T19/><D55/><U65/><E65/><V37/><F110/><W133/><G133/><T26/><REACH who="0" step="1"/><D19/><REACH who="0" ten="46,372,231,341" step="2"/><U85/><E119/><V118/><F108/><W0/><G0/><T25/><D25/><AGARI ba="2,1" hai="4,6,9,10,12,15,25,27,72,76,83,99,100,106" machi="25" ten="40,1300,0" yaku="9,1" doraHai="14" who="3" fromWho="0" sc="46,-19,372,0,231,0,341,29" /><INIT seed="6,0,0,3,4,28" ten="27,372,231,370" oya="2" hai0="91,32,33,70,107,121,61,135,73,15,119,89,68" hai1="90,130,25,17,39,50,77,6,72,76,2,87,22" hai2="69,114,64,45,1,59,133,126,8,105,20,67,124" hai3="35,115,55,129,43,86,81,3,65,112,98,30,9"/><V74/><F105/><W0/><G129/><T46/><D121/><U102/><E39/><V51/><F74/><W62/><G43/><T58/><D73/><U132/><E130/><V23/><F59/><W88/><G55/><T120/><D120/><U49/><E132/><V97/><F97/><W84/><G98/><T38/><D15/><U40/><E102/><V16/><F114/><N who="3" m="43563" /><G9/><T110/><D110/><U82/><E76/><V92/><F92/><N who="3" m="54279" /><G30/><T52/><D135/><U41/><E6/><V48/><F8/><W53/><G53/><T122/><D122/><U57/><E2/><V4/><F1/><W24/><G24/><T42/><D107/><U100/><E100/><V79/><F133/><W34/><G3/><T60/><D119/><U27/><E27/><V118/><F118/><W131/><G131/><T99/><D91/><U18/><E41/><V108/><F108/><W19/><G19/><T44/><D44/><U54/><E40/><V117/><F45/><W21/><G21/><T66/><REACH who="0" step="1"/><D70/><REACH who="0" ten="17,372,231,370" step="2"/><U29/><E50/><V104/><F51/><W103/><G0/><T47/><D47/><U7/><E49/><V37/><F48/><W13/><G13/><T14/><D14/><U93/><E7/><V78/><F4/><W125/><G103/><T96/><D96/><U63/><AGARI ba="0,1" hai="17,18,22,25,29,54,57,63,72,77,82,87,90,93" machi="63" ten="20,1500,0" yaku="0,1,7,1" doraHai="28" who="1" fromWho="1" sc="17,-4,372,25,231,-7,370,-4" /><INIT seed="7,0,0,0,4,22" ten="13,397,224,366" oya="3" hai0="28,84,66,91,120,3,47,49,6,92,46,113,90" hai1="103,101,19,20,108,85,89,50,69,56,65,59,10" hai2="36,74,128,43,117,104,100,129,118,130,57,14,24" hai3="88,13,121,8,11,133,80,62,7,110,26,73,125"/><W109/><G121/><T29/><D120/><U135/><E108/><N who="3" m="41578" /><G133/><T18/><D66/><U0/><E135/><V83/><F14/><N who="3" m="5407" /><G125/><T48/><D6/><U78/><E78/><V63/><F100/><W33/><G62/><T123/><D3/><U131/><E131/><V5/><F5/><N who="3" m="3311" /><G73/><T86/><D123/><U30/><E69/><V32/><F104/><W27/><G33/><T16/><REACH who="0" step="1"/><D113/><REACH who="0" ten="3,397,224,366" step="2"/><U115/><E115/><V124/><F130/><W94/><G80/><T21/><D21/><U44/><E20/><V23/><F23/><W75/><G75/><T53/><D53/><U105/><E65/><V119/><F129/><W107/><G107/><T127/><D127/><U99/><E105/><V64/><F128/><W42/><G42/><T12/><D12/><U41/><E41/><V4/><F4/><W93/><G93/><AGARI ba="0,1" hai="16,18,28,29,46,47,48,49,84,86,90,91,92,93" machi="93" ten="25,8000,1" yaku="1,1,22,2,8,1,54,1,53,0" doraHai="22" doraHaiUra="35" who="0" fromWho="3" sc="3,90,397,0,224,0,366,-80" owari="93,-40.7,397,49.7,224,-17.6,286,8.6" /></mjloggm>