<mjloggm ver="2.3"><GO type="41" lobby="0"/><UN n0="%E3%82%BB%E3%83%BB%E3%83%A9%E3%83%B4%E3%82%A3" n1="%E2%93%9D%4C%75%63%6B%79%4A" n2="%E3%81%8B%E3%81%84%E3%81%97%E3%82%93" n3="%E9%96%A2%E6%9D%B1%E3%81%AE%E9%BB%92%E6%BE%A4" dan="14,16,15,15" rate="1906.28,2144.51,1992.64,1974.36" sx="M,M,M,M"/><TAIKYOKU oya="0"/><INIT seed="0,0,0,5,3,10" ten="250,250,250,250" oya="0" hai0="41,110,71,73,123,31,79,17,105,29,66,13,23" hai1="135,106,42,116,8,124,104,30,85,5,11,60,130" hai2="46,74,34,37,35,28,128,32,19,78,72,62,129" hai3="90,20,69,97,45,80,56,120,112,22,25,57,7"/><T117/><D117/><U96/><E116/><V95/><F62/><W48/><G112/><T77/><D123/><U82/><E124/><V49/><F37/><W134/><G69/><T93/><D105/><U50/><E11/><V103/><F78/><W44/><G134/><T118/><D118/><U6/><E6/><V91/><F103/><W18/><G120/><T132/><D41/><U83/><E83/><V113/><F113/><W101/><G7/><T3/><D3/><U15/><E30/><V12/><F28/><W0/><G0/><T61/><D132/><U87/><E87/><V4/><F4/><W68/><G68/><T47/><D47/><N who="1" m="25975" /><E130/><N who="2" m="50283" /><F46/><W38/><G38/><T24/><D31/><U39/><E39/><V109/><F49/><W84/><G22/><T119/><D119/><U107/><E60/><V59/><F59/><W76/><G76/><T89/><D73/><U26/><E26/><V86/><F109/><W33/><G33/><N who="2" m="8449" /><V131/><N who="2" m="50291" /><DORA hai="58" /><V36/><DORA hai="121" /><F36/><W126/><G126/><T81/><D81/><U40/><E135/><V63/><F63/><W75/><G75/><T99/><REACH who="0" step="1"/><D110/><REACH who="0" ten="240,250,250,250" step="2"/><U27/><E40/><V9/><AGARI ba="0,1" hai="9,12,19,72,74,86,91,95" m="8449,50291" machi="9" ten="60,4000,0" yaku="19,1,52,1" doraHai="10,58,121" who="2" fromWho="2" sc="240,-20,250,-10,250,50,250,-10" /><INIT seed="1,0,0,1,4,52" ten="220,240,300,240" oya="1" hai0="96,22,111,81,103,67,49,128,88,39,61,116,92" hai1="31,89,64,93,33,95,82,25,99,29,130,21,2" hai2="83,97,133,63,58,70,54,94,120,105,59,35,26" hai3="5,104,115,27,112,40,14,91,57,126,8,62,127"/><U98/><E130/><V119/><F120/><W16/><G104/><T78/><D116/><U131/><E131/><V56/><F119/><W7/><G40/><T47/><D111/><U123/><E123/><V51/><F133/><W107/><G107/><T121/><D39/><U19/><E2/><V36/><F36/><W76/><G76/><T129/><D121/><U30/><E64/><N who="2" m="41247" /><F94/><W34/><G91/><T102/><D22/><U13/><REACH who="1" step="1"/><E82/><REACH who="1" ten="220,230,300,240" step="2"/><V44/><F83/><W20/><G34/><T38/><D128/><U0/><E0/><V55/><F44/><W24/><G24/><T41/><D129/><U6/><E6/><V110/><F110/><W53/><REACH who="3" step="1"/><G5/><REACH who="3" ten="220,230,300,230" step="2"/><T86/><REACH who="0" step="1"/><D38/><REACH who="0" ten="210,230,300,230" step="2"/><U11/><E11/><V79/><F79/><W12/><G12/><T118/><D118/><U66/><E66/><V85/><F26/><W17/><G17/><T106/><D106/><U9/><E9/><V37/><F105/><W125/><AGARI ba="0,3" hai="7,8,14,16,20,27,53,57,62,112,115,125,126,127" machi="125" ten="30,8000,1" yaku="1,1,0,1,18,1,52,1,54,1,53,0" doraHai="52" doraHaiUra="46" who="3" fromWho="3" sc="210,-20,230,-40,300,-20,230,110" /><INIT seed="2,0,0,0,3,78" ten="190,190,280,340" oya="2" hai0="28,48,89,115,31,103,128,132,106,42,96,64,123" hai1="35,13,72,95,11,82,81,67,47,56,61,98,2" hai2="113,87,121,119,40,34,15,33,10,53,84,127,129" hai3="59,88,101,110,24,100,86,0,36,77,118,7,12"/><V76/><F121/><W65/><G118/><T75/><D115/><U94/><E2/><V125/><F119/><W135/><G36/><T27/><D31/><U23/><E35/><V91/><F113/><W30/><G0/><T54/><D42/><U22/><E72/><V46/><F129/><W80/><G110/><T102/><D102/><U51/><E23/><V105/><F105/><W126/><G126/><N who="2" m="48137" /><F53/><W18/><G7/><T117/><D75/><U58/><E22/><V52/><F76/><W14/><G135/><T41/><D41/><N who="1" m="25071" /><E58/><V16/><F87/><N who="3" m="48527" /><G30/><T38/><D38/><U93/><E98/><V60/><F40/><W68/><G68/><T83/><D132/><U116/><E116/><V133/><F133/><W26/><G100/><T3/><D3/><U9/><E11/><V6/><F6/><AGARI ba="0,0" hai="6,9,13,56,61,67,81,82,93,94,95" m="25071" machi="6" ten="30,3900,0" yaku="8,1,52,2" doraHai="78" who="1" fromWho="2" sc="190,0,190,39,280,-39,340,0" /><INIT seed="3,0,0,1,2,17" ten="190,229,241,340" oya="3" hai0="22,134,52,28,126,133,76,81,118,41,82,78,85" hai1="100,32,7,125,91,26,60,108,64,13,97,6,93" hai2="0,111,74,11,49,75,96,56,44,72,98,55,20" hai3="65,4,70,5,43,9,66,3,30,25,29,106,122"/><W31/><G122/><T50/><D118/><U10/><E108/><V59/><F111/><W36/><G106/><T37/><D126/><U99/><E125/><V67/><F0/><W48/><G36/><T92/><D92/><U53/><E53/><V86/><F11/><W14/><G70/><T90/><D41/><U19/><E32/><V8/><F8/><W123/><G123/><T130/><D37/><U57/><REACH who="1" step="1"/><E26/><REACH who="1" ten="190,219,241,340" step="2"/><V104/><F67/><W69/><G25/><N who="0" m="16439" /><D130/><U51/><E51/><V68/><F68/><W54/><G48/><T119/><D119/><U88/><E88/><V80/><F104/><AGARI ba="0,1" hai="6,7,10,13,19,57,60,64,91,93,97,99,100,104" machi="104" ten="30,2000,0" yaku="1,1,7,1,53,0" doraHai="17" doraHaiUra="40" who="1" fromWho="2" sc="190,0,219,30,241,-20,340,0" /><INIT seed="4,0,0,1,3,83" ten="190,249,221,340" oya="0" hai0="80,6,20,129,0,26,96,119,131,76,86,92,53" hai1="99,28,135,84,128,33,62,75,41,97,50,106,45" hai2="115,94,43,118,95,100,34,52,120,42,132,63,15" hai3="117,17,126,124,116,55,13,113,133,38,88,112,12"/><T81/><D119/><N who="3" m="45641" /><G38/><T65/><D65/><U74/><E128/><V16/><F120/><W82/><G55/><T37/><D37/><U49/><E33/><V90/><F118/><W11/><G133/><T110/><D110/><U32/><E32/><V30/><F132/><W123/><G123/><T101/><D6/><U73/><E28/><V10/><F115/><N who="3" m="44107" /><G13/><T44/><D0/><U47/><E106/><V127/><F127/><W27/><G27/><T93/><D93/><N who="2" m="35338" /><F34/><W91/><G91/><T54/><D81/><U39/><E39/><V56/><F30/><W87/><AGARI ba="0,0" hai="11,12,17,82,87,88,124,126" m="44107,45641" machi="87" ten="40,5200,0" yaku="15,1,52,1,54,1" doraHai="83" who="3" fromWho="3" sc="190,-26,249,-13,221,-13,340,52" /><INIT seed="5,0,0,1,0,48" ten="164,236,208,392" oya="1" hai0="42,109,123,51,129,11,80,135,89,40,67,12,87" hai1="36,61,22,133,24,25,88,53,130,110,68,49,66" hai2="72,63,81,86,0,108,73,21,64,15,69,92,126" hai3="128,120,10,57,131,41,119,20,98,78,2,85,99"/><U125/><E36/><V127/><F108/><W16/><G120/><T65/><D109/><U91/><E110/><V38/><F0/><W105/><G119/><T59/><D129/><N who="3" m="49737" /><G105/><T47/><D135/><U27/><E130/><V17/><F38/><W112/><G41/><T23/><D123/><U132/><E22/><V114/><F92/><W90/><G78/><T50/><D23/><U5/><E5/><V104/><F104/><W82/><G112/><T106/><D106/><U9/><E9/><V28/><F28/><W45/><G45/><T4/><D42/><U115/><E125/><N who="2" m="47627" /><F114/><W118/><G118/><T8/><D8/><U14/><E14/><V79/><AGARI ba="0,0" hai="15,17,21,63,64,69,72,73,79,81,86" m="47627" machi="79" ten="30,1100,0" yaku="18,1" doraHai="48" who="2" fromWho="2" sc="164,-3,236,-5,208,11,392,-3" /><INIT seed="6,0,0,5,3,23" ten="161,231,219,389" oya="2" hai0="121,52,42,102,64,41,111,116,134,130,33,34,55" hai1="107,53,59,29,135,25,31,93,118,105,47,129,95" hai2="39,120,133,54,14,28,51,98,115,70,85,44,128" hai3="46,30,113,82,66,19,117,78,109,20,124,15,32"/><V88/><F120/><W2/><G117/><T36/><D116/><U101/><E118/><V27/><F115/><W81/><G109/><T67/><D111/><U99/><E31/><V87/><F133/><W9/><G124/><T126/><D102/><U69/><E69/><V1/><F1/><W49/><G66/><T10/><D126/><U122/><E122/><V35/><F128/><W50/><G113/><T60/><D121/><U119/><E119/><V76/><F70/><W5/><G46/><T84/><D84/><U127/><E135/><V103/><F39/><W6/><G6/><T114/><D134/><U37/><E107/><V4/><F76/><W18/><G18/><T7/><D114/><U108/><E129/><V26/><F26/><N who="3" m="18519" /><G81/><T61/><D7/><U3/><E127/><V91/><F87/><AGARI ba="0,0" hai="2,5,9,15,19,20,49,50,78,82,87" m="18519" machi="87" ten="30,2000,0" yaku="24,1,52,1" doraHai="23" who="3" fromWho="2" sc="161,0,231,0,219,-20,389,20" /><INIT seed="7,0,0,5,2,135" ten="161,231,199,409" oya="3" hai0="79,82,24,120,100,132,52,105,133,75,85,36,37" hai1="107,118,15,21,14,68,61,121,42,12,0,78,5" hai2="96,122,35,74,16,44,124,99,2,69,103,38,64" hai3="34,84,56,32,125,28,117,93,48,50,111,73,115"/><W26/><G73/><T65/><D120/><U88/><E78/><V11/><F122/><W94/><G84/><T1/><D1/><U49/><E107/><V114/><F74/><W6/><G56/><T9/><D9/><U90/><E68/><V60/><F35/><W13/><G48/><T33/><D85/><U134/><E134/><V57/><F114/><W102/><G50/><T101/><D101/><U71/><E71/><V97/><F124/><W126/><G93/><T47/><D52/><U108/><E61/><V83/><F83/><W86/><G86/><T30/><D132/><U43/><E49/><V89/><F89/><N who="1" m="34409" /><E5/><V91/><F91/><W123/><G6/><T67/><D67/><U45/><E45/><V66/><F66/><W7/><G7/><T3/><D3/><U104/><E104/><V8/><F2/><W130/><G32/><T63/><D47/><U55/><E55/><V31/><F44/><W95/><G102/><T46/><D46/><U25/><E0/><V39/><F69/><W19/><G34/><T112/><D112/><U27/><E118/><V54/><F31/><W22/><G117/><T129/><D133/><U109/><E121/><V76/><F76/><W116/><G123/><T51/><D51/><U40/><E21/><V113/><F113/><W92/><G115/><T53/><D53/><U23/><E23/><V20/><F64/><W29/><G22/><T87/><D87/><U80/><E80/><V127/><F103/><W77/><G116/><T98/><D129/><U62/><E62/><V81/><F60/><W41/><G130/><RYUUKYOKU ba="0,0" sc="161,15,231,15,199,-15,409,-15" hai0="24,30,33,36,37,63,65,75,79,82,98,100,105" hai1="12,14,15,25,27,40,42,43,108,109" owari="176,-32.4,246,4.6,184,-21.6,394,49.4" /></mjloggm>