<mjloggm ver="2.3"><GO type="41" lobby="0"/><UN n0="%E2%93%9D%4C%75%63%6B%79%4A" n1="%E3%81%82%E3%82%84%E3%81%A6%E3%81%83%E3%83%BC" n2="%62%70%6F%73%61%73%31" n3="%E7%90%86%E8%AB%96%E5%8A%9B%E5%AD%A6" dan="17,14,15,15" rate="2148.63,1950.88,2012.39,2113.62" sx="M,M,M,M"/><TAIKYOKU oya="0"/><INIT seed="0,0,0,0,5,43" ten="250,250,250,250" oya="0" hai0="20,3,45,78,11,64,98,126,49,50,53,119,51" hai1="83,39,103,40,16,30,88,21,93,81,62,48,82" hai2="124,36,131,7,73,91,85,8,25,120,63,19,70" hai3="113,69,14,89,33,109,115,110,130,42,4,46,92"/><T90/><D119/><U101/><E39/><V22/><F120/><W117/><G69/><T76/><D126/><U96/><E30/><V95/><F131/><W24/><G130/><T54/><D64/><U94/><E62/><V5/><F124/><W111/><G117/><T107/><D3/><U105/><E105/><V60/><F36/><N who="3" m="21831" /><G33/><T15/><D20/><U87/><E40/><V35/><F73/><W23/><G14/><T41/><D107/><U77/><E48/><V74/><F74/><W44/><G44/><N who="0" m="28007" /><D98/><U133/><E133/><V84/><F70/><W66/><G4/><N who="0" m="3559" /><D90/><N who="1" m="55351" /><E77/><V12/><F35/><W112/><G66/><T97/><D97/><U2/><E2/><V118/><F118/><W52/><G52/><T121/><D121/><U68/><E68/><V59/><F85/><N who="3" m="52271" /><G115/><T116/><D116/><U10/><E10/><V55/><REACH who="2" step="1"/><F60/><REACH who="2" ten="250,250,240,250" step="2"/><W61/><G61/><T132/><D132/><U31/><E31/><AGARI ba="0,1" hai="5,7,8,12,19,22,25,31,55,59,63,84,91,95" machi="31" ten="30,7700,0" yaku="1,1,2,1,7,1,8,1,53,0" doraHai="43" doraHaiUra="34" who="2" fromWho="1" sc="250,0,250,-77,240,87,250,0" /><AGARI ba="0,0" hai="23,24,31,109,110,111,112,113" m="52271,21831" machi="31" ten="30,2000,0" yaku="14,1,52,1" doraHai="43" who="3" fromWho="1" sc="250,0,173,-20,327,0,250,20" /><INIT seed="1,0,0,1,4,56" ten="250,153,327,270" oya="1" hai0="63,10,40,74,47,17,23,11,50,46,15,18,1" hai1="79,71,77,43,69,58,36,135,27,96,75,84,92" hai2="49,93,5,62,51,0,103,91,67,118,113,64,34" hai3="28,126,109,122,130,129,3,132,7,87,98,76,86"/><U32/><E75/><V16/><F118/><W37/><G37/><T24/><D74/><U119/><E119/><V45/><F34/><W116/><G3/><T82/><D1/><U90/><E135/><V44/><F103/><W12/><G7/><T78/><D47/><U107/><E36/><V72/><F72/><W100/><G12/><T13/><D82/><U117/><E43/><V68/><F113/><W94/><G28/><T121/><D121/><U53/><E117/><V115/><F115/><W41/><G41/><T85/><D85/><U22/><E32/><V54/><F67/><W128/><G116/><T57/><D78/><U108/><E108/><V125/><F125/><W101/><G109/><T66/><REACH who="0" step="1"/><D24/><REACH who="0" ten="240,153,327,270" step="2"/><U104/><E79/><V25/><F0/><W65/><G122/><T9/><AGARI ba="0,1" hai="9,10,11,13,15,17,18,23,40,46,50,57,63,66" machi="9" ten="20,12000,2" yaku="1,1,2,1,0,1,7,1,8,1,52,1,53,0" doraHai="56" doraHaiUra="83" who="0" fromWho="0" sc="240,130,153,-60,327,-30,270,-30" /><INIT seed="2,0,0,0,4,34" ten="370,93,297,240" oya="2" hai0="23,125,64,114,53,83,87,92,56,15,123,109,106" hai1="44,107,96,80,33,75,54,55,7,67,128,116,42" hai2="121,129,76,26,120,71,50,18,91,20,62,89,70" hai3="21,72,1,16,100,110,46,105,12,132,51,63,118"/><V49/><F129/><W90/><G118/><T48/><D106/><U131/><E116/><V88/><F76/><W99/><G110/><T57/><D114/><U124/><E67/><V98/><F98/><W11/><G132/><T79/><D125/><U43/><E33/><V65/><REACH who="2" step="1"/><F70/><REACH who="2" ten="370,93,287,240" step="2"/><W31/><G72/><T85/><D79/><U117/><E117/><V103/><F103/><W94/><G100/><T32/><D87/><U86/><E75/><V82/><F82/><W10/><G99/><T122/><D83/><U5/><E96/><V95/><F95/><W29/><G94/><T22/><D92/><U73/><E73/><V27/><F27/><W2/><G90/><T19/><D123/><AGARI ba="0,1" hai="18,20,26,49,50,62,65,71,88,89,91,120,121,123" machi="123" ten="40,3900,0" yaku="1,1,54,1,53,0" doraHai="34" doraHaiUra="102" who="2" fromWho="0" sc="370,-39,93,0,287,49,240,0" /><INIT seed="2,1,0,1,4,52" ten="331,93,336,240" oya="2" hai0="40,66,95,133,23,69,37,47,102,91,130,16,45" hai1="27,90,18,39,88,109,124,55,29,71,128,81,131" hai2="25,35,53,97,21,75,76,108,73,113,78,79,59" hai3="2,38,12,17,115,51,135,118,64,26,42,48,50"/><V132/><F113/><W44/><G118/><T46/><D133/><U3/><E39/><V28/><F132/><W89/><G135/><T15/><D102/><U101/><E3/><V80/><F108/><W20/><G2/><T62/><REACH who="0" step="1"/><D130/><REACH who="0" ten="321,93,336,240" step="2"/><U13/><E101/><V1/><F75/><W92/><G115/><T104/><D104/><U24/><E109/><V85/><F73/><W94/><G64/><T123/><D123/><U31/><E128/><V14/><F35/><W114/><G114/><T43/><D43/><U84/><E131/><V72/><F72/><W8/><REACH who="3" step="1"/><G89/><REACH who="3" ten="321,93,336,230" step="2"/><T125/><D125/><U19/><E124/><V5/><F78/><W34/><G34/><T116/><D116/><U11/><E90/><V33/><F79/><W105/><G105/><T82/><D82/><U134/><E134/><V57/><F33/><W58/><G58/><T93/><D93/><U77/><E77/><V6/><F59/><W111/><G111/><T87/><AGARI ba="1,2" hai="15,16,23,37,40,45,46,47,62,66,69,87,91,95" machi="87" ten="20,8000,1" yaku="1,1,0,1,7,1,54,1,53,1" doraHai="52" doraHaiUra="61" who="0" fromWho="0" sc="321,103,93,-21,336,-41,230,-21" /><INIT seed="3,0,0,2,2,27" ten="424,72,295,209" oya="3" hai0="88,64,133,42,15,118,26,17,135,31,117,72,80" hai1="76,32,122,129,81,8,41,53,6,89,24,69,36" hai2="103,83,67,18,94,29,0,37,35,119,4,128,55" hai3="49,11,102,51,58,123,132,127,121,39,61,100,112"/><W60/><G112/><T111/><D64/><U73/><E122/><V90/><F119/><N who="0" m="45578" /><D42/><U68/><E53/><V98/><F37/><W82/><G11/><N who="0" m="6399" /><D80/><U85/><E129/><V126/><F126/><W124/><G82/><T114/><D72/><U87/><E87/><V5/><F18/><W104/><G104/><T105/><D105/><U19/><E19/><V20/><F20/><W48/><G39/><T43/><D43/><U125/><E125/><N who="3" m="48202" /><G132/><N who="0" m="50763" /><D88/><U2/><E85/><V30/><F90/><W108/><G108/><T13/><D13/><U78/><E89/><V25/><F83/><W9/><G9/><T131/><D131/><U22/><E22/><V97/><F128/><W134/><G134/><T21/><D114/><U33/><E78/><V14/><F14/><W44/><G44/><T84/><D84/><U63/><E63/><N who="3" m="24138" /><G58/><T120/><D120/><AGARI ba="0,0" hai="48,49,51,100,102,120,121,123" m="24138,48202" machi="120" ten="40,7700,0" yaku="28,2,18,1" doraHai="27" who="3" fromWho="0" sc="424,-77,72,0,295,0,209,77" /><INIT seed="3,1,0,1,1,78" ten="347,72,295,286" oya="3" hai0="63,111,119,61,93,77,27,102,51,5,127,32,14" hai1="42,132,4,96,49,33,18,108,76,129,44,57,104" hai2="88,105,8,131,60,48,89,34,65,100,10,90,29" hai3="25,73,53,36,135,123,68,116,83,101,74,37,80"/><W81/><G116/><T20/><D119/><U50/><E108/><V125/><F131/><W118/><G118/><T24/><D32/><U66/><E33/><V54/><F125/><W86/><G123/><T15/><D77/><U113/><E113/><V47/><F100/><W126/><G68/><T106/><D106/><U21/><E132/><V0/><F105/><W97/><G126/><T115/><D51/><U11/><E129/><V3/><F29/><W62/><G86/><T22/><D5/><U69/><E69/><V85/><F34/><W12/><G135/><T31/><D111/><U6/><E76/><V1/><REACH who="2" step="1"/><F85/><REACH who="2" ten="347,72,285,286" step="2"/><W95/><G73/><T92/><D127/><U13/><E104/><V109/><F109/><W103/><G74/><T112/><D102/><U9/><E96/><V38/><F38/><W30/><G36/><T7/><D7/><N who="1" m="2603" /><E49/><V71/><AGARI ba="1,1" hai="0,1,3,8,10,47,48,54,60,65,71,88,89,90" machi="71" ten="40,5200,0" yaku="1,1,0,1,54,1,53,0" doraHai="78" doraHaiUra="39" who="2" fromWho="2" sc="347,-14,72,-14,285,65,286,-27" /><INIT seed="4,0,0,0,3,27" ten="333,58,350,259" oya="0" hai0="121,83,80,67,1,22,104,13,77,96,64,93,86" hai1="113,102,0,116,70,6,123,59,128,122,108,43,55" hai2="109,95,14,120,91,135,32,60,61,42,90,75,119" hai3="69,87,54,35,12,56,106,78,132,49,3,89,10"/><T34/><D34/><U100/><E43/><V111/><F120/><W45/><G69/><T17/><D1/><U94/><E70/><V21/><F32/><W101/><G132/><T37/><D104/><U9/><E108/><V48/><F75/><W29/><G3/><T85/><D37/><U126/><E116/><V66/><F135/><W53/><G78/><T98/><D121/><U8/><E126/><V133/><F133/><W36/><G101/><T11/><D11/><U130/><E113/><V118/><F42/><W82/><G106/><T38/><D38/><U79/><E79/><V125/><F48/><W73/><G73/><T105/><D105/><U39/><E39/><V84/><F125/><W88/><G35/><T46/><D46/><U31/><E31/><V92/><F21/><W76/><G29/><T110/><D98/><N who="1" m="59479" /><E102/><V50/><F50/><W24/><G24/><T30/><D30/><U115/><E8/><V124/><F14/><W2/><G2/><T72/><D110/><U18/><E18/><V23/><F23/><W65/><G65/><T51/><D51/><N who="1" m="31231" /><E115/><V28/><F28/><W131/><G131/><AGARI ba="0,0" hai="0,6,9,122,123,128,130,131" m="31231,59479" machi="131" ten="30,1000,0" yaku="19,1" doraHai="27" who="1" fromWho="3" sc="333,0,58,10,350,0,259,-10" /><INIT seed="5,0,0,3,5,12" ten="333,68,350,249" oya="1" hai0="59,38,97,25,112,49,8,119,28,26,19,134,86" hai1="56,99,75,90,13,71,9,41,55,6,106,54,81" hai2="123,11,95,62,82,108,32,110,114,52,130,5,64" hai3="76,127,72,16,77,100,60,48,70,87,89,27,4"/><U128/><E71/><V104/><F123/><W116/><G72/><T135/><D38/><U121/><E121/><V36/><F104/><W85/><G127/><T83/><D119/><U88/><E128/><V46/><F32/><W57/><G100/><T42/><D97/><U122/><E122/><V24/><F130/><W126/><G126/><T30/><D42/><U80/><E41/><V43/><F114/><W102/><G102/><T115/><D59/><U31/><E106/><V124/><F82/><W20/><G4/><T132/><D49/><U22/><E55/><V117/><F117/><W98/><G116/><T58/><D58/><U74/><E74/><V17/><F124/><W109/><G109/><T45/><D45/><U35/><E35/><V92/><F52/><N who="3" m="33831" /><G48/><T101/><D101/><U125/><E125/><V51/><F51/><W91/><G70/><T103/><D103/><U37/><E37/><V0/><F110/><W3/><G3/><T53/><D53/><U120/><E120/><V111/><F111/><W44/><G44/><T34/><D83/><N who="1" m="31819" /><E99/><V61/><F61/><W18/><G98/><T113/><D86/><N who="3" m="32777" /><G76/><T94/><D94/><U105/><E105/><V67/><F67/><W66/><G66/><T14/><D115/><U33/><E75/><V96/><F96/><W78/><G78/><T21/><AGARI ba="0,0" hai="8,14,19,21,25,26,28,30,34,112,113,132,134,135" machi="21" ten="40,12000,2" yaku="0,1,20,1,34,3,52,1" doraHai="12" who="0" fromWho="0" sc="333,120,68,-60,350,-30,249,-30" /><INIT seed="6,0,0,2,4,68" ten="453,8,320,219" oya="2" hai0="13,4,76,26,24,50,101,105,111,9,25,29,1" hai1="46,3,17,97,15,119,19,34,132,83,38,54,110" hai2="49,85,109,53,79,12,107,106,73,71,129,67,70" hai3="117,7,65,135,121,52,134,126,42,87,88,66,103"/><V36/><F129/><W127/><G117/><T6/><D76/><U98/><E110/><V84/><F73/><W100/><G121/><T82/><D82/><U115/><E119/><V14/><F109/><W45/><G7/><T78/><D78/><U20/><E115/><V72/><F72/><W80/><G65/><T31/><D50/><U22/><E132/><N who="3" m="50730" /><G66/><T116/><D101/><N who="3" m="38985" /><G42/><T133/><D105/><U41/><E34/><V122/><F122/><W77/><G77/><T5/><D133/><U57/><E83/><V10/><F67/><W124/><G45/><T55/><D55/><AGARI ba="0,0" hai="52,55,80,87,88,124,126,127" m="38985,50730" machi="55" ten="40,8000,1" yaku="18,1,20,1,54,2" doraHai="68" who="3" fromWho="0" sc="453,-80,8,0,320,0,219,80" /><INIT seed="7,0,0,3,4,75" ten="373,8,320,299" oya="3" hai0="49,122,17,85,19,107,63,14,53,72,116,21,114" hai1="105,109,111,76,51,110,4,125,9,18,47,129,81" hai2="38,134,48,83,99,25,42,128,34,86,61,132,127" hai3="40,121,89,62,118,88,90,46,24,3,36,94,8"/><W37/><G121/><T32/><D72/><U131/><E105/><V0/><F38/><W7/><G118/><T6/><D32/><U33/><E33/><V95/><F0/><W58/><G24/><T78/><D107/><U97/><E97/><V29/><F128/><W120/><G120/><T41/><D114/><U82/><E18/><V71/><F127/><W68/><G68/><T52/><D116/><U23/><E23/><V67/><F42/><W60/><G60/><T20/><D6/><U13/><E125/><V27/><F27/><W130/><G130/><T102/><D102/><U56/><E56/><V10/><F10/><W133/><G133/><T126/><D63/><U135/><E135/><V70/><F48/><W26/><G26/><N who="0" m="14655" /><D122/><U12/><E9/><V69/><F134/><W112/><G112/><T96/><D96/><U57/><E57/><V11/><F11/><W28/><G28/><T98/><D98/><U113/><E113/><V66/><F132/><W74/><G74/><T117/><D117/><U22/><E22/><V123/><F123/><W64/><REACH who="3" step="1"/><G36/><REACH who="3" ten="373,8,320,289" step="2"/><T2/><D126/><U108/><N who="1" m="27648" /><DORA hai="5" /><U104/><E104/><V43/><F61/><W73/><G73/><T44/><D2/><U91/><E4/><V65/><F71/><W101/><G101/><T59/><D59/><U87/><E87/><BYE who="1" /><AGARI ba="0,1" hai="3,7,8,37,40,46,58,62,64,87,88,89,90,94" machi="87" ten="30,11600,0" yaku="1,1,7,1,52,1,54,1,53,0" doraHai="75,5" doraHaiUra="30,92" who="3" fromWho="1" sc="373,0,8,-116,320,0,289,126" owari="373,17.3,-108,-60.8,320,-8.0,415,51.5" /></mjloggm>