<mjloggm ver="2.3"><GO type="41" lobby="0"/><UN n0="%E2%93%9D%4C%75%63%6B%79%4A" n1="%E3%82%B0%E3%83%AB%E3%83%BC%E3%83%9F%E3%83%BC%E5%85%88%E8%BC%A9" n2="%E9%AB%98%E6%A9%8B%45" n3="%6F%74%6F%6D%61%6E%61" dan="18,14,13,13" rate="2141.62,2007.15,1828.59,1870.63" sx="M,M,F,M"/><TAIKYOKU oya="0"/><INIT seed="0,0,0,2,3,88" ten="250,250,250,250" oya="0" hai0="63,66,5,70,40,29,59,49,127,73,10,19,86" hai1="121,37,96,43,109,25,94,89,104,52,76,46,98" hai2="45,111,0,105,83,24,110,81,7,87,108,39,74" hai3="113,9,101,58,103,1,95,30,8,130,129,53,6"/><T133/><D73/><U68/><E68/><V92/><F105/><W31/><G113/><T67/><D127/><U14/><E121/><V11/><F24/><W107/><G8/><T56/><D133/><U64/><E64/><V117/><F117/><W97/><G107/><T72/><D72/><U17/><E109/><V4/><F4/><W120/><G120/><T34/><D34/><U79/><E25/><V85/><F74/><W22/><G103/><T78/><D29/><U122/><E122/><V18/><F18/><W126/><G126/><T132/><D132/><U91/><E52/><V93/><F39/><W62/><REACH who="3" step="1"/><G22/><REACH who="3" ten="250,250,250,240" step="2"/><T77/><D10/><U100/><REACH who="1" step="1"/><E91/><REACH who="1" ten="250,240,250,240" step="2"/><N who="2" m="51631" /><F45/><W51/><G51/><T124/><D49/><U123/><E123/><V60/><F60/><W90/><G90/><AGARI ba="0,2" hai="0,7,11,83,87,90,92,93,108,110,111" m="51631" machi="90" ten="30,3900,0" yaku="14,1,52,2" doraHai="88" who="2" fromWho="3" sc="250,0,240,0,250,59,240,-39" /><INIT seed="1,0,0,1,2,16" ten="250,240,309,201" oya="1" hai0="118,30,4,79,96,120,22,85,55,36,121,115,42" hai1="25,63,37,31,61,67,60,89,105,48,130,95,90" hai2="0,46,69,106,111,102,27,24,43,126,12,47,3" hai3="88,23,21,5,58,103,49,132,51,15,56,52,19"/><U74/><E105/><V78/><F69/><W127/><G127/><T80/><D115/><U45/><E37/><V81/><F126/><W75/><G75/><T35/><D35/><U104/><E104/><V91/><F111/><W68/><G68/><T71/><D71/><U33/><E74/><V87/><F47/><W17/><G132/><T18/><D30/><U41/><E130/><V82/><F12/><W53/><G103/><T135/><D4/><U73/><E73/><V92/><F82/><W72/><G72/><T59/><D118/><U86/><REACH who="1" step="1"/><E89/><REACH who="1" ten="250,230,309,201" step="2"/><V32/><F106/><W101/><G101/><T114/><D36/><U44/><E44/><V10/><F102/><W123/><G123/><T77/><D121/><U124/><E124/><V64/><F91/><W113/><G113/><T108/><D114/><U34/><E34/><V100/><F46/><W38/><G38/><T40/><D120/><U8/><E8/><V99/><F10/><W122/><G122/><T129/><D129/><U97/><E97/><V9/><F99/><W11/><G88/><T66/><D96/><U133/><E133/><V128/><F9/><W98/><G98/><T14/><D135/><U131/><E131/><V7/><F100/><W57/><G57/><AGARI ba="0,1" hai="25,31,33,41,45,48,57,60,61,63,67,86,90,95" machi="57" ten="30,2900,0" yaku="1,1,7,1,53,0" doraHai="16" doraHaiUra="117" who="1" fromWho="3" sc="250,0,230,39,309,0,201,-29" /><INIT seed="1,1,0,2,3,49" ten="250,269,309,172" oya="1" hai0="43,132,135,93,99,101,51,110,20,29,109,86,11" hai1="60,78,100,130,37,47,57,102,62,81,83,14,36" hai2="84,31,12,38,127,94,64,105,30,126,61,9,21" hai3="124,128,19,76,13,103,129,75,116,77,54,89,112"/><U46/><E130/><N who="3" m="50282" /><G112/><T40/><D11/><U70/><E14/><V120/><F105/><W113/><G113/><T119/><D119/><U27/><E27/><V98/><F38/><W67/><G67/><T97/><D86/><U108/><E108/><N who="0" m="41577" /><D99/><U28/><E28/><V69/><F84/><W6/><G6/><T92/><D93/><U18/><E18/><V72/><F72/><W106/><G116/><T44/><D43/><U8/><E8/><V73/><F73/><W55/><G124/><N who="2" m="47657" /><F21/><N who="3" m="11503" /><G89/><T50/><D51/><U7/><E57/><V122/><F122/><W66/><G66/><T90/><D90/><U32/><E32/><V118/><F120/><W68/><G68/><T5/><D5/><U59/><E59/><V85/><F85/><W41/><G41/><T15/><D15/><U53/><E7/><N who="2" m="3135" /><F118/><W121/><G121/><T52/><D40/><U133/><E133/><V104/><F104/><W82/><G76/><T56/><D56/><U33/><E33/><V96/><F96/><AGARI ba="1,0" hai="54,55,75,77,82,96,103,106" m="11503,50282" machi="96" ten="30,3900,0" yaku="19,1,52,2" doraHai="49" who="3" fromWho="2" sc="250,0,269,0,309,-42,172,42" /><INIT seed="2,0,0,5,5,15" ten="250,269,267,214" oya="2" hai0="70,69,16,129,33,73,37,117,36,101,65,17,132" hai1="91,87,134,18,42,1,122,82,84,44,126,20,25" hai2="109,56,38,7,124,96,104,59,62,63,89,119,40" hai3="99,4,41,43,112,21,11,77,66,133,60,75,68"/><V107/><F119/><W52/><G112/><T130/><D117/><U114/><E126/><V27/><F124/><W35/><G35/><T39/><D33/><U34/><E134/><V76/><F76/><W110/><G133/><T100/><D132/><U72/><E114/><V113/><F113/><W74/><G110/><T103/><D65/><U49/><E34/><V127/><F127/><W98/><G74/><T125/><D125/><U131/><E131/><N who="0" m="50185" /><D73/><U31/><E1/><V0/><F0/><W128/><G128/><T19/><AGARI ba="0,0" hai="16,17,19,36,37,39,69,70,100,101,103" m="50185" machi="19" ten="50,16000,3" yaku="29,2,28,2,19,1,52,3,54,1" doraHai="15" who="0" fromWho="0" sc="250,160,269,-40,267,-80,214,-40" /><INIT seed="3,0,0,3,2,81" ten="410,229,187,174" oya="3" hai0="112,58,59,37,126,127,99,85,42,15,73,109,55" hai1="119,2,94,5,86,9,26,115,100,1,34,38,129" hai2="57,35,18,51,47,93,67,28,104,111,92,45,39" hai3="102,132,11,49,84,128,6,75,10,130,106,12,80"/><W131/><G75/><T95/><D73/><U76/><E38/><V66/><F104/><W121/><G121/><T21/><D112/><U133/><E115/><V123/><F123/><W120/><G120/><T8/><D21/><U27/><E129/><V65/><F111/><W107/><G132/><T72/><D72/><U44/><E133/><V4/><F4/><W117/><G117/><T17/><D42/><U23/><E119/><V43/><F57/><W90/><G102/><T14/><D15/><U33/><E44/><V71/><F71/><W3/><REACH who="3" step="1"/><G49/><REACH who="3" ten="410,229,187,164" step="2"/><T113/><D113/><U24/><E100/><V82/><F51/><W105/><G105/><T87/><D37/><U54/><E34/><V88/><F39/><W41/><G41/><T118/><D118/><U31/><E33/><V63/><F35/><W77/><G77/><T60/><D109/><U70/><E76/><V22/><F63/><W108/><G108/><T98/><D127/><U116/><E116/><V68/><F68/><W53/><G53/><N who="0" m="33903" /><D126/><U52/><E70/><V78/><F43/><W64/><G64/><T61/><D99/><U29/><E54/><V16/><F67/><W25/><G25/><T0/><D0/><U110/><E2/><V124/><F66/><W69/><G69/><T97/><D98/><U62/><E110/><V114/><F65/><W20/><G20/><T135/><D135/><U46/><E23/><V30/><F22/><W40/><G40/><T19/><D19/><AGARI ba="0,1" hai="3,6,10,11,12,19,80,84,90,106,107,128,130,131" machi="19" ten="40,12000,1" yaku="1,1,19,1,52,1,53,1" doraHai="81" doraHaiUra="32" who="3" fromWho="0" sc="410,-120,229,0,187,0,164,130" /><INIT seed="3,1,0,2,3,8" ten="290,229,187,294" oya="3" hai0="43,83,102,41,81,76,84,73,131,130,111,121,108" hai1="11,6,9,18,119,118,105,79,100,106,52,56,35" hai2="87,12,45,99,129,51,1,33,34,3,28,30,135" hai3="128,38,20,42,86,67,29,93,101,114,32,71,24"/><W133/><G114/><T16/><D43/><U60/><E35/><V127/><F127/><W19/><G133/><T113/><D41/><U48/><E79/><V89/><F135/><W53/><G128/><N who="0" m="49195" /><D113/><U90/><E90/><V7/><F129/><W55/><G71/><T78/><D16/><U120/><E120/><V110/><F99/><W59/><G38/><T26/><D26/><U69/><E18/><V63/><F63/><W82/><G42/><T104/><D121/><U15/><E11/><V124/><F110/><N who="0" m="42026" /><D102/><U85/><E100/><V0/><F34/><W40/><G40/><T49/><D49/><U21/><E21/><V62/><F62/><N who="3" m="38367" /><G32/><T44/><D44/><U70/><E85/><V65/><F33/><W109/><G109/><T126/><D104/><U72/><E72/><V94/><F65/><W22/><G101/><T134/><D134/><U13/><E13/><V39/><F39/><W75/><G93/><T61/><D61/><U80/><E80/><V66/><F66/><W97/><G75/><T98/><D98/><U46/><E105/><V23/><F12/><N who="3" m="9319" /><G97/><T125/><AGARI ba="1,0" hai="73,76,78,81,83,84,125,126" m="42026,49195" machi="125" ten="40,8000,1" yaku="19,1,14,1,34,2" doraHai="8" who="0" fromWho="0" sc="290,83,229,-21,187,-21,294,-41" /><INIT seed="4,0,0,0,4,18" ten="373,208,166,253" oya="0" hai0="131,10,26,64,101,39,61,114,116,112,108,47,69" hai1="33,17,0,133,106,3,63,34,14,66,35,134,11" hai2="9,129,71,81,8,115,84,12,87,20,105,77,50" hai3="74,107,124,120,16,42,80,99,125,117,95,56,90"/><T4/><D101/><U22/><E106/><V57/><F71/><W19/><G120/><T6/><D6/><U54/><E54/><V126/><F105/><W72/><G117/><T38/><D116/><U82/><E82/><V31/><F115/><N who="0" m="44074" /><D131/><U94/><E94/><V111/><F111/><W5/><G5/><T29/><D47/><U96/><E96/><V7/><F129/><W45/><G107/><T68/><D69/><U44/><E44/><V25/><F126/><N who="3" m="48747" /><G56/><T88/><D88/><U24/><E63/><V2/><F50/><N who="3" m="26935" /><G80/><T92/><D92/><U93/><E93/><V30/><F57/><W128/><G128/><T122/><D122/><U121/><E66/><V36/><F36/><W67/><G67/><T23/><D108/><U27/><E27/><V78/><F78/><W104/><G104/><T130/><D130/><U119/><E119/><V15/><F2/><AGARI ba="0,0" hai="2,4,10,23,26,29,38,39,61,64,68" m="44074" machi="2" ten="30,2900,0" yaku="15,1,52,1" doraHai="18" who="0" fromWho="2" sc="373,29,208,0,166,-29,253,0" /><INIT seed="4,1,0,4,5,102" ten="402,208,137,253" oya="0" hai0="103,69,56,126,6,97,134,77,31,42,11,82,4" hai1="30,15,73,132,5,46,32,122,36,110,45,90,91" hai2="99,44,62,92,43,41,105,100,28,70,26,106,65" hai3="48,52,18,117,76,47,111,29,78,8,81,63,98"/><T7/><D69/><U13/><E73/><V74/><F74/><W38/><G117/><T87/><D134/><U108/><E122/><V123/><F123/><W114/><G111/><T33/><D126/><U112/><E32/><V35/><REACH who="2" step="1"/><F43/><REACH who="2" ten="402,208,127,253" step="2"/><W104/><G114/><T95/><D42/><U83/><E112/><V72/><F72/><W16/><G38/><AGARI ba="1,1" hai="26,28,35,38,41,44,62,65,70,92,99,100,105,106" machi="38" ten="30,7700,0" yaku="1,1,7,1,52,2,53,0" doraHai="102" doraHaiUra="127" who="2" fromWho="3" sc="402,0,208,0,127,90,253,-80" /><INIT seed="5,0,0,3,2,57" ten="402,208,217,173" oya="1" hai0="83,132,60,120,73,23,130,77,91,42,14,36,50" hai1="122,49,86,45,16,10,106,112,35,56,54,98,6" hai2="39,24,55,79,127,68,72,102,11,62,66,2,37" hai3="82,21,71,100,115,29,80,74,76,4,19,93,9"/><U129/><E35/><V128/><F128/><W94/><G71/><T96/><D36/><U126/><E122/><V99/><F127/><W58/><G115/><T85/><D120/><U61/><E112/><V64/><F64/><W0/><G29/><T92/><D132/><U131/><E126/><V104/><F55/><W121/><G121/><T134/><D134/><U46/><E46/><V135/><F135/><W12/><G100/><T47/><D130/><N who="1" m="49675" /><E86/><V5/><REACH who="2" step="1"/><F24/><REACH who="2" ten="402,208,207,173" step="2"/><W133/><G133/><T124/><D124/><U51/><E106/><V110/><F110/><W111/><G111/><T63/><D73/><U22/><E45/><V13/><F13/><W44/><G44/><T8/><REACH who="0" step="1"/><D23/><REACH who="0" ten="392,208,207,173" step="2"/><U17/><E22/><V26/><F26/><W69/><G69/><T1/><D1/><U108/><E108/><V81/><AGARI ba="0,2" hai="2,5,11,37,39,62,66,68,72,79,81,99,102,104" machi="81" ten="30,12000,2" yaku="1,1,0,1,33,3,52,1,53,1" doraHai="57" doraHaiUra="105" who="2" fromWho="2" sc="392,-30,208,-60,207,140,173,-30" /><INIT seed="6,0,0,5,0,29" ten="362,148,347,143" oya="2" hai0="108,58,41,130,116,131,59,70,95,5,73,2,50" hai1="102,133,96,118,71,103,40,67,28,113,17,123,30" hai2="27,97,121,135,6,13,72,43,134,56,0,12,15" hai3="24,120,57,21,80,132,62,52,3,54,49,46,68"/><V44/><F72/><W94/><G120/><T51/><D2/><U11/><E118/><V117/><F117/><W47/><G132/><N who="2" m="50729" /><F121/><W45/><G3/><T37/><D5/><U8/><E123/><V77/><F0/><W109/><G109/><T66/><D95/><U23/><E133/><V74/><F97/><W86/><G68/><T99/><D99/><U106/><E113/><V33/><F56/><N who="0" m="21546" /><D73/><U76/><E40/><V63/><F63/><W107/><G107/><T92/><D92/><U4/><E76/><V32/><F6/><W19/><REACH who="3" step="1"/><G94/><REACH who="3" ten="362,148,347,133" step="2"/><T10/><D108/><U87/><E71/><V115/><F115/><W16/><G16/><T79/><D70/><U26/><E17/><V42/><F33/><W22/><G22/><T20/><D20/><U110/><E110/><V60/><F32/><W81/><G81/><T25/><D116/><U88/><E30/><V61/><F61/><W35/><G35/><T64/><D131/><U38/><E102/><V34/><F34/><W78/><AGARI ba="0,1" hai="19,21,24,45,46,47,49,52,54,57,62,78,80,86" machi="78" ten="20,12000,2" yaku="1,1,0,1,7,1,8,1,54,1,53,1" doraHai="29" doraHaiUra="82" who="3" fromWho="3" sc="362,-30,148,-30,347,-60,133,130" /><INIT seed="7,0,0,3,4,58" ten="332,118,287,263" oya="3" hai0="22,96,70,113,21,3,25,34,41,131,103,56,15" hai1="133,80,98,72,27,102,13,78,95,109,81,79,16" hai2="105,7,63,122,132,89,14,84,53,73,9,6,106" hai3="61,29,129,118,48,128,116,32,43,17,24,123,111"/><W71/><G123/><T75/><D70/><U92/><E109/><V76/><F122/><W40/><G111/><T107/><D3/><U104/><E133/><V126/><F132/><W85/><G17/><T0/><D75/><U20/><REACH who="1" step="1"/><E27/><REACH who="1" ten="332,108,287,263" step="2"/><V30/><F126/><W31/><G118/><T93/><D25/><U127/><E127/><V115/><F115/><W59/><G116/><T36/><D113/><U4/><E4/><V86/><F7/><W33/><G31/><T97/><D131/><N who="3" m="50249" /><G33/><T119/><D34/><U117/><E117/><V55/><F6/><W52/><G85/><AGARI ba="0,1" hai="13,16,20,72,78,79,80,81,85,92,95,98,102,104" machi="85" ten="30,3900,0" yaku="1,1,7,1,54,1,53,0" doraHai="58" doraHaiUra="2" who="1" fromWho="3" sc="332,0,108,49,287,0,263,-39" owari="332,43.2,157,-34.3,287,8.7,224,-17.6" /></mjloggm>