<mjloggm ver="2.3"><GO type="41" lobby="0"/><UN n0="%E2%93%9D%4C%75%63%6B%79%4A" n1="%E3%81%A8%E3%81%9D" n2="%4B%61%6E%61%6B%6F%5F" n3="%45%6D%69%79%61" dan="18,14,15,14" rate="2150.22,1986.56,2034.11,1918.19" sx="M,F,M,M"/><TAIKYOKU oya="0"/><INIT seed="0,0,0,0,4,126" ten="250,250,250,250" oya="0" hai0="116,88,108,114,5,61,118,122,24,34,104,115,93" hai1="110,0,29,74,120,57,23,62,38,71,103,40,20" hai2="48,131,17,113,99,13,22,76,64,9,83,12,81" hai3="65,37,130,31,47,111,132,32,19,55,135,70,7"/><T89/><D5/><U107/><E120/><V66/><F113/><N who="0" m="43018" /><D61/><U84/><E74/><V68/><F131/><W123/><G130/><T73/><D24/><U36/><E0/><V60/><F66/><W8/><G123/><T98/><D34/><U42/><E71/><V33/><F33/><W96/><G96/><T79/><D122/><U127/><E127/><V3/><F3/><W119/><G119/><N who="0" m="45611" /><D104/><U46/><E107/><V54/><F99/><W69/><G31/><T94/><D108/><U1/><E62/><V77/><F77/><W30/><G111/><T67/><D67/><U121/><E110/><V128/><F76/><W106/><G106/><T41/><D41/><U90/><E40/><V91/><F128/><W133/><G65/><T101/><D94/><U16/><E42/><V95/><F48/><N who="3" m="29087" /><G37/><T85/><D73/><U72/><E72/><V75/><F75/><W92/><G92/><T97/><D98/><U86/><E121/><V112/><F54/><W102/><G19/><T45/><D45/><U14/><E46/><V2/><F2/><N who="3" m="119" /><G69/><T15/><D15/><U51/><E1/><V27/><F13/><W134/><G70/><T28/><D28/><U10/><E29/><N who="2" m="17655" /><F112/><W50/><G134/><T25/><D25/><U87/><E36/><V78/><F68/><W125/><G50/><T80/><AGARI ba="0,0" hai="79,80,85,88,89,93,97,101" m="45611,43018" machi="80" ten="40,7800,0" yaku="34,2,54,1" doraHai="126" who="0" fromWho="0" sc="250,78,250,-26,250,-26,250,-26" /><INIT seed="0,1,0,5,1,55" ten="328,224,224,224" oya="0" hai0="1,135,49,66,84,87,91,64,15,105,28,3,52" hai1="48,130,13,21,43,60,50,46,30,31,2,98,12" hai2="83,129,27,113,24,94,104,33,99,23,9,106,17" hai3="71,97,107,18,126,37,111,69,119,117,16,112,121"/><T89/><D105/><U90/><E2/><V124/><F113/><W20/><G112/><T57/><D135/><U102/><E130/><V53/><F129/><W79/><G37/><T110/><D28/><U14/><E90/><N who="0" m="34313" /><D3/><U100/><E48/><V19/><F124/><W75/><G126/><T22/><D1/><U25/><E30/><V39/><F39/><W96/><G111/><T29/><D110/><U40/><E40/><V131/><F131/><W109/><G109/><T92/><D92/><U51/><E51/><V128/><F83/><W38/><G38/><T7/><D7/><U4/><E4/><V8/><F128/><W78/><G107/><T11/><D11/><U108/><E108/><V72/><F72/><W103/><G103/><T10/><D10/><U45/><E45/><V26/><F33/><W59/><G20/><T93/><D93/><N who="1" m="58447" /><E102/><V115/><F115/><W101/><G101/><T56/><D29/><U134/><E134/><V65/><F104/><W122/><G75/><T73/><D73/><U44/><E44/><V36/><F106/><W47/><G47/><T123/><D123/><U80/><E80/><V42/><F36/><W116/><G116/><T77/><D77/><U61/><AGARI ba="1,0" hai="12,13,14,21,25,31,43,46,50,60,61" m="58447" machi="61" ten="30,1100,0" yaku="8,1" doraHai="55" who="1" fromWho="1" sc="328,-6,224,14,224,-4,224,-4" /><INIT seed="1,0,0,2,2,43" ten="322,238,220,220" oya="1" hai0="50,117,121,37,5,34,6,115,7,105,42,57,131" hai1="111,104,39,77,63,61,94,135,65,73,29,123,76" hai2="85,41,38,124,99,60,127,55,125,59,26,47,32" hai3="74,54,90,97,84,100,18,82,96,31,9,12,92"/><U126/><E123/><V67/><F85/><W108/><G108/><T22/><D34/><U132/><E111/><V30/><REACH who="2" step="1"/><F99/><REACH who="2" ten="322,238,210,220" step="2"/><W51/><G96/><T80/><D121/><U64/><E73/><V101/><F101/><W20/><G74/><T79/><D7/><U45/><E132/><V14/><F14/><W10/><REACH who="3" step="1"/><G31/><REACH who="3" ten="322,238,210,210" step="2"/><T83/><D6/><U120/><E29/><V69/><F69/><W116/><G116/><T128/><D117/><U93/><E120/><V118/><F118/><W44/><AGARI ba="0,2" hai="9,10,12,18,20,44,51,54,82,84,90,92,97,100" machi="44" ten="20,12000,2" yaku="1,1,0,1,7,1,8,1,52,1,53,1" doraHai="43" doraHaiUra="78" who="3" fromWho="3" sc="322,-30,238,-60,210,-30,210,140" /><INIT seed="2,0,0,4,5,3" ten="292,178,180,350" oya="2" hai0="53,88,30,20,117,43,112,104,101,95,56,128,90" hai1="9,79,106,124,86,126,127,135,44,111,96,83,70" hai2="116,60,75,73,78,85,115,46,80,74,10,36,110" hai3="77,66,39,22,76,19,7,16,6,113,114,27,69"/><V82/><F115/><N who="3" m="44043" /><G39/><T72/><D112/><U89/><E70/><V107/><F116/><W64/><G19/><T109/><D72/><U55/><E44/><V57/><F107/><W33/><G33/><T51/><D109/><U32/><E32/><V133/><F133/><W87/><G69/><T13/><D128/><U37/><E37/><V118/><F118/><W25/><G25/><T134/><D104/><U62/><E135/><V63/><F110/><W132/><G132/><T0/><D0/><U52/><E111/><V97/><F97/><W102/><G102/><T5/><D43/><U131/><E131/><V123/><F123/><W24/><G24/><N who="0" m="16647" /><D117/><U71/><E106/><V92/><F92/><W40/><G40/><T120/><D120/><U93/><REACH who="1" step="1"/><E9/><REACH who="1" ten="292,168,180,350" step="2"/><V47/><F10/><W15/><G76/><T1/><D134/><U59/><E59/><V129/><F129/><W121/><G121/><T105/><D105/><U99/><E99/><V65/><F36/><W125/><G77/><T12/><D56/><U26/><E26/><V11/><F11/><W29/><G27/><T100/><D13/><U31/><E31/><V14/><F14/><W35/><G29/><T58/><D12/><U130/><E130/><V61/><F46/><W50/><G35/><T41/><D1/><U84/><E84/><N who="2" m="48151" /><F47/><W122/><G122/><T54/><D58/><U2/><E2/><V119/><F119/><W34/><G34/><T94/><D95/><U28/><E28/><V42/><F42/><W38/><G38/><T4/><D41/><U103/><E103/><V45/><F45/><RYUUKYOKU ba="0,1" sc="292,-15,168,15,180,15,350,-15" hai1="52,55,62,71,79,83,86,89,93,96,124,126,127" hai2="57,60,61,63,65,73,74,75,82,85" /><INIT seed="2,1,1,3,5,71" ten="277,183,195,335" oya="2" hai0="94,52,73,23,129,89,18,53,90,120,100,83,41" hai1="126,115,24,112,9,108,14,132,33,104,102,86,58" hai2="80,84,16,103,96,91,117,10,99,59,21,46,127" hai3="65,56,124,12,88,69,63,98,67,37,49,113,93"/><V95/><F117/><W50/><G124/><T68/><D68/><U116/><E116/><V92/><F127/><W121/><G121/><T87/><D120/><U32/><E126/><V60/><F10/><W76/><G113/><T4/><D129/><U35/><E108/><V66/><F46/><W77/><G37/><T40/><D100/><U39/><E39/><V82/><REACH who="2" step="1"/><F99/><REACH who="2" ten="277,183,185,335" step="2"/><W54/><G98/><N who="0" m="57687" /><D4/><U13/><E9/><V8/><F8/><W72/><G69/><T119/><D119/><U62/><E112/><V3/><F3/><W134/><G134/><T78/><D73/><U123/><E115/><V128/><F128/><W105/><G72/><T36/><D36/><U27/><E132/><V5/><F5/><W20/><G56/><T34/><D34/><U75/><E75/><V122/><F122/><W55/><G20/><T110/><D23/><U106/><E123/><V42/><F42/><W61/><G67/><T43/><D43/><U15/><E32/><V19/><F19/><W6/><G65/><T118/><D41/><U28/><E33/><V25/><AGARI ba="1,2" hai="16,21,25,59,60,66,80,82,84,91,92,95,96,103" machi="25" ten="20,12000,1" yaku="1,1,0,1,7,1,8,1,54,1,53,0" doraHai="71" doraHaiUra="7" who="2" fromWho="2" sc="277,-41,183,-41,185,143,335,-41" /><INIT seed="2,2,0,5,3,59" ten="236,142,328,294" oya="2" hai0="65,125,131,79,44,52,58,82,75,77,104,110,31" hai1="90,33,24,86,95,14,119,100,37,38,62,124,78" hai2="116,3,7,88,92,55,40,103,61,11,72,54,28" hai3="107,134,39,63,10,56,34,68,2,47,87,109,97"/><V19/><F116/><W96/><G34/><T71/><D104/><U26/><E119/><V123/><F123/><W25/><G109/><T67/><D110/><U89/><E124/><V57/><F72/><W129/><G129/><T66/><D125/><U27/><E33/><V36/><F28/><W101/><G134/><T118/><D118/><U133/><E133/><V60/><F103/><W94/><G68/><T85/><D71/><U105/><E14/><V46/><F19/><W113/><G25/><T76/><D131/><U1/><E1/><V80/><F80/><W51/><G113/><T20/><D44/><U13/><E13/><V102/><F102/><W69/><G69/><T5/><D5/><U0/><E0/><V48/><F54/><W41/><G87/><AGARI ba="2,0" hai="3,7,11,36,40,46,48,55,57,60,61,87,88,92" machi="87" ten="30,11600,0" yaku="7,1,52,2,54,1" doraHai="59" who="2" fromWho="3" sc="236,0,142,0,328,122,294,-122" /><INIT seed="2,3,0,0,0,124" ten="236,142,450,172" oya="2" hai0="27,22,109,111,87,64,119,67,91,83,44,79,66" hai1="15,65,115,51,11,36,131,70,45,2,95,14,29" hai2="135,9,108,76,32,38,8,49,62,0,28,48,129" hai3="61,127,20,57,60,50,90,104,128,30,41,21,123"/><V43/><F135/><W82/><G123/><T102/><D102/><U46/><E115/><V10/><F0/><W23/><G104/><T34/><D34/><U94/><E2/><V16/><F108/><N who="0" m="41546" /><D44/><U120/><E120/><V105/><F105/><W37/><G127/><T106/><D106/><U125/><E125/><V134/><F134/><W98/><G37/><T110/><N who="0" m="41554" /><T113/><DORA hai="84" /><D113/><U35/><E36/><V56/><F76/><W52/><G128/><T55/><D55/><U6/><E131/><V73/><F73/><W5/><G5/><T68/><D119/><U85/><E45/><V58/><F129/><W92/><G82/><T31/><D79/><U63/><E14/><V25/><F56/><W18/><G30/><T78/><D78/><U132/><E132/><V39/><F39/><W101/><G101/><T77/><D77/><U75/><E75/><V133/><F133/><W3/><G3/><T121/><D121/><U89/><E29/><V122/><F122/><W4/><G4/><T74/><D74/><U72/><E72/><V103/><F103/><W47/><REACH who="3" step="1"/><G61/><AGARI ba="3,0" hai="22,27,31,61,64,66,67,68,83,87,91" m="41554" machi="61" ten="40,2600,0" yaku="14,1,52,1" doraHai="124,84" who="0" fromWho="3" sc="236,35,142,0,450,0,172,-35" /><INIT seed="3,0,0,5,5,120" ten="271,142,450,137" oya="3" hai0="11,68,125,30,106,97,57,103,83,89,50,56,94" hai1="44,134,27,21,82,129,8,45,18,84,46,90,105" hai2="107,41,108,109,76,35,23,130,101,91,81,28,55" hai3="95,110,114,69,87,40,13,5,92,4,121,7,29"/><W59/><G121/><T128/><D68/><U15/><E105/><V71/><F130/><W24/><G69/><T73/><D30/><U20/><E134/><V117/><F117/><W100/><G114/><T1/><D128/><U118/><E118/><V72/><F71/><W132/><G132/><T9/><D125/><U77/><E129/><V54/><F35/><W124/><G124/><T49/><D1/><U53/><E20/><V127/><F127/><W74/><G74/><T34/><D34/><U104/><E104/><V66/><F66/><W60/><G110/><N who="2" m="42601" /><F41/><W62/><G40/><T65/><D65/><U25/><E25/><N who="2" m="16447" /><F91/><N who="3" m="53375" /><G13/><T12/><D12/><U88/><REACH who="1" step="1"/><E53/><REACH who="1" ten="271,132,450,137" step="2"/><V14/><F14/><W16/><G29/><AGARI ba="0,1" hai="8,15,18,21,27,29,44,45,46,77,82,84,88,90" machi="29" ten="40,8000,1" yaku="1,1,2,1,8,1,54,1,53,1" doraHai="120" doraHaiUra="6" who="1" fromWho="3" sc="271,0,132,90,450,0,137,-80" /><INIT seed="4,0,0,5,4,108" ten="271,222,450,57" oya="0" hai0="25,78,55,60,0,113,19,120,88,38,52,122,67" hai1="26,31,114,28,30,91,53,41,93,125,2,92,40" hai2="42,9,89,79,23,63,68,117,95,37,65,73,109" hai3="10,129,126,81,51,128,121,66,33,111,49,34,17"/><T5/><D78/><U69/><E2/><V124/><F109/><W115/><G111/><T43/><D0/><U96/><E69/><V94/><F124/><W131/><G126/><T46/><D5/><U29/><E125/><V16/><F117/><W134/><G121/><N who="0" m="46699" /><D19/><U56/><E114/><V104/><F104/><W1/><G134/><T123/><D25/><U102/><N who="1" m="7168" /><DORA hai="13" /><U90/><E26/><V12/><F23/><W76/><G66/><T4/><D4/><U97/><REACH who="1" step="1"/><E102/><REACH who="1" ten="271,212,450,57" step="2"/><V71/><F68/><W80/><G1/><T59/><D123/><U7/><E7/><V110/><F110/><W105/><G115/><T133/><D113/><U75/><E75/><V27/><F27/><W103/><G34/><T85/><D133/><U83/><E83/><V8/><F73/><N who="3" m="43023" /><G33/><T22/><D85/><U132/><E132/><V3/><F3/><W99/><G81/><T36/><D88/><U72/><E72/><V11/><F89/><W101/><G103/><T48/><D22/><U98/><E98/><V45/><F79/><W15/><AGARI ba="0,1" hai="10,15,17,49,51,99,101,105,128,129,131" m="43023" machi="15" ten="40,2700,0" yaku="19,1,52,1" doraHai="108,13" who="3" fromWho="3" sc="271,-13,212,-7,450,-7,57,37" /><INIT seed="5,0,0,2,4,120" ten="258,205,443,94" oya="1" hai0="123,12,51,56,88,44,66,1,107,41,108,94,109" hai1="59,50,80,72,30,24,39,129,62,81,7,37,29" hai2="53,97,86,65,22,114,104,102,55,111,98,118,28" hai3="96,106,121,16,49,75,13,21,45,95,122,103,91"/><U125/><E129/><V134/><F111/><W46/><G75/><T70/><D1/><U89/><E7/><V67/><F118/><W27/><G27/><T74/><D107/><U60/><E125/><V15/><F134/><W69/><G69/><T79/><D123/><U42/><E72/><V100/><F86/><W40/><REACH who="3" step="1"/><G46/><REACH who="3" ten="258,205,443,84" step="2"/><T133/><D70/><U8/><E24/><V31/><F114/><W76/><G76/><T2/><D79/><U25/><E25/><V17/><F28/><W9/><G9/><T71/><D71/><U127/><E29/><V128/><F31/><W105/><G105/><T83/><D74/><U19/><E30/><V99/><F128/><W130/><G130/><T113/><D44/><U110/><E8/><V64/><F104/><W38/><G38/><T78/><D78/><U18/><E37/><V48/><F48/><W119/><G119/><T132/><D51/><U52/><E39/><V68/><F68/><W73/><G73/><T23/><D133/><U63/><E50/><V101/><AGARI ba="0,1" hai="15,17,22,53,55,64,65,67,97,98,99,100,101,102" machi="101" ten="40,8000,1" yaku="0,1,29,2,8,1" doraHai="120" who="2" fromWho="2" sc="258,-20,205,-40,443,90,84,-20" /><INIT seed="6,0,0,4,5,77" ten="238,165,533,64" oya="2" hai0="23,84,3,48,40,18,44,12,51,92,7,80,109" hai1="43,106,30,57,45,64,42,113,8,98,111,50,11" hai2="21,69,90,2,19,14,112,81,39,102,121,70,49" hai3="94,134,28,130,22,38,89,101,68,115,88,34,20"/><V93/><F121/><W78/><G130/><T108/><D92/><U103/><E111/><V135/><F112/><W35/><G134/><T120/><D120/><U47/><E113/><V54/><F39/><W25/><G115/><T58/><D3/><U17/><E30/><V13/><F2/><W117/><G117/><T107/><D107/><U125/><E125/><V1/><F1/><W129/><G129/><T59/><D7/><U82/><E17/><V29/><F29/><W79/><G38/><T15/><D15/><U53/><E64/><V122/><F135/><W37/><G37/><T0/><D0/><U105/><E105/><V127/><F127/><W4/><G68/><T61/><D51/><U100/><E100/><V95/><F122/><W97/><G4/><T133/><D59/><U91/><E45/><V55/><F102/><W73/><G22/><T75/><D75/><U26/><E26/><V104/><F104/><W119/><G119/><T85/><D85/><U74/><E42/><V114/><F114/><W63/><G63/><T46/><D46/><U71/><E71/><V72/><F72/><W86/><G89/><T31/><D31/><U132/><E91/><V56/><F69/><W52/><G52/><T118/><D118/><U65/><E65/><V131/><F70/><W24/><G73/><T67/><D133/><U60/><E132/><V33/><F55/><W116/><G116/><T41/><D41/><U10/><E74/><V9/><F131/><W83/><REACH who="3" step="1"/><G35/><REACH who="3" ten="238,165,533,54" step="2"/><T124/><D124/><U96/><E53/><N who="2" m="31791" /><F33/><W36/><G36/><T66/><D67/><RYUUKYOKU ba="0,1" sc="238,15,165,-15,533,-15,54,15" hai0="12,18,23,40,44,48,58,61,66,80,84,108,109" hai3="20,24,25,28,34,78,79,83,86,88,94,97,101" /><INIT seed="7,1,1,3,4,66" ten="253,150,518,69" oya="3" hai0="55,81,64,75,1,41,122,67,23,25,8,125,4" hai1="18,110,128,98,118,82,99,92,116,79,20,74,3" hai2="93,112,130,94,34,33,129,107,131,85,44,52,38" hai3="135,56,72,39,121,70,30,42,58,11,60,119,48"/><W117/><G72/><T132/><D55/><U22/><E110/><V127/><F112/><W12/><G30/><T65/><D122/><U78/><E3/><V69/><F107/><W40/><G121/><T15/><D41/><N who="3" m="15977" /><G11/><T87/><D125/><U96/><E78/><V49/><F127/><W28/><G12/><T31/><D132/><U35/><E35/><N who="2" m="13323" /><F38/><W63/><G28/><T106/><D106/><U68/><E128/><V88/><F69/><W123/><G123/><T109/><D109/><U84/><E68/><V51/><F51/><W57/><G39/><T46/><D46/><U83/><E83/><AGARI ba="1,1" hai="44,49,52,83,85,88,93,94,129,130,131" m="13323" machi="83" ten="40,5200,0" yaku="19,1,54,2" doraHai="66" who="2" fromWho="1" sc="253,0,150,-55,518,65,69,0" owari="253,5.3,95,-30.5,583,68.3,69,-43.1" /></mjloggm>