<mjloggm ver="2.3"><GO type="41" lobby="0"/><UN n0="%E2%93%9D%4C%75%63%6B%79%4A" n1="%E3%81%99%E3%83%BC%E3%82%84%E3%82%93%31%32%31%32" n2="%E3%81%8B%E3%81%98%E3%81%A8%E3%82%82" n3="%E3%83%89%E3%83%93%E3%83%B3%E3%82%A8%E3%83%B3%E3%83%96%E3%83%AC%E3%83%A0" dan="18,13,13,15" rate="2169.24,1841.57,1881.92,1948.91" sx="M,M,M,M"/><TAIKYOKU oya="0"/><INIT seed="0,0,0,4,2,52" ten="250,250,250,250" oya="0" hai0="101,134,58,112,8,130,105,121,92,11,14,90,111" hai1="70,45,65,75,57,42,34,43,5,46,110,97,33" hai2="117,68,129,18,123,82,78,100,89,120,115,77,30" hai3="81,128,23,118,114,12,74,9,88,116,24,27,50"/><T135/><D121/><U63/><E75/><V32/><F115/><W29/><G114/><T4/><D112/><U37/><E110/><V95/><F117/><W15/><G128/><T62/><D130/><U61/><E5/><V124/><F129/><W98/><G74/><T53/><D111/><U79/><E79/><V71/><F124/><W93/><G81/><T64/><D105/><U66/><E97/><V7/><F7/><W91/><G91/><T113/><D113/><U104/><E104/><V6/><F6/><W48/><G48/><AGARI ba="0,0" hai="33,34,37,42,43,45,46,48,57,61,63,65,66,70" machi="48" ten="30,2000,0" yaku="7,1,52,1" doraHai="52" who="1" fromWho="3" sc="250,0,250,20,250,0,250,-20" /><INIT seed="1,0,0,0,4,20" ten="250,270,250,230" oya="1" hai0="58,121,85,12,18,63,29,3,127,7,39,99,117" hai1="130,68,70,22,79,23,86,49,61,46,106,67,5" hai2="9,38,90,98,30,122,73,19,6,119,52,66,13" hai3="56,35,45,65,104,37,75,62,69,2,118,36,54"/><U116/><E106/><V25/><F119/><W129/><G104/><T4/><D39/><U123/><E123/><V113/><F122/><W31/><G75/><T133/><D3/><U81/><E116/><V111/><F73/><W80/><G118/><T91/><D133/><U126/><E126/><V28/><F38/><W50/><G129/><T27/><D99/><U135/><E135/><V115/><F66/><W59/><G80/><T114/><D114/><U97/><E130/><V60/><F111/><W40/><G31/><T131/><D127/><U53/><E70/><V105/><F105/><W87/><G87/><T43/><D43/><U132/><E132/><V15/><F15/><W48/><G35/><T125/><D125/><U82/><E97/><V42/><F42/><W10/><G10/><T21/><D121/><U16/><E5/><V44/><F115/><W95/><G95/><T76/><D76/><U134/><E134/><V107/><F107/><W64/><G2/><T47/><D47/><U84/><E16/><V0/><F0/><W128/><G128/><T32/><D117/><U71/><E71/><V100/><F100/><W14/><G14/><T103/><D103/><U108/><E108/><V89/><F89/><AGARI ba="0,0" hai="22,23,46,49,53,61,67,68,79,81,82,84,86,89" machi="89" ten="30,1500,0" yaku="7,1" doraHai="20" who="1" fromWho="2" sc="250,0,270,15,250,-15,230,0" /><INIT seed="1,1,0,1,0,104" ten="250,285,235,230" oya="1" hai0="34,67,31,112,89,119,85,107,121,65,21,110,128" hai1="32,91,129,52,12,105,22,43,39,23,47,92,50" hai2="48,41,18,96,6,133,40,17,68,132,98,35,53" hai3="135,79,108,69,59,95,87,38,42,97,125,27,1"/><U75/><E32/><V2/><F35/><W55/><G108/><T7/><D112/><U49/><E105/><V57/><F68/><W33/><G125/><T63/><D119/><U44/><E129/><V90/><F6/><W16/><G135/><N who="2" m="51785" /><F2/><W76/><G1/><T83/><D107/><U45/><E75/><V24/><F24/><W54/><G69/><T51/><D110/><U78/><E78/><V109/><F109/><W25/><G38/><T9/><D121/><U101/><E101/><V70/><F70/><W126/><G42/><N who="2" m="16489" /><F90/><W103/><G126/><T127/><D128/><U4/><E39/><V99/><AGARI ba="1,0" hai="17,18,48,53,57,96,98,99" m="16489,51785" machi="99" ten="40,1500,0" yaku="20,1" doraHai="104" who="2" fromWho="2" sc="250,-5,285,-8,235,18,230,-5" /><INIT seed="2,0,0,3,4,105" ten="245,277,253,225" oya="2" hai0="56,32,101,20,106,42,4,117,113,46,77,33,8" hai1="107,68,92,35,60,118,103,53,79,112,24,129,64" hai2="81,0,98,5,133,124,1,31,99,111,45,14,55" hai3="131,21,128,125,134,108,121,16,86,72,51,6,34"/><V97/><F124/><W49/><G121/><T91/><D113/><U41/><E112/><V69/><F69/><W123/><G123/><T67/><D91/><U18/><E118/><V23/><F133/><W109/><G125/><T10/><D10/><U44/><E129/><N who="3" m="49738" /><G34/><T7/><D7/><U50/><E79/><V36/><F81/><W126/><G126/><T63/><D20/><U70/><E70/><V130/><F130/><W100/><G134/><T43/><D43/><U88/><E107/><V17/><F111/><N who="3" m="42571" /><G72/><T65/><D117/><U12/><E103/><V54/><F31/><W78/><G100/><T87/><D101/><U39/><E24/><V114/><F114/><W82/><G6/><T75/><D106/><U22/><E35/><V93/><F0/><W57/><G57/><T38/><D67/><U27/><E27/><AGARI ba="0,0" hai="16,21,27,49,51,78,82,86" m="42571,49738" machi="27" ten="30,3900,0" yaku="19,1,14,1,54,1" doraHai="105" who="3" fromWho="1" sc="245,0,277,-39,253,0,225,39" /><INIT seed="3,0,0,3,3,62" ten="245,238,253,264" oya="3" hai0="41,97,99,70,6,134,66,54,101,43,102,120,113" hai1="123,56,79,105,65,14,52,28,51,125,7,4,40" hai2="94,85,48,23,76,11,132,24,112,108,74,111,127" hai3="129,10,118,119,20,122,12,47,121,100,25,15,42"/><W0/><G100/><T17/><D120/><N who="3" m="46185" /><G47/><T116/><D6/><U115/><E105/><V126/><F112/><W35/><G42/><T92/><D116/><N who="3" m="44585" /><G129/><T32/><D32/><U59/><E115/><V103/><F74/><W13/><G35/><T106/><D113/><U5/><E125/><V91/><F103/><W9/><G0/><T1/><D54/><U45/><E28/><AGARI ba="0,0" hai="9,10,12,13,15,20,25,28" m="44585,46185" machi="28" ten="40,3900,0" yaku="34,2" doraHai="62" who="3" fromWho="1" sc="245,0,238,-39,253,0,264,39" /><INIT seed="3,1,0,0,0,53" ten="245,199,253,303" oya="3" hai0="108,25,65,9,22,77,75,39,7,1,34,135,69" hai1="26,42,116,127,114,31,63,62,120,111,134,123,41" hai2="27,88,94,6,29,64,54,68,119,122,70,84,20" hai3="129,55,95,100,71,40,4,112,78,32,15,89,130"/><W82/><G112/><T93/><D135/><U76/><E114/><V92/><F119/><W0/><G71/><T83/><D108/><U48/><E116/><V115/><F115/><W14/><G32/><T50/><D50/><U60/><E111/><V105/><F105/><W79/><G100/><T131/><D131/><N who="3" m="50185" /><G40/><T38/><D93/><U13/><E134/><V125/><F122/><W24/><G24/><T8/><D9/><U46/><E127/><V124/><F6/><W44/><G44/><T58/><D34/><U28/><E76/><V118/><F118/><W81/><G55/><T87/><D69/><U106/><E106/><V110/><F110/><W12/><G0/><T37/><D75/><U17/><E42/><V99/><F54/><W35/><G35/><T133/><D133/><U91/><E91/><V16/><F29/><W103/><G103/><T45/><D45/><U56/><E123/><V104/><F104/><W43/><G4/><T132/><D132/><U10/><E120/><V18/><F18/><W47/><G79/><T97/><D39/><U11/><E11/><V23/><F23/><W96/><G78/><T90/><D77/><U74/><E74/><V126/><REACH who="2" step="1"/><F64/><REACH who="2" ten="245,199,243,303" step="2"/><W72/><G72/><T30/><D65/><N who="1" m="39047" /><E31/><V59/><F59/><W5/><G5/><T85/><D58/><U2/><E2/><V57/><F57/><W52/><G52/><T66/><D66/><U121/><E121/><V36/><F36/><AGARI ba="1,1" hai="12,14,15,36,43,47,81,82,89,95,96" m="50185" machi="36" ten="30,1500,0" yaku="19,1" doraHai="53" who="3" fromWho="2" sc="245,0,199,0,243,-18,303,28" /><INIT seed="3,2,0,4,2,25" ten="245,199,225,331" oya="3" hai0="105,66,112,9,29,87,41,77,62,19,69,100,43" hai1="39,27,79,65,1,20,67,98,21,44,56,89,48" hai2="113,102,26,61,31,88,47,108,3,99,0,81,6" hai3="46,84,72,18,73,52,13,114,101,24,14,107,42"/><W11/><G114/><T132/><D112/><U7/><E39/><V119/><F113/><W22/><G84/><T53/><D132/><U35/><E35/><V115/><F115/><W96/><G14/><T131/><D131/><U75/><E75/><V17/><F119/><W36/><REACH who="3" step="1"/><G52/><REACH who="3" ten="245,199,225,321" step="2"/><T34/><D53/><U16/><E1/><V104/><F3/><W28/><AGARI ba="2,1" hai="11,13,18,22,24,28,36,42,46,72,73,96,101,107" machi="28" ten="20,12000,1" yaku="1,1,2,1,0,1,7,1,52,1,53,0" doraHai="25" doraHaiUra="120" who="3" fromWho="3" sc="245,-42,199,-42,225,-42,321,136" /><INIT seed="3,3,0,1,0,26" ten="203,157,183,457" oya="3" hai0="89,134,7,33,47,20,79,53,57,115,119,117,94" hai1="91,24,123,96,78,37,0,65,21,22,62,17,48" hai2="27,121,80,87,67,39,82,60,49,59,116,90,97" hai3="14,5,12,107,40,16,15,106,76,88,35,126,70"/><W38/><G126/><T11/><D33/><U50/><E37/><V19/><F116/><W31/><G70/><T93/><D79/><U71/><E0/><V10/><F39/><W8/><G76/><T99/><D134/><U110/><E123/><V2/><F121/><W129/><G129/><T36/><D115/><U3/><E3/><V84/><F97/><W28/><G107/><T113/><D113/><U42/><E110/><V103/><F103/><W104/><G104/><T58/><D58/><U52/><E78/><V63/><F2/><W111/><G106/><T125/><D20/><U18/><E42/><V73/><F73/><W9/><G111/><T72/><D72/><U131/><E131/><V23/><F10/><W120/><G120/><T34/><D34/><U86/><E96/><V46/><F67/><W108/><G108/><T132/><D125/><U69/><E69/><V77/><REACH who="2" step="1"/><F59/><REACH who="2" ten="203,157,173,457" step="2"/><W25/><G8/><T122/><D122/><U135/><E135/><V105/><F105/><W54/><G38/><T112/><D132/><U83/><E65/><V114/><F114/><W41/><G9/><T133/><D112/><U55/><E71/><V66/><F66/><W4/><G5/><T95/><D133/><U51/><E62/><V43/><AGARI ba="3,1" hai="19,23,27,43,46,49,60,63,77,80,82,84,87,90" machi="43" ten="20,5200,0" yaku="1,1,0,1,7,1,8,1,53,0" doraHai="26" doraHaiUra="127" who="2" fromWho="2" sc="203,-16,157,-16,173,71,457,-29" /><INIT seed="4,0,0,1,3,6" ten="187,141,244,428" oya="0" hai0="36,46,91,9,131,96,66,80,16,68,56,4,71" hai1="35,125,85,112,120,101,11,105,114,94,76,81,111" hai2="24,132,95,15,23,60,31,0,63,50,106,116,18" hai3="89,3,62,109,20,126,8,86,32,19,130,37,74"/><T38/><D131/><U13/><E35/><V55/><F106/><W53/><G109/><T45/><D56/><U29/><E29/><V27/><F132/><W92/><G74/><T52/><D66/><U44/><E111/><V67/><F116/><W64/><G130/><T26/><D71/><U65/><E120/><V48/><F0/><W1/><G37/><T73/><D68/><U124/><E105/><V87/><F67/><W10/><G32/><T47/><D73/><U107/><E107/><V117/><F117/><W133/><G133/><T39/><D96/><N who="1" m="59543" /><E65/><V77/><F50/><W42/><G42/><T102/><D102/><U123/><E44/><V104/><F104/><W49/><G1/><T61/><D61/><U25/><E25/><V82/><F95/><W72/><G3/><T97/><D97/><U14/><E14/><V121/><F121/><W57/><G126/><N who="1" m="48746" /><E123/><V113/><F27/><N who="3" m="14751" /><G72/><T69/><D69/><U78/><E78/><V40/><F24/><W22/><G22/><N who="0" m="13639" /><D39/><U134/><E134/><V110/><F110/><W43/><G43/><T128/><D38/><U33/><E33/><V135/><F135/><W17/><G17/><AGARI ba="0,0" hai="11,13,17,76,81,85,112,114" m="48746,59543" machi="17" ten="30,2000,0" yaku="18,1,52,1" doraHai="6" who="1" fromWho="3" sc="187,0,141,20,244,0,428,-20" /><INIT seed="5,0,0,3,0,129" ten="187,161,244,408" oya="1" hai0="77,134,63,0,39,127,70,99,54,73,65,126,110" hai1="35,45,16,106,108,53,49,75,13,33,61,135,23" hai2="101,36,97,131,96,100,105,117,25,87,50,8,22" hai3="68,103,111,51,119,38,83,112,34,90,11,28,55"/><U80/><E106/><V74/><F74/><W20/><G111/><T1/><D110/><U86/><E75/><V5/><F36/><W133/><G112/><T132/><D54/><U37/><E108/><V42/><F131/><W94/><G38/><T58/><D58/><U81/><E81/><V21/><F117/><W60/><G34/><T19/><D19/><U3/><E3/><N who="0" m="1097" /><D99/><U26/><E37/><V79/><F79/><W27/><G103/><T24/><D24/><U89/><E61/><V56/><F87/><W10/><G83/><N who="0" m="45487" /><D39/><U76/><E76/><V118/><F118/><W78/><G78/><T4/><D4/><U125/><E125/><AGARI ba="0,0" hai="63,65,70,125,126,127,132,134" m="45487,1097" machi="125" ten="30,7700,0" yaku="18,1,23,1,52,2" doraHai="129" who="0" fromWho="1" sc="187,77,161,-77,244,0,408,0" /><INIT seed="6,0,0,3,1,18" ten="264,84,244,408" oya="2" hai0="53,135,33,134,92,21,3,12,50,73,45,26,110" hai1="95,14,8,38,100,82,91,29,32,78,55,19,25" hai2="90,117,62,54,130,128,31,13,72,24,66,35,44" hai3="115,51,0,58,118,43,7,5,47,48,59,68,119"/><V10/><F117/><W109/><G109/><T97/><D3/><U69/><E69/><V40/><F72/><W60/><G0/><T9/><D33/><U34/><E38/><V42/><F90/><W133/><G7/><T102/><D73/><U74/><E100/><V113/><F113/><W107/><G107/><T64/><D64/><U63/><E63/><V98/><F98/><W81/><G81/><T77/><D77/><U101/><E101/><V96/><F96/><W84/><G84/><T15/><D110/><U56/><E34/><V111/><F111/><W75/><G5/><T52/><D53/><U132/><E132/><N who="0" m="50729" /><D9/><U103/><E103/><V126/><F126/><W23/><G75/><T30/><AGARI ba="0,0" hai="12,15,21,26,30,45,50,52,92,97,102" m="50729" machi="30" ten="30,4000,0" yaku="20,1,52,1,54,1" doraHai="18" who="0" fromWho="0" sc="264,40,84,-10,244,-20,408,-10" /><INIT seed="7,0,0,5,5,32" ten="304,74,224,398" oya="3" hai0="13,122,65,104,43,113,84,100,75,112,1,19,56" hai1="82,101,54,61,90,73,76,7,28,55,79,22,121" hai2="96,131,97,36,38,8,26,88,72,9,118,85,114" hai3="50,16,35,94,42,23,77,6,51,99,108,29,106"/><W47/><G106/><T14/><D43/><U62/><E121/><V2/><F118/><W69/><G69/><T92/><D122/><U41/><E41/><V117/><F117/><W60/><G60/><T126/><D75/><U20/><E28/><V11/><F72/><W130/><G130/><T68/><D56/><U66/><E101/><V128/><F114/><N who="0" m="44138" /><D126/><U89/><E73/><V37/><F26/><W49/><G108/><T59/><D59/><U133/><E133/><V91/><F2/><W129/><G129/><N who="2" m="49737" /><F85/><W0/><G49/><T102/><D14/><U52/><E7/><V33/><F33/><W45/><G50/><T53/><D53/><U15/><E15/><V24/><F24/><W83/><G47/><T119/><D104/><U67/><E55/><V115/><F115/><W25/><G51/><T81/><D92/><U58/><E58/><V63/><F63/><W4/><G45/><T39/><D39/><N who="2" m="9986" /><V30/><DORA hai="111" /><F30/><W10/><G42/><T134/><D1/><U57/><E57/><V125/><F125/><W70/><G70/><T86/><D119/><U74/><E74/><V80/><F80/><AGARI ba="0,0" hai="20,22,52,54,61,62,66,67,76,79,80,82,89,90" machi="80" ten="25,6400,0" yaku="22,2,8,1,54,1" doraHai="32,111" who="1" fromWho="2" sc="304,0,74,64,224,-64,398,0" owari="304,10.4,138,-36.2,160,-24.0,398,49.8" /></mjloggm>