<mjloggm ver="2.3"><GO type="41" lobby="0"/><UN n0="%6F%74%6F%6D%61%6E%61" n1="%72%69%6E%68%61%6E%61" n2="%E2%93%9D%4C%75%63%6B%79%4A" n3="%46%75%77%61" dan="13,14,16,14" rate="1848.10,1961.66,2158.63,1954.24" sx="M,M,M,M"/><TAIKYOKU oya="0"/><INIT seed="0,0,0,3,5,56" ten="250,250,250,250" oya="0" hai0="59,11,66,48,61,47,84,16,89,98,127,101,42" hai1="103,73,108,68,21,29,20,0,50,3,87,24,13" hai2="78,111,35,134,106,51,77,65,8,41,80,55,117" hai3="9,74,132,107,83,31,109,64,90,62,25,104,18"/><T99/><D127/><U112/><E73/><V19/><F35/><W115/><G115/><T1/><D101/><U5/><E112/><V71/><F41/><W76/><G109/><T86/><D1/><U122/><E122/><V53/><F106/><W46/><G132/><T93/><D99/><U17/><E68/><V72/><F78/><W60/><G46/><T118/><D118/><U94/><E108/><V96/><F55/><W30/><G90/><T10/><D11/><U119/><E119/><V33/><F33/><W52/><G64/><T40/><D40/><U79/><E79/><V26/><F96/><W75/><G75/><T92/><D92/><U81/><E81/><V14/><F26/><W124/><G124/><T39/><D39/><U113/><E113/><V2/><F134/><W15/><G30/><T37/><D37/><U116/><E5/><V49/><F111/><W130/><G130/><T67/><D67/><U27/><E27/><V6/><F53/><W85/><G74/><T120/><D120/><U57/><E116/><V28/><F28/><W63/><REACH who="3" step="1"/><G52/><REACH who="3" ten="250,250,250,240" step="2"/><T4/><D4/><U22/><E103/><V95/><F6/><W114/><G114/><T38/><D38/><U125/><E125/><V32/><F117/><W105/><G105/><T131/><D131/><U135/><E135/><V129/><F129/><W43/><G43/><T102/><D89/><U54/><E22/><AGARI ba="0,1" hai="9,15,18,22,25,31,60,62,63,76,83,85,104,107" machi="22" ten="40,8000,1" yaku="1,1,52,3,53,0" doraHai="56" doraHaiUra="45" who="3" fromWho="1" sc="250,0,250,-80,250,0,240,90" /><INIT seed="1,0,0,2,2,24" ten="250,170,250,330" oya="1" hai0="58,102,117,33,97,75,38,77,109,126,133,104,1" hai1="47,118,9,36,27,20,21,51,68,0,94,86,130" hai2="111,22,69,49,40,50,91,62,18,114,124,32,35" hai3="2,56,100,42,87,71,108,39,72,120,59,131,116"/><U83/><E118/><V88/><F114/><W96/><G120/><T31/><RYUUKYOKU type="yao9" ba="0,0" sc="250,0,170,0,250,0,330,0" hai0="1,31,33,38,58,75,77,97,102,104,109,117,126,133" /><INIT seed="1,1,0,1,2,3" ten="250,170,250,330" oya="1" hai0="78,64,36,101,67,29,73,108,19,59,112,56,90" hai1="105,28,40,6,30,16,128,47,122,131,120,31,86" hai2="50,62,89,92,88,95,68,107,45,21,87,42,127" hai3="83,109,65,70,115,130,26,80,58,117,49,11,43"/><U39/><E105/><V76/><F107/><W82/><G115/><T44/><D112/><U72/><E72/><V35/><F35/><W48/><G109/><T8/><D108/><U7/><E86/><V37/><F127/><W97/><G130/><N who="1" m="49706" /><E16/><V2/><F2/><W9/><G117/><T41/><D101/><U0/><E0/><V91/><F37/><W14/><G70/><T20/><D29/><U81/><E81/><N who="2" m="47527" /><F68/><W134/><G134/><T126/><D126/><U51/><E39/><V104/><F62/><N who="3" m="38103" /><G26/><T33/><D33/><U55/><E40/><V66/><F66/><W71/><G71/><T23/><D67/><U116/><E116/><V77/><F77/><W96/><G43/><T99/><D64/><U98/><E98/><N who="3" m="37994" /><G11/><T63/><D8/><U93/><E93/><N who="2" m="35915" /><F104/><W10/><G10/><T110/><D110/><U74/><E74/><V54/><F42/><W103/><G103/><T69/><D69/><U52/><E55/><V111/><F111/><W34/><G34/><T18/><D99/><U121/><AGARI ba="1,0" hai="6,7,28,30,31,47,51,52,120,121,122" m="49706" machi="121" ten="40,12000,1" yaku="19,1,52,2,54,1" doraHai="3" who="1" fromWho="1" sc="250,-41,170,123,250,-41,330,-41" /><INIT seed="1,2,0,1,2,17" ten="209,293,209,289" oya="1" hai0="118,52,6,51,63,50,24,108,132,89,37,92,60" hai1="65,29,129,76,68,28,123,100,71,1,72,42,8" hai2="124,121,25,96,39,27,34,70,117,94,11,12,15" hai3="16,130,21,35,90,82,77,26,88,104,112,20,22"/><U66/><E123/><V120/><F70/><W59/><G112/><T57/><D118/><U9/><E100/><V31/><F39/><W83/><G104/><T122/><D37/><U106/><E106/><V119/><F94/><W33/><G130/><T23/><D122/><N who="2" m="47210" /><F96/><W128/><G128/><T93/><D132/><U53/><E129/><V110/><F110/><W97/><G97/><T43/><D6/><U116/><E116/><N who="2" m="44619" /><F124/><W38/><G38/><T134/><D108/><U18/><E53/><V78/><F78/><W85/><G59/><T49/><D134/><U54/><E54/><V115/><F115/><W114/><G114/><T75/><D75/><U46/><E76/><V7/><F27/><W19/><G26/><T105/><D105/><U4/><E72/><V48/><F48/><W98/><G98/><N who="0" m="57615" /><D93/><U56/><E71/><V109/><F109/><W81/><G77/><T84/><D63/><N who="1" m="38119" /><E66/><V44/><F44/><W107/><G107/><T131/><D131/><U95/><E95/><V36/><F36/><W69/><G69/><T73/><D73/><U62/><E62/><V10/><F7/><W86/><G83/><T45/><D84/><U102/><E102/><V103/><F103/><W40/><G40/><T32/><D32/><AGARI ba="2,0" hai="16,19,20,21,22,32,33,35,81,82,85,86,88,90" machi="32" ten="40,12000,2" yaku="9,1,52,3,54,2" doraHai="17" who="3" fromWho="0" sc="209,-126,293,0,209,0,289,126" /><INIT seed="2,0,0,2,3,87" ten="83,293,209,415" oya="2" hai0="88,57,122,94,71,114,63,3,23,108,14,89,131" hai1="15,25,21,70,96,54,98,120,24,45,43,40,26" hai2="91,125,27,116,74,124,69,106,58,112,97,52,95" hai3="67,92,59,127,111,113,128,51,19,72,50,101,90"/><V49/><F116/><W81/><G111/><T84/><D122/><U130/><E70/><V48/><F112/><W62/><G127/><N who="2" m="48713" /><F69/><W80/><G128/><T117/><D114/><U133/><E120/><V103/><F74/><W56/><G113/><T7/><D3/><U17/><E130/><V119/><F119/><W39/><G39/><T53/><D131/><U55/><E133/><V22/><F106/><W75/><G101/><T123/><D123/><U77/><E77/><V129/><F129/><W132/><G132/><T79/><D117/><U32/><E32/><V18/><F103/><W73/><G19/><N who="0" m="10743" /><D71/><U82/><E82/><V121/><F121/><W31/><G31/><T118/><D118/><U66/><E66/><V86/><F86/><W105/><G105/><T100/><D108/><U68/><E68/><V33/><F33/><W102/><G102/><T38/><D38/><U0/><E0/><V34/><F34/><W60/><G80/><N who="0" m="47135" /><D7/><U8/><E21/><V29/><F29/><W10/><G10/><T6/><D6/><U78/><E78/><V28/><F28/><W4/><G4/><T83/><D83/><U65/><E65/><V2/><F2/><W44/><G81/><T5/><D5/><U9/><E9/><V109/><F109/><W46/><G73/><T47/><D47/><U76/><E76/><V115/><F115/><W37/><G37/><T41/><D41/><N who="1" m="15947" /><E45/><V64/><F64/><W30/><G67/><T61/><D61/><AGARI ba="0,0" hai="18,22,27,48,49,52,58,61,91,95,97" m="48713" machi="61" ten="30,11600,0" yaku="25,1,18,1,52,1,54,1" doraHai="87" who="2" fromWho="0" sc="83,-116,293,0,209,116,415,0" owari="-33,-53.3,293,-10.7,325,12.5,415,51.5" /></mjloggm>