<mjloggm ver="2.3"><GO type="41" lobby="0"/><UN n0="%E9%81%8B%E5%A4%AA" n1="%E3%83%9D%E3%83%83%E3%83%9D%E3%83%B3" n2="%E2%93%9D%4C%75%63%6B%79%4A" n3="%4B%72%61%75%73%65%72" dan="14,14,17,14" rate="1882.14,1967.46,2139.34,1949.81" sx="M,M,M,M"/><TAIKYOKU oya="0"/><INIT seed="0,0,0,2,4,80" ten="250,250,250,250" oya="0" hai0="72,35,105,76,127,65,82,64,48,12,2,66,37" hai1="68,74,123,55,106,100,119,103,111,85,130,50,1" hai2="126,90,45,13,133,41,6,84,38,107,114,7,15" hai3="108,70,33,0,4,109,79,9,14,47,61,91,131"/><T120/><D120/><U52/><E68/><V69/><F114/><W96/><G33/><T24/><D127/><U110/><E1/><V118/><F107/><W113/><G113/><T112/><D112/><U75/><E123/><V10/><F126/><W95/><G131/><T25/><D105/><U129/><E106/><V94/><F69/><W21/><G79/><T134/><D134/><U28/><E28/><V99/><F133/><W26/><G0/><T92/><D48/><U59/><E119/><V56/><F118/><W98/><G47/><T101/><D37/><U43/><E43/><V77/><F56/><W60/><G98/><T89/><D101/><U124/><E59/><V135/><F135/><W116/><G116/><T53/><D53/><U117/><E117/><V81/><REACH who="2" step="1"/><F15/><REACH who="2" ten="250,250,240,250" step="2"/><W121/><G70/><T36/><D12/><U27/><E124/><V39/><F39/><W19/><REACH who="3" step="1"/><G121/><REACH who="3" ten="250,250,240,240" step="2"/><T102/><D2/><U73/><E129/><V51/><F51/><W58/><G58/><T18/><D36/><U5/><E50/><V42/><F42/><W49/><G49/><T71/><D71/><U3/><E130/><V40/><F40/><W34/><G34/><T87/><D35/><U16/><E3/><V22/><F22/><W32/><G32/><T30/><D30/><U57/><E57/><V115/><F115/><W17/><G17/><AGARI ba="0,2" hai="6,7,10,13,17,38,41,45,77,81,84,90,94,99" machi="17" ten="30,3900,0" yaku="1,1,7,1,52,1,53,0" doraHai="80" doraHaiUra="63" who="2" fromWho="3" sc="250,0,250,0,240,59,240,-39" /><INIT seed="1,0,0,2,5,113" ten="250,250,299,201" oya="1" hai0="37,15,123,117,77,46,4,87,43,7,31,2,114" hai1="108,118,50,125,8,111,126,130,58,9,85,24,65" hai2="39,60,62,129,83,104,5,100,26,49,22,133,71" hai3="80,35,78,0,116,106,89,13,131,3,11,110,92"/><U55/><E130/><V16/><F39/><W90/><G106/><T107/><D114/><U38/><E38/><V10/><F129/><W30/><G131/><T40/><D107/><U79/><E24/><V119/><F119/><W25/><G110/><N who="1" m="42026" /><E118/><V81/><F133/><W91/><G116/><T134/><D117/><U12/><E65/><V59/><F71/><W97/><G0/><T56/><D31/><U103/><E103/><V47/><F62/><W99/><G3/><T127/><D43/><U53/><E53/><V41/><F100/><W61/><G61/><T72/><D123/><U115/><E115/><V70/><F70/><W69/><G69/><T6/><D134/><U98/><E98/><V102/><F102/><W17/><REACH who="3" step="1"/><G97/><REACH who="3" ten="250,250,299,191" step="2"/><T44/><D2/><U121/><E121/><V45/><F104/><W51/><G51/><T84/><D37/><U75/><E75/><AGARI ba="0,1" hai="11,13,17,25,30,35,75,78,80,89,90,91,92,99" machi="75" ten="30,2000,0" yaku="1,1,7,1,53,0" doraHai="113" doraHaiUra="57" who="3" fromWho="1" sc="250,0,250,-20,299,0,191,30" /><INIT seed="2,0,0,0,1,61" ten="250,230,299,221" oya="2" hai0="105,72,5,125,123,43,13,60,127,100,65,57,92" hai1="86,15,91,132,87,63,53,42,33,97,12,51,35" hai2="73,54,99,79,11,80,90,122,68,18,7,75,14" hai3="28,93,46,52,24,32,129,128,3,27,110,101,89"/><V121/><F68/><W38/><G3/><T30/><D123/><U76/><E132/><V108/><F75/><W55/><G101/><T40/><D72/><U39/><E39/><V19/><F108/><W85/><G110/><T59/><D105/><U113/><E113/><V103/><F90/><W130/><REACH who="3" step="1"/><G24/><REACH who="3" ten="250,230,299,211" step="2"/><T114/><D114/><U26/><E26/><V17/><REACH who="2" step="1"/><F54/><REACH who="2" ten="250,230,289,211" step="2"/><W106/><G106/><AGARI ba="0,2" hai="7,11,14,17,18,19,73,79,80,99,103,106,121,122" machi="106" ten="40,7700,0" yaku="1,1,2,1,53,1" doraHai="61" doraHaiUra="77" who="2" fromWho="3" sc="250,0,230,0,289,97,211,-77" /><INIT seed="2,1,0,0,1,60" ten="250,230,386,134" oya="2" hai0="59,133,81,36,27,68,49,66,16,21,15,74,44" hai1="13,93,32,47,6,33,53,0,111,76,57,87,61" hai2="80,12,28,43,58,46,77,52,115,63,24,25,2" hai3="85,118,78,14,100,3,113,38,8,92,130,121,101"/><V37/><F115/><W5/><G118/><T89/><D133/><U86/><E0/><V122/><F122/><W56/><G121/><T99/><D36/><U10/><E111/><V96/><F2/><W82/><G130/><T134/><D134/><U112/><E112/><V50/><F96/><W73/><G38/><T125/><D125/><U35/><E93/><V103/><F103/><W40/><G40/><T128/><D128/><U107/><E107/><V29/><F12/><W135/><G135/><T97/><D68/><U72/><REACH who="1" step="1"/><E47/><REACH who="1" ten="250,220,386,134" step="2"/><V102/><F102/><W131/><G131/><T22/><D44/><U54/><E54/><V62/><F29/><W19/><G113/><T20/><D27/><U105/><E105/><V41/><F43/><W67/><G92/><T42/><D42/><U108/><E108/><V83/><F83/><AGARI ba="1,1" hai="6,10,13,32,33,35,53,57,61,72,76,83,86,87" machi="83" ten="40,1300,0" yaku="1,1,53,0" doraHai="60" doraHaiUra="64" who="1" fromWho="2" sc="250,0,220,26,386,-16,134,0" /><INIT seed="3,0,0,2,0,129" ten="250,246,370,134" oya="3" hai0="127,24,64,123,117,114,106,78,65,118,107,86,122" hai1="54,103,128,97,8,75,94,135,44,11,101,39,91" hai2="60,15,49,53,80,55,96,61,84,3,36,43,99" hai3="18,132,72,26,104,57,82,112,21,63,52,25,45"/><W42/><G112/><T14/><D14/><U102/><E128/><V124/><F3/><W40/><G104/><N who="0" m="39979" /><D24/><U134/><E75/><V6/><F124/><W38/><G132/><N who="1" m="50730" /><E39/><V10/><F55/><W67/><G42/><T46/><D127/><U115/><E115/><V125/><F36/><W33/><G72/><T62/><D46/><U130/><E130/><V28/><F28/><W29/><REACH who="3" step="1"/><G82/><REACH who="3" ten="250,246,370,124" step="2"/><T5/><D114/><U120/><E120/><V56/><F125/><W7/><G7/><T4/><D123/><U37/><E54/><AGARI ba="0,1" hai="18,21,25,26,29,33,38,40,45,52,54,57,63,67" machi="54" ten="40,3900,0" yaku="1,1,54,1,53,0" doraHai="129" doraHaiUra="119" who="3" fromWho="1" sc="250,0,246,-39,370,0,124,49" /><INIT seed="3,1,0,0,4,33" ten="250,207,370,173" oya="3" hai0="5,121,64,102,66,29,7,15,59,110,135,10,53" hai1="47,58,51,0,105,116,98,129,30,90,123,103,18" hai2="28,17,11,60,120,24,99,73,71,134,35,12,122" hai3="55,111,36,54,112,108,21,43,84,97,49,107,74"/><W56/><G112/><T69/><D110/><N who="3" m="42025" /><G74/><T94/><D121/><N who="2" m="46698" /><F73/><W6/><G6/><T80/><D135/><U126/><E123/><V9/><F99/><W26/><G84/><T79/><D29/><U63/><E116/><V113/><F60/><W68/><G68/><T70/><D7/><U118/><E118/><V41/><F41/><W78/><G78/><T83/><D70/><U67/><E126/><V31/><F71/><W1/><G1/><T88/><D102/><U20/><E129/><V114/><F31/><N who="3" m="17871" /><G55/><T38/><D38/><U86/><E30/><V22/><F134/><W115/><G115/><AGARI ba="1,0" hai="9,11,12,17,22,24,28,35,113,114,115" m="46698" machi="115" ten="30,3900,0" yaku="13,1,34,2" doraHai="33" who="2" fromWho="3" sc="250,0,207,0,370,42,173,-42" /><INIT seed="4,0,0,2,2,102" ten="250,207,412,131" oya="0" hai0="31,50,56,41,42,98,124,132,121,115,110,134,24" hai1="2,95,83,6,94,107,80,88,36,135,77,44,20" hai2="0,46,14,123,119,65,71,38,64,114,53,11,90" hai3="92,109,63,120,78,91,55,23,68,7,61,32,47"/><T93/><D121/><U8/><E135/><V26/><F0/><W133/><G109/><T117/><D117/><U118/><E118/><V39/><F123/><W19/><G32/><T122/><D122/><U37/><E107/><V45/><F26/><W21/><G133/><N who="0" m="51307" /><D115/><U3/><E3/><V4/><F90/><W105/><G105/><T129/><D124/><U18/><E95/><V113/><F119/><W127/><G127/><T99/><D129/><U73/><E80/><V35/><F35/><W5/><G78/><T30/><D99/><U89/><E89/><V101/><F101/><W40/><G120/><T54/><D110/><U128/><E128/><V13/><F53/><W106/><G106/><T10/><D10/><U84/><REACH who="1" step="1"/><E44/><REACH who="1" ten="250,197,412,131" step="2"/><V60/><F46/><W12/><G92/><T28/><D24/><AGARI ba="0,1" hai="2,6,8,18,20,24,36,37,73,77,83,84,88,94" machi="24" ten="30,7700,0" yaku="1,1,2,1,7,1,54,1,53,0" doraHai="102" doraHaiUra="130" who="1" fromWho="0" sc="250,-77,197,87,412,0,131,0" /><INIT seed="5,0,0,5,0,20" ten="173,284,412,131" oya="1" hai0="132,10,64,36,3,19,66,65,128,50,8,114,75" hai1="58,129,82,44,130,73,90,94,6,41,53,95,107" hai2="32,98,106,18,102,85,33,0,30,97,86,109,119" hai3="52,54,124,117,26,111,84,115,77,60,23,125,7"/><U4/><E107/><V126/><F0/><W123/><G111/><T57/><D75/><U122/><E122/><V101/><F109/><W121/><G7/><T135/><D36/><U42/><E73/><V83/><F119/><W99/><G99/><T69/><D3/><U47/><E82/><V91/><F126/><N who="3" m="48747" /><G115/><T127/><D127/><U103/><E103/><V61/><F61/><W40/><G40/><T25/><D114/><U5/><E58/><V59/><F59/><N who="3" m="34919" /><G117/><T13/><D69/><U55/><REACH who="1" step="1"/><E5/><REACH who="1" ten="173,274,412,131" step="2"/><V45/><F102/><W48/><G77/><T15/><D128/><U21/><E21/><V133/><F101/><W51/><G84/><T62/><D135/><U28/><E28/><V131/><F30/><N who="3" m="17759" /><G51/><T80/><D50/><U31/><E31/><V81/><F106/><W49/><G49/><T17/><D132/><U96/><E96/><V22/><F98/><W34/><G34/><T104/><D104/><U63/><E63/><V92/><F97/><W70/><G70/><T67/><D80/><U68/><E68/><V1/><F83/><W89/><G89/><AGARI ba="0,1" hai="4,6,41,42,44,47,53,55,89,90,94,95,129,130" machi="89" ten="25,12000,1" yaku="1,1,22,2,53,2" doraHai="20" doraHaiUra="38" who="1" fromWho="3" sc="173,0,274,130,412,0,131,-120" /><INIT seed="5,1,0,0,5,81" ten="173,404,412,11" oya="1" hai0="91,76,133,105,117,64,52,20,27,10,83,29,37" hai1="96,104,103,129,70,25,48,9,51,3,77,107,38" hai2="53,24,39,100,87,94,90,31,135,128,101,108,58" hai3="102,112,125,126,114,21,61,36,63,67,66,82,60"/><U8/><E70/><V26/><F108/><W28/><G102/><T1/><D117/><U5/><E129/><V121/><F121/><W55/><G82/><T57/><D37/><U119/><E119/><V30/><F39/><W59/><G21/><T62/><D105/><U17/><E104/><V97/><F135/><W14/><G14/><T12/><D133/><U115/><E115/><N who="3" m="44074" /><G36/><T56/><D1/><U74/><E38/><V78/><F78/><W46/><G28/><N who="2" m="10793" /><F128/><W130/><G46/><T86/><D76/><U123/><E123/><V89/><F90/><W79/><G79/><T0/><D0/><U15/><REACH who="1" step="1"/><E25/><REACH who="1" ten="173,394,412,11" step="2"/><N who="2" m="9835" /><F97/><W75/><G130/><T80/><D29/><U106/><E106/><V127/><F127/><N who="3" m="48651" /><G75/><T16/><D27/><U43/><E43/><V2/><F2/><W98/><G98/><T118/><D118/><U7/><E7/><V124/><F124/><W45/><G45/><T93/><REACH who="0" step="1"/><D20/><REACH who="0" ten="163,394,412,11" step="2"/><U132/><E132/><V109/><F109/><W65/><AGARI ba="1,2" hai="55,59,60,61,63,65,66,67" m="48651,44074" machi="65" ten="40,8000,1" yaku="15,1,18,1,34,2" doraHai="81" who="3" fromWho="3" sc="163,-21,394,-41,412,-21,11,103" /><INIT seed="6,0,0,4,0,116" ten="142,353,391,114" oya="2" hai0="113,104,35,88,51,1,119,115,105,74,63,39,19" hai1="70,71,93,8,99,94,79,96,54,34,80,9,2" hai2="27,37,95,57,52,43,4,53,121,12,92,47,102" hai3="42,10,129,25,6,36,112,86,117,73,91,132,76"/><V30/><F121/><W134/><G117/><T68/><D119/><U3/><E34/><V126/><F126/><W101/><G129/><T106/><D39/><U130/><E80/><V124/><F124/><W18/><G101/><T120/><D120/><U26/><E79/><V33/><F53/><W87/><G73/><T67/><D1/><U62/><E26/><V110/><F110/><W17/><G112/><N who="0" m="43083" /><D74/><U31/><E31/><V59/><F59/><W123/><G76/><T109/><D109/><U69/><E69/><V60/><REACH who="2" step="1"/><F102/><REACH who="2" ten="142,353,381,114" step="2"/><W111/><G123/><T49/><D35/><U11/><E54/><V41/><F41/><W98/><G111/><T81/><D19/><U32/><E32/><V128/><F128/><W118/><G118/><T65/><D65/><U83/><E130/><V75/><F75/><W103/><G18/><T64/><D64/><U72/><E72/><V133/><F133/><N who="3" m="51307" /><G42/><T29/><D29/><U40/><E40/><V82/><F82/><W97/><G36/><T7/><D7/><U56/><E83/><V20/><F20/><N who="3" m="13455" /><G103/><T122/><D122/><U84/><E2/><V55/><F55/><W5/><G5/><T66/><D66/><U77/><E3/><V78/><F78/><W21/><G21/><T100/><D100/><U85/><E77/><V50/><F50/><W108/><G108/><T22/><D22/><U135/><E135/><V58/><F58/><W89/><G6/><T24/><D24/><U38/><E38/><V28/><F28/><W127/><G127/><T90/><D81/><U13/><E56/><V16/><F16/><RYUUKYOKU ba="0,1" sc="142,15,353,-15,381,15,114,-15" hai0="49,51,63,67,68,88,90,104,105,106" hai2="4,12,27,30,33,37,43,47,52,57,60,92,95" /><INIT seed="6,1,1,3,2,37" ten="157,338,396,99" oya="2" hai0="127,34,15,29,102,60,130,105,81,59,20,53,0" hai1="38,63,72,45,128,14,27,33,21,13,30,126,71" hai2="109,129,39,113,85,8,131,133,95,47,106,23,88" hai3="134,48,78,54,120,62,84,36,51,56,42,80,44"/><V16/><F106/><W116/><G116/><T117/><D117/><U97/><E72/><V77/><F133/><W22/><G134/><T7/><D130/><N who="2" m="49674" /><F113/><W86/><G120/><T123/><D127/><U18/><E126/><V11/><F77/><W94/><REACH who="3" step="1"/><G22/><REACH who="3" ten="157,338,396,89" step="2"/><T67/><D123/><U3/><E21/><V89/><F109/><W79/><G79/><T114/><D20/><U40/><E128/><V124/><F124/><W64/><G64/><T69/><D114/><U92/><E33/><V112/><F112/><W76/><G76/><T110/><D110/><U100/><E30/><V6/><F6/><W35/><G35/><T1/><D34/><U2/><E27/><N who="2" m="14823" /><F89/><AGARI ba="1,2" hai="36,42,44,48,51,54,56,62,78,80,84,86,89,94" machi="89" ten="40,2600,0" yaku="1,1,52,1,53,0" doraHai="37" doraHaiUra="28" who="3" fromWho="2" sc="157,0,338,0,396,-29,89,49" /><INIT seed="7,0,0,1,5,72" ten="157,338,367,138" oya="3" hai0="117,17,28,116,99,126,84,93,70,131,43,73,121" hai1="3,89,14,127,92,118,133,87,44,90,39,67,113" hai2="76,34,10,135,100,60,74,48,27,12,75,108,1" hai3="20,9,134,128,37,53,58,125,15,55,61,54,119"/><W13/><G119/><T31/><D70/><U79/><E3/><V29/><F108/><W23/><G134/><T97/><D121/><U52/><E133/><V40/><F135/><W80/><G37/><T103/><D73/><U18/><E118/><V7/><F100/><W123/><G123/><T21/><D84/><U112/><E127/><V110/><F110/><W4/><G128/><T38/><D126/><U68/><E68/><V77/><F60/><W104/><G104/><T51/><D38/><U33/><E33/><V82/><F48/><W107/><G107/><T35/><D99/><U130/><E67/><V88/><F40/><W86/><G125/><T69/><D69/><U91/><E130/><V78/><F1/><W25/><G15/><T41/><D131/><U45/><E44/><V50/><F50/><W109/><G109/><T64/><D64/><U132/><E39/><V102/><F102/><W114/><G114/><N who="1" m="44138" /><E92/><V6/><F7/><W111/><G111/><T62/><D35/><U63/><E45/><V106/><F106/><W16/><G23/><T124/><D124/><U30/><E30/><V115/><F115/><W46/><G46/><N who="0" m="26063" /><D43/><U95/><E132/><V96/><F75/><W56/><G58/><T5/><D117/><U22/><E79/><AGARI ba="0,0" hai="4,9,13,16,20,25,53,54,55,56,61,79,80,86" machi="79" ten="30,11600,0" yaku="7,1,8,1,52,1,54,1" doraHai="72" who="3" fromWho="1" sc="157,0,338,-116,367,0,138,116" /><INIT seed="7,1,0,0,0,1" ten="157,222,367,254" oya="3" hai0="114,118,11,48,84,111,14,75,36,133,87,92,3" hai1="24,102,80,33,105,32,85,60,81,17,39,6,2" hai2="0,50,34,109,134,7,35,79,73,94,8,38,23" hai3="116,125,76,51,130,108,27,22,96,55,47,46,86"/><W128/><G116/><T117/><D36/><U98/><E39/><V90/><F38/><W21/><G125/><T15/><D111/><U12/><E2/><V72/><F23/><W30/><G108/><T20/><D75/><U107/><E80/><V40/><F109/><W100/><G47/><T97/><D114/><U68/><E105/><V95/><F95/><W66/><G66/><T106/><D106/><U49/><E49/><V13/><F0/><W52/><G55/><T77/><D3/><U93/><E93/><V135/><F79/><W37/><G37/><T25/><D48/><U43/><E43/><V113/><F113/><W53/><G53/><T126/><D133/><N who="2" m="50698" /><F40/><W10/><G22/><T42/><D42/><U4/><E32/><N who="2" m="12331" /><F50/><W127/><G10/><T129/><D126/><U58/><E68/><V91/><F91/><W104/><REACH who="3" step="1"/><G127/><REACH who="3" ten="157,222,367,244" step="2"/><T16/><D118/><U112/><E112/><V65/><F65/><W88/><G88/><N who="0" m="55431" /><D117/><U132/><E132/><V54/><F54/><W18/><G18/><N who="0" m="8543" /><D129/><U131/><E131/><V64/><F64/><W19/><G19/><N who="0" m="12447" /><D77/><U57/><E33/><V101/><F90/><W9/><G9/><AGARI ba="1,1" hai="9,15,16,84,87" m="12447,8543,55431" machi="9" ten="30,3900,0" yaku="8,1,54,2" doraHai="1" who="0" fromWho="3" sc="157,52,222,0,367,0,244,-42" owari="209,-19.1,222,2.2,367,46.7,202,-29.8" /></mjloggm>