<mjloggm ver="2.3"><GO type="41" lobby="0"/><UN n0="%E3%83%94%E3%82%A8%E3%83%BC%E3%83%AB%E3%83%9D%E3%83%BC%E3%83%AB" n1="%E3%82%A2%E3%83%89%E3%83%90%E3%83%BC%E3%82%B0" n2="%E2%93%9D%4C%75%63%6B%79%4A" n3="%E8%81%B4%E6%9D%A5%E7%9C%9F" dan="13,15,18,15" rate="1902.62,1977.69,2216.53,1967.38" sx="M,M,M,F"/><TAIKYOKU oya="0"/><INIT seed="0,0,0,3,4,125" ten="250,250,250,250" oya="0" hai0="107,112,70,60,55,73,53,64,40,79,7,91,92" hai1="121,117,101,96,69,49,72,130,90,109,133,34,82" hai2="52,14,103,23,47,118,89,29,1,106,51,21,58" hai3="54,85,86,68,104,17,39,75,3,13,77,26,67"/><T18/><D107/><U66/><E34/><V71/><F1/><W99/><G3/><T126/><D112/><U63/><E117/><V100/><F71/><W84/><G39/><T94/><D7/><U15/><E121/><V114/><F114/><W78/><G26/><T87/><D40/><U24/><E109/><V57/><F118/><W16/><G68/><T33/><D33/><U105/><E24/><N who="2" m="16543" /><F89/><W37/><G37/><T12/><D94/><U127/><E127/><V61/><F106/><W20/><G67/><T43/><D43/><U44/><E133/><V113/><F113/><W41/><G41/><T9/><REACH who="0" step="1"/><D126/><REACH who="0" ten="240,250,250,250" step="2"/><U83/><E105/><V42/><F42/><W46/><G104/><T2/><D2/><U120/><E120/><V22/><F103/><W124/><G124/><T135/><D135/><U10/><E101/><V35/><F100/><W6/><G6/><T129/><D129/><U25/><E130/><V81/><F35/><W97/><G97/><T116/><D116/><U74/><E96/><V132/><F132/><W110/><G99/><T76/><D76/><U119/><E119/><V131/><F131/><W123/><G77/><T59/><D59/><U115/><E69/><V31/><F58/><W95/><G78/><T134/><D134/><U27/><E115/><V108/><F57/><W56/><G56/><T4/><D4/><U102/><E102/><V8/><F47/><W48/><G123/><T30/><D30/><U111/><E44/><V11/><F31/><W62/><G46/><T98/><D98/><U38/><E38/><V50/><F51/><RYUUKYOKU ba="0,1" sc="240,30,250,-10,250,-10,250,-10" hai0="9,12,18,53,55,60,64,70,73,79,87,91,92" /><INIT seed="0,1,1,2,4,5" ten="270,240,240,240" oya="0" hai0="19,84,23,77,79,91,115,123,53,99,29,134,22" hai1="81,28,16,75,62,1,82,94,60,105,21,101,61" hai2="78,3,118,40,114,68,47,69,51,9,125,64,133" hai3="93,121,36,13,25,104,83,89,80,10,7,100,70"/><T45/><D115/><U55/><E1/><V109/><F114/><W33/><G36/><T124/><D123/><U52/><E105/><V12/><F3/><W49/><G70/><T119/><D124/><U6/><E6/><V72/><F125/><W132/><G121/><T57/><D134/><U66/><E28/><V46/><F133/><W106/><G132/><T97/><D45/><U20/><E66/><V17/><F109/><W131/><G131/><T14/><D23/><U39/><E39/><V120/><F120/><W67/><G67/><T58/><D57/><U31/><E31/><V102/><F102/><W103/><G106/><T24/><D79/><U56/><E21/><V34/><F34/><W11/><G104/><T110/><D77/><U96/><E75/><V2/><F2/><W126/><G126/><T4/><D4/><U35/><E35/><V122/><F118/><W32/><G32/><T108/><D119/><U0/><E0/><V73/><F122/><W85/><G33/><T43/><D43/><U127/><E127/><V50/><F78/><W135/><G135/><T98/><D24/><N who="1" m="14343" /><E55/><V42/><REACH who="2" step="1"/><F64/><REACH who="2" ten="270,240,230,240" step="2"/><W86/><G103/><T76/><D76/><U74/><E74/><AGARI ba="1,2" hai="9,12,17,40,42,46,47,50,51,68,69,72,73,74" machi="74" ten="40,8000,1" yaku="1,1,2,1,9,1,52,1,53,0" doraHai="5" doraHaiUra="117" who="2" fromWho="1" sc="270,0,240,-83,230,103,240,0" /><INIT seed="1,0,0,1,0,5" ten="270,157,333,240" oya="1" hai0="55,106,102,45,67,69,12,3,86,107,116,97,80" hai1="104,111,9,118,44,90,64,15,99,52,71,46,78" hai2="30,32,129,62,19,81,0,93,121,42,16,70,61" hai3="21,91,39,20,131,29,77,98,17,75,2,11,53"/><U126/><E118/><V115/><F121/><W114/><G114/><T117/><D3/><U4/><E126/><V130/><F42/><W41/><G29/><T66/><D69/><U51/><E111/><V83/><F0/><W122/><G122/><T31/><D107/><U65/><E78/><V113/><F30/><W133/><G133/><T95/><D106/><U50/><E71/><V73/><F70/><W119/><G21/><T43/><D31/><U135/><E135/><V24/><F93/><W94/><G119/><T40/><D117/><U47/><E47/><V38/><F24/><W35/><G35/><T124/><D124/><U88/><E104/><V82/><F38/><W33/><G33/><T49/><D116/><U76/><E76/><V58/><F32/><W26/><G131/><N who="2" m="50185" /><F73/><W134/><G134/><T103/><D102/><U48/><E48/><V108/><F108/><W132/><G132/><T27/><D27/><U56/><E56/><V123/><F123/><W89/><G41/><N who="0" m="15947" /><D12/><U37/><E37/><V59/><F59/><W105/><G105/><T120/><D120/><U72/><E72/><V1/><F1/><W7/><G39/><T34/><D34/><U110/><E110/><V18/><F58/><W22/><G53/><T128/><D128/><U109/><E109/><V100/><F100/><W54/><G54/><T8/><D8/><U79/><E79/><AGARI ba="0,0" hai="45,49,55,66,67,79,80,86,95,97,103" m="15947" machi="79" ten="30,1000,0" yaku="8,1" doraHai="5" who="0" fromWho="1" sc="270,10,157,-10,333,0,240,0" /><INIT seed="2,0,0,0,2,50" ten="280,147,333,240" oya="2" hai0="86,93,29,94,58,101,4,60,55,15,135,100,131" hai1="17,12,82,112,81,67,10,109,69,133,31,23,89" hai2="123,121,16,129,124,128,113,99,116,5,126,88,119" hai3="62,76,66,114,26,1,125,120,72,83,74,51,110"/><V27/><F113/><W68/><G114/><T115/><D29/><U40/><E112/><V8/><F99/><W107/><G120/><N who="2" m="46153" /><F88/><W28/><G1/><T108/><D108/><U103/><E133/><V43/><F43/><W77/><G110/><T7/><D135/><U14/><E109/><V90/><F90/><W45/><G125/><N who="2" m="48233" /><F27/><W25/><G107/><T75/><D131/><N who="2" m="50250" /><F16/><W36/><G36/><T106/><D106/><U32/><E103/><V79/><F79/><W85/><G28/><T118/><D101/><U95/><E40/><V130/><N who="2" m="50258" /><V91/><DORA hai="44" /><F91/><W53/><REACH who="3" step="1"/><G85/><REACH who="3" ten="280,147,333,230" step="2"/><T2/><D86/><U102/><E31/><V65/><F65/><W78/><G78/><T49/><D115/><U52/><E32/><V73/><F73/><W84/><G84/><T18/><D75/><U0/><E67/><V70/><F70/><W13/><G13/><AGARI ba="0,1" hai="5,8,13,116,119" m="50258,48233,46153" machi="13" ten="50,12000,1" yaku="18,1,19,1,34,2" doraHai="50,44" who="2" fromWho="3" sc="280,0,147,0,333,130,230,-120" /><INIT seed="2,1,0,1,0,88" ten="280,147,463,110" oya="2" hai0="81,64,65,59,22,5,82,134,100,80,28,106,76" hai1="3,127,118,102,41,4,96,48,57,69,133,13,29" hai2="50,21,62,7,40,61,94,135,32,104,49,55,129" hai3="105,20,42,107,125,131,93,56,27,35,66,46,114"/><V34/><F104/><W12/><G114/><T47/><D5/><U77/><E118/><V26/><F129/><W120/><G131/><T16/><D28/><U86/><E69/><V84/><F135/><W14/><G120/><T78/><D106/><U24/><E133/><V2/><F2/><W15/><G35/><T23/><D100/><U124/><E3/><V116/><F7/><W83/><G83/><T85/><D80/><U6/><E86/><V51/><F40/><W128/><G128/><T90/><D90/><U117/><E77/><V123/><F123/><W92/><G125/><N who="1" m="48202" /><E13/><V17/><F116/><W103/><G107/><T54/><D47/><N who="1" m="25711" /><E57/><V0/><F0/><W111/><G105/><T72/><D23/><N who="1" m="15519" /><E117/><V99/><F84/><W101/><G56/><T30/><D30/><U58/><E58/><N who="2" m="35167" /><F61/><W52/><G66/><T45/><D45/><U73/><E73/><V43/><F43/><W122/><G122/><T25/><REACH who="0" step="1"/><D134/><REACH who="0" ten="270,147,463,110" step="2"/><U74/><E74/><V130/><F130/><W71/><G20/><T44/><D44/><U1/><E1/><V87/><F34/><W126/><G46/><T8/><D8/><U110/><E110/><V109/><F109/><W75/><G111/><T10/><D10/><U91/><E102/><N who="2" m="60791" /><F32/><W31/><G126/><T108/><D108/><U121/><E121/><V79/><F51/><AGARI ba="1,1" hai="16,22,25,51,54,59,64,65,72,76,78,81,82,85" machi="51" ten="30,3900,0" yaku="1,1,7,1,54,1,53,0" doraHai="88" doraHaiUra="36" who="0" fromWho="2" sc="270,52,147,0,463,-42,110,0" /><INIT seed="3,0,0,0,4,96" ten="322,147,421,110" oya="3" hai0="83,10,29,118,108,133,53,129,25,58,86,46,101" hai1="12,112,93,27,37,125,7,104,84,119,3,114,121" hai2="95,57,34,102,0,31,122,113,69,41,64,68,23" hai3="106,15,87,32,60,19,55,54,88,38,117,47,8"/><W94/><G117/><T115/><D108/><U48/><E121/><V45/><F34/><W30/><G106/><T128/><D46/><U90/><E37/><V36/><F0/><W49/><G38/><T75/><D75/><U82/><E119/><V63/><F113/><W79/><G79/><T110/><D110/><U77/><E104/><V89/><F122/><W1/><G1/><T50/><D133/><U124/><E3/><V97/><F89/><W72/><G72/><T131/><D10/><U71/><E71/><V123/><F123/><W65/><G32/><T130/><D118/><U28/><E48/><V4/><F4/><W24/><G24/><AGARI ba="0,0" hai="23,24,31,36,41,45,57,63,64,68,69,95,97,102" machi="24" ten="40,5200,0" yaku="25,2,52,1" doraHai="96" who="2" fromWho="3" sc="322,0,147,0,421,52,110,-52" /><INIT seed="4,0,0,1,1,100" ten="322,147,473,58" oya="0" hai0="90,12,59,108,131,7,57,86,3,80,79,95,123" hai1="13,34,29,47,54,110,102,14,45,6,26,32,28" hai2="111,35,43,117,27,69,89,103,113,15,114,101,65" hai3="122,22,61,48,134,118,16,76,129,55,81,24,58"/><T107/><D123/><U51/><E110/><V25/><F111/><W82/><G122/><T21/><D108/><U99/><E6/><V36/><F89/><W135/><G118/><T126/><D3/><U105/><REACH who="1" step="1"/><E47/><REACH who="1" ten="322,137,473,58" step="2"/><V23/><F114/><W71/><G129/><T85/><D131/><U56/><E56/><V9/><F113/><W128/><G128/><T50/><D7/><U1/><E1/><V30/><F117/><W109/><G109/><T19/><D126/><U130/><E130/><V127/><F127/><W87/><REACH who="3" step="1"/><G81/><REACH who="3" ten="322,137,473,48" step="2"/><T53/><D107/><U46/><E46/><AGARI ba="0,2" hai="12,19,21,46,50,53,57,59,79,80,85,86,90,95" machi="46" ten="30,2900,0" yaku="7,1,8,1" doraHai="100" who="0" fromWho="1" sc="322,49,137,-29,473,0,48,0" /><INIT seed="4,1,0,1,4,0" ten="371,108,473,48" oya="0" hai0="79,30,63,10,125,65,45,78,44,34,100,111,35" hai1="22,60,122,14,59,26,74,87,113,95,106,52,85" hai2="131,115,31,1,104,92,50,11,47,75,53,82,121" hai3="64,25,110,55,117,68,93,46,129,130,6,5,58"/><T76/><D125/><U17/><E106/><V86/><F104/><W126/><G126/><T133/><D133/><U80/><E74/><V99/><F75/><W51/><G117/><T48/><D100/><U7/><E122/><V90/><F115/><W24/><G68/><T32/><D111/><U119/><E119/><V88/><F131/><N who="3" m="50187" /><G93/><T77/><N who="0" m="19456" /><DORA hai="83" /><T94/><D94/><U40/><E113/><V66/><F66/><W109/><G109/><T8/><D30/><U43/><E95/><V91/><F121/><W38/><G110/><T61/><D48/><U127/><E127/><V120/><F31/><W116/><G116/><T37/><D65/><U69/><E69/><V56/><F120/><W18/><G38/><T23/><D23/><U49/><E80/><V70/><F70/><W114/><G114/><T84/><D84/><N who="1" m="32331" /><E49/><V123/><F123/><W4/><G18/><T21/><D21/><U28/><E28/><V57/><F91/><W71/><G71/><T12/><D37/><U89/><E89/><V39/><F39/><W102/><G102/><T41/><D41/><U97/><E97/><V132/><F99/><W16/><G16/><T9/><REACH who="0" step="1"/><D12/><REACH who="0" ten="361,108,473,48" step="2"/><U15/><E14/><V72/><F90/><W29/><G29/><T73/><D73/><U108/><E108/><V62/><F72/><W105/><G105/><T33/><N who="0" m="8192" /><DORA hai="112" /><T2/><D2/><U3/><E3/><V13/><F1/><W81/><G81/><T54/><D54/><U19/><E43/><N who="2" m="24959" /><F82/><W128/><N who="3" m="50195" /><W96/><DORA hai="36" /><G96/><T20/><D20/><N who="1" m="11327" /><E40/><V107/><F107/><RYUUKYOKU ba="1,1" sc="361,10,108,10,473,-30,48,10" hai0="8,9,10,44,45,61,63" hai1="7,19,22,26,52,59,60" hai3="4,5,6,24,25,46,51,55,58,64" /><INIT seed="4,2,1,4,0,46" ten="371,118,443,58" oya="0" hai0="10,4,25,31,80,72,93,47,57,118,23,102,75" hai1="99,74,43,14,91,97,51,7,92,84,21,53,40" hai2="17,50,126,8,59,45,110,112,89,116,127,67,41" hai3="61,129,123,68,85,54,117,22,1,9,63,73,38"/><T122/><D118/><U42/><E74/><V29/><F29/><W32/><G117/><T105/><D105/><U132/><E132/><V28/><F28/><W131/><G73/><T76/><D75/><U121/><E121/><V24/><F116/><W90/><G38/><T124/><D124/><N who="2" m="47658" /><F89/><W77/><G32/><T60/><D47/><U62/><E62/><N who="2" m="38367" /><F112/><W103/><G103/><T37/><D37/><U64/><E64/><V52/><F110/><W66/><G77/><T18/><D122/><U115/><E115/><V101/><F101/><W48/><G123/><T108/><D108/><U70/><E70/><V30/><F17/><W15/><G22/><T79/><D76/><U69/><E69/><V100/><F100/><W27/><G1/><T0/><D18/><N who="1" m="10455" /><E7/><V39/><F8/><W96/><G68/><T88/><D102/><U58/><AGARI ba="2,1" hai="40,42,43,51,53,58,84,91,92,97,99" m="10455" machi="58" ten="30,4000,0" yaku="25,1,8,1,52,1" doraHai="46" who="1" fromWho="1" sc="371,-22,118,56,443,-12,58,-12" /><INIT seed="5,0,0,3,1,47" ten="349,174,431,46" oya="1" hai0="42,122,109,16,107,38,70,64,77,78,118,94,7" hai1="72,30,29,60,96,110,43,114,33,79,20,131,102" hai2="92,113,127,74,120,128,24,19,69,76,34,28,115" hai3="66,80,39,65,15,93,130,57,31,116,48,44,37"/><U95/><E114/><N who="2" m="43531" /><F69/><W124/><G124/><T75/><D42/><U61/><E131/><V4/><F92/><W55/><G130/><T27/><D38/><N who="3" m="14345" /><G31/><T81/><D7/><U121/><E121/><V52/><F128/><W129/><G80/><T98/><D109/><U2/><E2/><V133/><F133/><W108/><G93/><T106/><D118/><U18/><E43/><V12/><F76/><W112/><G15/><T25/><D78/><U10/><E110/><V83/><F83/><W123/><G129/><T40/><D40/><U13/><E72/><V99/><F99/><W101/><G101/><T103/><D64/><N who="3" m="24681" /><G112/><T26/><D70/><U8/><E79/><V54/><F120/><W17/><G17/><T14/><REACH who="0" step="1"/><D122/><REACH who="0" ten="339,174,431,46" step="2"/><U71/><E71/><V85/><F4/><W90/><G123/><T84/><D84/><U88/><E33/><V86/><F74/><W41/><G108/><T111/><D111/><U132/><E132/><V62/><F86/><W46/><G116/><T73/><D73/><U91/><E61/><V21/><F62/><N who="3" m="36159" /><G90/><N who="1" m="34346" /><E60/><V6/><F85/><W105/><G105/><T125/><D125/><U36/><E36/><V117/><F127/><W9/><G9/><AGARI ba="0,1" hai="9,14,16,25,26,27,75,77,81,94,98,103,106,107" machi="9" ten="40,2600,0" yaku="1,1,54,1,53,0" doraHai="47" doraHaiUra="126" who="0" fromWho="3" sc="339,36,174,0,431,0,46,-26" /><AGARI ba="0,0" hai="8,9,10,13,18,20,29,30,95,96,102" m="34346" machi="9" ten="30,2900,0" yaku="8,1,54,1" doraHai="47" who="1" fromWho="3" sc="375,0,174,29,431,0,20,-29" owari="375,17.5,203,-19.7,431,53.1,-9,-50.9" /></mjloggm>