<mjloggm ver="2.3"><GO type="41" lobby="0"/><UN n0="%55%47%41%4E%44%41%2D%32" n1="%E5%A4%9C%E5%85%89%E5%A4%A9%E6%A5%BC" n2="%E2%93%9D%4C%75%63%6B%79%4A" n3="%E3%83%97%E3%83%AD%E3%83%87%E3%83%A5%E3%83%BC%E8%A5%BF" dan="13,14,17,14" rate="1885.57,1904.62,2147.68,1952.47" sx="M,F,M,M"/><TAIKYOKU oya="0"/><INIT seed="0,0,0,0,1,74" ten="250,250,250,250" oya="0" hai0="16,135,0,23,123,73,52,82,21,75,99,131,64" hai1="29,10,43,94,2,118,51,35,117,114,120,45,112" hai2="53,63,7,90,122,107,106,8,103,83,12,56,41" hai3="57,22,24,108,104,100,44,124,28,18,13,1,116"/><T31/><D123/><U68/><E68/><V111/><F122/><W50/><G116/><T42/><D0/><U46/><E120/><V25/><F111/><W67/><G108/><T36/><D73/><U39/><E29/><V66/><F41/><W59/><G124/><T30/><D64/><U89/><E35/><V109/><F109/><W76/><G67/><T115/><D115/><N who="1" m="44075" /><E10/><V78/><F90/><W110/><G110/><T97/><D23/><U17/><E17/><V129/><F129/><W95/><G104/><T98/><D131/><U55/><E2/><V128/><F128/><W132/><G132/><T3/><D3/><U60/><E60/><V47/><F103/><W85/><G1/><T71/><D71/><U34/><E34/><V80/><F83/><N who="3" m="47335" /><G95/><T119/><D119/><U77/><E77/><V19/><F7/><W101/><G101/><T49/><D135/><U48/><E39/><V96/><F107/><W79/><G100/><T4/><D4/><U62/><E62/><V102/><F66/><W38/><G38/><T72/><D36/><U125/><E125/><V54/><F25/><W65/><G65/><T20/><D20/><U87/><AGARI ba="0,0" hai="43,45,46,48,51,55,87,89,94,117,118" m="44075" machi="87" ten="30,1100,0" yaku="11,1" doraHai="74" who="1" fromWho="1" sc="250,-5,250,11,250,-3,250,-3" /><INIT seed="1,0,0,2,5,18" ten="245,261,247,247" oya="1" hai0="105,125,6,98,123,56,16,79,92,84,28,107,134" hai1="21,8,60,1,108,22,20,17,52,48,90,116,121" hai2="130,124,74,82,0,131,87,94,53,72,115,126,9" hai3="33,83,76,93,40,38,10,2,118,3,44,61,78"/><U95/><E116/><V117/><F53/><W86/><G118/><T59/><D6/><U55/><E121/><V75/><F117/><W114/><G114/><T12/><D123/><U13/><E108/><V127/><F9/><W129/><G129/><N who="2" m="49161" /><F0/><W32/><G78/><T71/><D71/><U5/><E60/><V37/><F37/><W85/><G61/><T88/><D134/><U80/><E80/><V73/><N who="2" m="18432" /><DORA hai="58" /><V4/><F4/><W103/><G3/><T133/><D133/><U106/><E106/><V14/><F14/><W50/><G38/><T49/><D107/><U35/><E35/><V51/><F51/><W41/><G41/><T63/><D105/><U25/><E1/><V47/><F47/><W109/><G109/><T19/><D49/><U65/><E65/><V36/><F36/><W39/><G39/><T7/><D7/><U104/><E104/><V77/><F94/><W54/><G40/><T15/><D12/><U31/><E5/><V46/><F46/><W120/><G120/><T135/><D135/><U62/><E62/><V122/><F122/><W23/><G10/><T69/><D69/><U113/><E113/><AGARI ba="0,0" hai="77,82,87,113,115,124,126,127" m="18432,49161" machi="113" ten="70,8000,1" yaku="18,1,19,1,34,2" doraHai="18,58" who="2" fromWho="1" sc="245,0,261,-80,247,80,247,0" /><INIT seed="2,0,0,4,0,110" ten="245,181,327,247" oya="2" hai0="58,70,117,85,87,24,12,67,53,23,102,100,56" hai1="34,14,82,13,61,16,78,11,104,8,42,128,0" hai2="98,77,126,72,65,99,7,25,35,131,38,71,22" hai3="49,129,92,107,6,127,119,33,50,120,15,123,20"/><V121/><F121/><W39/><G119/><T68/><D117/><U21/><E128/><V81/><F35/><W90/><G107/><T59/><D12/><U51/><E104/><V114/><F38/><W134/><G39/><T5/><D5/><U66/><E34/><V29/><F131/><W113/><G33/><T64/><D53/><U122/><E0/><V73/><F126/><W31/><G129/><T44/><D44/><U37/><E122/><V19/><F73/><W88/><G127/><T17/><D70/><U89/><E37/><V4/><F114/><W130/><G130/><T109/><D68/><U133/><E89/><V132/><F132/><W45/><G45/><T3/><D3/><U60/><E133/><V40/><F40/><W86/><G6/><T76/><D109/><U83/><E66/><V91/><F29/><W62/><G62/><T43/><D43/><U79/><E42/><V124/><F124/><W9/><G9/><T93/><D76/><U2/><E2/><V135/><F135/><W30/><G134/><T75/><D75/><U125/><E125/><V46/><F46/><W36/><G36/><T26/><D24/><U63/><E51/><V54/><F54/><W115/><G15/><T101/><REACH who="0" step="1"/><D93/><REACH who="0" ten="235,181,327,247" step="2"/><U103/><E13/><V57/><F71/><W28/><G92/><T80/><D80/><N who="1" m="30763" /><E11/><V69/><F69/><W106/><G106/><T94/><D94/><U48/><E8/><V111/><F111/><W96/><G123/><T105/><D105/><U10/><E10/><V27/><F7/><W18/><G120/><T32/><D32/><RYUUKYOKU ba="0,1" sc="235,30,181,-10,327,-10,247,-10" hai0="17,23,26,56,58,59,64,67,85,87,100,101,102" /><INIT seed="3,1,1,2,1,113" ten="265,171,317,237" oya="3" hai0="17,60,42,28,102,44,116,134,37,86,43,107,98" hai1="32,77,94,33,122,132,82,24,15,80,52,30,114" hai2="53,133,127,111,3,130,123,31,48,76,46,92,7" hai3="126,34,49,36,1,45,73,16,124,83,67,85,23"/><W99/><G34/><T120/><D120/><U105/><E122/><V5/><F123/><W68/><G1/><T4/><D43/><U112/><E132/><V55/><F111/><W115/><G73/><T97/><D98/><U65/><E105/><V10/><F130/><W121/><G36/><T135/><D4/><U40/><E33/><V54/><F133/><W100/><G121/><T74/><D86/><U69/><E40/><V47/><F127/><N who="3" m="48683" /><G67/><T11/><D28/><U128/><E128/><V0/><F76/><N who="3" m="46311" /><G68/><T58/><D74/><U39/><E39/><V66/><F66/><W64/><G64/><T29/><D135/><U61/><E112/><V21/><F3/><W8/><G8/><T2/><D134/><U89/><E77/><V38/><F38/><W59/><G59/><T41/><D42/><U12/><E114/><V70/><F70/><W62/><G62/><T91/><D2/><U108/><E65/><V14/><F0/><W129/><G129/><T27/><D60/><U57/><E69/><V18/><F47/><W96/><G100/><T81/><D58/><U103/><E103/><V9/><F10/><W56/><G56/><T101/><D102/><U125/><E125/><V131/><F131/><W118/><G118/><T88/><D116/><U79/><E79/><V119/><F119/><W95/><G95/><T75/><D75/><U106/><E57/><V20/><F92/><W25/><G115/><T13/><REACH who="0" step="1"/><D81/><REACH who="0" ten="255,171,317,237" step="2"/><U90/><E82/><V26/><F7/><W109/><G109/><T117/><D117/><U87/><E108/><V6/><F6/><RYUUKYOKU ba="1,2" sc="255,10,171,-30,317,10,237,10" hai0="11,13,17,27,29,37,41,44,88,91,97,101,107" hai2="5,9,14,18,20,21,26,31,46,48,53,54,55" hai3="16,23,25,45,49,96,99" /><INIT seed="3,2,2,2,2,64" ten="265,141,327,247" oya="3" hai0="55,117,96,103,74,66,4,134,57,111,102,68,99" hai1="73,72,23,126,123,120,43,86,45,87,90,128,113" hai2="0,129,109,82,42,59,115,79,98,16,35,22,40" hai3="14,112,34,83,76,125,114,53,19,13,88,101,11"/><W58/><G34/><T108/><D117/><U100/><E113/><V6/><F115/><W46/><G125/><T70/><D74/><U67/><E126/><V31/><F109/><N who="0" m="42058" /><D4/><U69/><E100/><N who="0" m="38441" /><D134/><U9/><E73/><V50/><F98/><N who="0" m="37418" /><D66/><U133/><E72/><V71/><F6/><W104/><G104/><T32/><D32/><U121/><E133/><V41/><F0/><W39/><G101/><T80/><D80/><U110/><E110/><V28/><F35/><W91/><G14/><T65/><D65/><U12/><E23/><V52/><F129/><W118/><G118/><T130/><D130/><U20/><E20/><V15/><REACH who="2" step="1"/><F71/><REACH who="2" ten="265,141,317,247" step="2"/><W85/><G114/><T47/><D47/><U81/><E128/><V63/><F63/><AGARI ba="2,3" hai="55,57,63,68,70" m="37418,38441,42058" machi="63" ten="30,3900,0" yaku="14,1,52,2" doraHai="64" who="0" fromWho="2" sc="265,75,141,0,317,-45,247,0" /><INIT seed="4,0,0,0,2,57" ten="340,141,272,247" oya="0" hai0="44,118,78,120,109,9,129,48,104,12,30,5,128" hai1="91,54,26,84,125,22,93,63,134,53,41,33,85" hai2="56,110,114,37,108,97,73,59,42,71,36,62,86" hai3="47,21,106,69,72,88,16,103,58,105,17,8,102"/><T20/><D120/><U135/><E125/><V83/><F73/><W10/><G69/><T18/><D104/><U89/><E41/><V113/><F97/><W7/><G58/><N who="2" m="22057" /><F86/><W94/><G47/><T76/><D118/><U131/><E33/><V80/><F83/><W52/><G72/><T68/><D68/><U38/><E38/><N who="2" m="14955" /><F80/><W50/><G7/><T31/><D109/><N who="2" m="42090" /><F42/><W75/><G75/><T1/><D31/><U119/><E22/><V107/><F107/><W111/><G111/><T74/><D30/><U124/><E93/><V24/><F24/><W40/><G40/><N who="0" m="24583" /><D74/><U35/><E26/><V34/><F34/><W49/><G94/><T121/><D121/><U19/><E35/><V92/><F92/><W39/><G39/><T123/><D123/><U130/><E19/><V43/><F43/><W115/><G21/><T70/><D70/><U82/><E82/><V2/><F2/><W132/><G88/><T126/><D126/><U101/><E124/><V87/><F87/><W95/><G95/><T14/><D1/><U6/><E6/><V4/><F4/><W122/><G122/><T60/><D76/><U66/><E101/><V3/><F3/><W90/><G90/><T15/><D78/><U77/><E77/><V112/><F71/><W81/><G81/><T27/><D14/><U32/><E32/><V98/><F98/><W28/><G28/><T13/><D15/><U127/><E127/><V55/><F55/><W133/><G106/><T29/><D5/><U96/><E96/><V99/><F99/><W0/><G105/><T100/><D100/><RYUUKYOKU ba="0,0" sc="340,-10,141,-10,272,30,247,-10" hai2="62,112,113,114" /><INIT seed="5,1,0,3,4,32" ten="330,131,302,237" oya="1" hai0="131,17,26,42,37,8,61,29,25,45,53,78,69" hai1="23,122,73,87,135,44,130,31,7,77,118,27,125" hai2="38,103,98,112,109,111,91,47,75,57,110,41,48" hai3="60,86,51,14,70,63,120,80,113,119,24,28,132"/><U9/><E122/><V100/><F75/><W43/><G120/><T22/><D131/><U116/><E130/><V108/><N who="2" m="27648" /><DORA hai="84" /><V99/><F112/><W127/><G113/><T66/><D78/><U128/><E128/><V82/><F99/><W50/><G119/><T12/><D29/><U5/><E125/><V106/><F103/><W54/><G127/><T52/><REACH who="0" step="1"/><D26/><REACH who="0" ten="320,131,302,237" step="2"/><U56/><E135/><V95/><F100/><W64/><G132/><T74/><D74/><U35/><E73/><V107/><F82/><W15/><G43/><T71/><D71/><U126/><E126/><V83/><F83/><W67/><G51/><T6/><AGARI ba="1,1" hai="6,8,12,17,22,25,37,42,45,52,53,61,66,69" machi="6" ten="20,8000,1" yaku="1,1,0,1,7,1,54,1,53,1" doraHai="32,84" doraHaiUra="39,46" who="0" fromWho="0" sc="320,93,131,-41,302,-21,237,-21" /><INIT seed="6,0,0,4,0,30" ten="413,90,281,216" oya="2" hai0="104,9,22,35,18,28,61,41,11,111,123,64,71" hai1="117,120,87,66,51,7,70,20,40,124,96,23,86" hai2="14,31,37,135,115,27,56,68,52,94,90,126,101" hai3="38,24,109,54,72,129,32,19,107,17,43,131,102"/><V57/><F68/><W106/><G109/><T1/><D41/><U55/><E117/><V79/><F135/><W60/><G102/><T65/><D64/><U85/><E124/><V62/><F126/><W97/><G97/><T93/><D111/><U75/><E75/><V48/><F115/><W80/><G54/><T98/><D123/><U10/><E120/><V99/><F37/><W63/><G19/><T6/><D11/><U69/><E40/><V119/><F119/><W34/><G17/><T110/><D110/><U122/><E122/><V116/><F79/><N who="3" m="44135" /><G24/><T12/><D104/><N who="3" m="39977" /><G63/><T4/><D6/><U0/><E96/><V44/><F116/><W15/><G15/><T103/><D28/><U121/><E121/><V83/><F14/><W13/><G13/><T76/><D76/><U84/><N who="1" m="21504" /><DORA hai="67" /><U25/><E66/><V50/><F83/><W42/><G60/><T128/><D103/><U125/><E125/><V130/><F130/><N who="3" m="49675" /><G43/><T58/><D128/><U113/><E113/><V118/><F118/><W59/><G59/><T5/><D58/><U127/><E127/><V89/><F57/><W81/><G81/><T78/><D78/><U39/><E39/><V112/><F112/><W47/><AGARI ba="0,0" hai="32,34,38,42,47" m="49675,39977,44135" machi="47" ten="40,8000,1" yaku="19,1,23,1,52,2" doraHai="30,67" who="3" fromWho="3" sc="413,-20,90,-20,281,-40,216,80" /><INIT seed="7,0,0,2,3,48" ten="393,70,241,296" oya="3" hai0="108,130,128,38,35,63,106,42,21,33,49,25,89" hai1="86,85,30,72,96,4,7,105,0,69,53,16,110" hai2="26,103,100,18,102,101,27,52,43,95,29,66,119" hai3="6,5,124,94,123,99,47,10,126,56,28,68,92"/><W65/><G123/><T133/><D108/><U76/><E110/><V34/><F119/><W91/><G68/><T17/><D38/><U127/><E69/><V115/><F43/><W104/><G104/><T59/><D106/><U121/><E121/><V58/><F115/><W134/><G28/><T113/><D89/><U2/><E30/><V71/><F71/><W39/><G134/><T9/><D9/><U50/><E105/><V22/><F66/><W114/><G114/><T98/><D98/><U93/><E127/><N who="3" m="48682" /><G10/><T20/><D20/><U67/><E67/><V73/><F73/><W1/><G1/><T70/><D70/><U97/><E72/><V11/><F11/><W3/><G3/><T82/><D82/><U12/><E2/><V117/><F117/><W78/><G78/><T45/><D133/><U116/><E116/><V8/><F8/><W131/><G131/><N who="0" m="50219" /><D113/><U129/><E129/><V74/><F74/><W90/><G47/><T87/><D87/><N who="1" m="33291" /><E76/><V55/><REACH who="2" step="1"/><F58/><REACH who="2" ten="393,70,231,296" step="2"/><W64/><G39/><T125/><D125/><U23/><E0/><V77/><F77/><W32/><G56/><T75/><D75/><U40/><E40/><V61/><F61/><W19/><G32/><T80/><D80/><U36/><E36/><V132/><F132/><W109/><G109/><T15/><D35/><U112/><E112/><V107/><F107/><W54/><G65/><N who="0" m="39167" /><D33/><U135/><E135/><V31/><F31/><W46/><G64/><T51/><D42/><U83/><E7/><V79/><F79/><W41/><G6/><T88/><D49/><U14/><E50/><RYUUKYOKU ba="0,1" sc="393,-10,70,-10,231,30,296,-10" hai2="18,22,26,27,29,34,52,55,95,100,101,102,103" owari="393,49.3,60,-44.0,261,-13.9,286,8.6" /></mjloggm>