<mjloggm ver="2.3"><GO type="41" lobby="0"/><UN n0="%E3%81%99%E3%82%93%E3%81%9F%E3%82%8D%E3%81%86" n1="%4D%72%49%6E%64%69%67%6F" n2="%6B%69%6E%6B%69%6E" n3="%E2%93%9D%4C%75%63%6B%79%4A" dan="13,14,13,16" rate="1817.54,1925.72,1821.98,2143.02" sx="M,M,M,M"/><TAIKYOKU oya="0"/><INIT seed="0,0,0,1,5,106" ten="250,250,250,250" oya="0" hai0="81,100,13,40,84,62,101,119,132,10,91,72,9" hai1="2,42,82,57,3,25,123,107,32,128,130,36,87" hai2="1,28,46,22,48,19,112,50,77,20,26,98,126" hai3="34,74,83,80,37,76,44,66,70,135,12,51,8"/><T58/><D132/><U18/><E107/><V54/><F112/><W89/><G135/><T97/><D97/><U14/><E123/><V96/><F1/><W108/><G34/><T111/><D111/><U75/><E42/><V120/><F120/><W68/><G37/><T110/><D110/><U23/><E36/><V5/><F126/><W35/><G35/><T69/><D69/><U79/><E57/><V67/><F67/><W131/><G131/><N who="1" m="50218" /><E87/><V65/><F65/><W121/><G108/><T27/><D27/><U116/><E116/><V41/><F5/><W85/><G66/><T102/><D40/><U86/><E86/><V122/><F77/><W99/><G99/><T129/><D129/><U43/><E43/><V52/><F122/><W7/><REACH who="3" step="1"/><G121/><REACH who="3" ten="250,250,250,240" step="2"/><T78/><D119/><U16/><E32/><V117/><F117/><W64/><G64/><T95/><D62/><U56/><E56/><N who="2" m="32775" /><F41/><AGARI ba="0,1" hai="7,8,12,41,44,51,68,70,74,76,80,83,85,89" machi="41" ten="30,7700,0" yaku="1,1,7,1,52,1,53,1" doraHai="106" doraHaiUra="0" who="3" fromWho="2" sc="250,0,250,0,250,-77,240,87" /><INIT seed="1,0,0,2,3,77" ten="250,250,173,327" oya="1" hai0="67,90,53,21,43,40,22,98,2,27,74,79,6" hai1="82,120,113,127,63,15,61,84,102,66,48,126,47" hai2="55,46,112,109,19,32,24,100,116,71,33,103,106" hai3="65,14,36,118,69,35,57,11,1,135,101,4,37"/><U122/><E102/><V111/><F116/><W60/><G118/><T104/><D67/><U0/><E0/><V64/><F112/><W89/><G135/><T131/><D131/><U75/><E75/><V129/><F129/><W86/><G35/><T81/><D2/><U115/><E15/><V52/><F19/><W58/><G101/><T5/><D22/><U41/><E84/><V87/><F87/><W68/><G58/><T62/><D43/><U50/><E82/><V51/><F55/><W76/><G76/><T12/><D40/><U44/><E41/><V23/><F23/><W73/><G73/><T9/><D6/><U20/><E20/><V91/><F91/><W8/><G37/><T133/><D133/><U34/><E34/><V80/><F80/><W85/><G36/><T28/><D53/><U54/><E54/><V31/><F33/><W130/><G130/><T59/><D59/><U72/><E72/><V93/><F93/><W117/><G117/><T38/><D38/><U121/><REACH who="1" step="1"/><E120/><REACH who="1" ten="250,240,173,327" step="2"/><V70/><F103/><W110/><G86/><T97/><D104/><U16/><E16/><V105/><F105/><W94/><G1/><T18/><D18/><U10/><E10/><V114/><F114/><W29/><G11/><T78/><D78/><U42/><E42/><V92/><F92/><W56/><G94/><T88/><REACH who="0" step="1"/><D62/><REACH who="0" ten="240,240,173,327" step="2"/><U7/><E7/><V39/><F39/><W26/><G4/><T17/><D17/><U119/><E119/><V83/><F64/><AGARI ba="0,2" hai="44,47,48,50,61,63,64,66,113,115,121,122,126,127" machi="64" ten="25,24000,3" yaku="1,1,22,2,34,3,53,2" doraHai="77" doraHaiUra="108" who="1" fromWho="2" sc="240,0,240,260,173,-240,327,0" owari="240,-16.0,500,60.0,-67,-56.7,327,12.7" /></mjloggm>