<mjloggm ver="2.3"><GO type="41" lobby="0"/><UN n0="%E6%98%9F%E6%B1%90%53%65%6B%69" n1="%74%61%6E%65%6F%6D%69%6B" n2="%E3%83%8D%E3%83%95%E3%82%BF%E3%83%AA%E3%82%A3%EF%BD%9E%E3%82%BD%E3%83%88" n3="%E2%93%9D%4C%75%63%6B%79%4A" dan="13,16,14,13" rate="1951.64,2022.48,1978.59,1956.89" sx="F,M,M,M"/><TAIKYOKU oya="0"/><INIT seed="0,0,0,1,1,20" ten="250,250,250,250" oya="0" hai0="36,3,4,67,104,111,23,97,126,51,41,130,115" hai1="48,118,85,28,109,129,39,58,122,21,6,79,98" hai2="60,96,10,29,9,37,132,52,42,121,119,35,81" hai3="116,63,17,45,32,95,73,113,90,5,14,56,50"/><T80/><D115/><U102/><E122/><V22/><F121/><W40/><G113/><T62/><D36/><U13/><E39/><V76/><F35/><W18/><G73/><T93/><D104/><U108/><E118/><V68/><F119/><W117/><G32/><T31/><D130/><U11/><E129/><V124/><F132/><W88/><G90/><T64/><D126/><U19/><E28/><V66/><F124/><W53/><G5/><T134/><D134/><U131/><E131/><V7/><F96/><W92/><G95/><T55/><D41/><U82/><E58/><V133/><F133/><W91/><G91/><T103/><D111/><U71/><E71/><V127/><F127/><W106/><G106/><T38/><D38/><U100/><E48/><V135/><F135/><W33/><G33/><T34/><D34/><U43/><E43/><V112/><F112/><W47/><G47/><N who="0" m="28159" /><D3/><U105/><REACH who="1" step="1"/><E102/><REACH who="1" ten="250,240,250,250" step="2"/><V72/><F42/><W44/><G45/><T27/><D62/><U49/><E49/><V25/><F37/><W86/><G117/><T83/><D4/><U26/><AGARI ba="0,1" hai="6,11,13,19,21,26,79,82,85,98,100,105,108,109" machi="26" ten="30,7900,0" yaku="1,1,0,1,52,1,53,1" doraHai="20" doraHaiUra="78" who="1" fromWho="1" sc="250,-39,240,89,250,-20,250,-20" /><INIT seed="1,0,0,4,3,14" ten="211,329,230,230" oya="1" hai0="126,7,20,101,129,110,70,123,132,105,2,108,128" hai1="134,84,115,8,40,114,71,125,43,28,21,117,61" hai2="69,111,67,98,48,107,9,73,80,131,6,72,35" hai3="78,23,5,13,104,44,41,49,36,27,77,11,22"/><U58/><E117/><V75/><F35/><W24/><G104/><T47/><D70/><U85/><E71/><V0/><F111/><N who="0" m="42538" /><D47/><U59/><E125/><V74/><F131/><N who="0" m="50250" /><D101/><U106/><E106/><V87/><F48/><W26/><G36/><T130/><N who="0" m="50258" /><T46/><DORA hai="30" /><D46/><U88/><E8/><V16/><N who="2" m="18432" /><DORA hai="38" /><V93/><F107/><W12/><REACH who="3" step="1"/><G13/><REACH who="3" ten="211,329,230,220" step="2"/><T55/><D105/><U54/><E115/><V79/><F69/><W45/><G45/><T127/><D127/><U95/><E114/><V102/><REACH who="2" step="1"/><F67/><REACH who="2" ten="211,329,220,220" step="2"/><W68/><G68/><T89/><D126/><U15/><E59/><V124/><F124/><W121/><G121/><T81/><D123/><U66/><E66/><V17/><AGARI ba="0,2" hai="0,6,9,16,17,79,80,87,93,98,102" m="18432" machi="17" ten="60,12000,2" yaku="1,1,0,1,52,2,54,1,53,1" doraHai="14,30,38" doraHaiUra="18,120,33" who="2" fromWho="2" sc="211,-30,329,-60,220,140,220,-30" /><INIT seed="2,0,0,3,2,130" ten="181,269,360,190" oya="2" hai0="60,98,97,82,90,96,69,75,13,67,80,24,91" hai1="34,110,86,65,62,66,6,45,11,72,85,89,12" hai2="37,15,26,40,10,21,22,3,55,88,4,117,53" hai3="133,114,124,68,95,51,108,8,120,113,2,92,99"/><V122/><F117/><W28/><G68/><T104/><D104/><U93/><E34/><V107/><F122/><W131/><G120/><T48/><D13/><U30/><E72/><V33/><F107/><W84/><G28/><T25/><D48/><U57/><E30/><V118/><F118/><W52/><G131/><T111/><D111/><U100/><E110/><V35/><F40/><W87/><G124/><T106/><D106/><U42/><E100/><V74/><F37/><W115/><G108/><T27/><REACH who="0" step="1"/><D75/><REACH who="0" ten="171,269,360,190" step="2"/><U17/><E6/><V1/><F74/><W61/><G51/><T78/><D78/><U105/><E105/><V47/><F47/><W70/><G115/><T116/><D116/><U123/><E123/><V94/><F15/><W32/><G114/><T81/><AGARI ba="0,1" hai="24,25,27,60,67,69,80,81,82,90,91,96,97,98" machi="81" ten="40,8000,1" yaku="1,1,0,1,29,2,53,0" doraHai="130" doraHaiUra="83" who="0" fromWho="0" sc="171,90,269,-20,360,-40,190,-20" /><INIT seed="3,0,0,1,0,30" ten="261,249,320,170" oya="3" hai0="124,64,129,68,48,82,14,72,53,94,116,95,18" hai1="25,111,98,84,122,76,32,99,45,121,11,74,67" hai2="125,71,90,36,59,108,39,9,4,126,42,133,130" hai3="34,70,135,117,93,119,1,88,63,102,46,110,87"/><W29/><G1/><T91/><D116/><U115/><E115/><V120/><F90/><W37/><G135/><T22/><D129/><U3/><E84/><V23/><F133/><W81/><G110/><T7/><D124/><N who="2" m="47722" /><F130/><W114/><G114/><T49/><D7/><U16/><E111/><V15/><F108/><W80/><G102/><T60/><D49/><U86/><E74/><V101/><F71/><W26/><G119/><T33/><D33/><U75/><E75/><V78/><F120/><W2/><G2/><T131/><D131/><U57/><E121/><V100/><F78/><W24/><G26/><T128/><D128/><U83/><E45/><N who="2" m="23751" /><F39/><W41/><REACH who="3" step="1"/><G117/><REACH who="3" ten="261,249,320,160" step="2"/><T0/><D0/><U50/><E3/><N who="2" m="159" /><F59/><W73/><G73/><T96/><D72/><U77/><E57/><V62/><F62/><W19/><G19/><AGARI ba="0,1" hai="15,19,23,100,101" m="159,23751,47722" machi="19" ten="30,1000,0" yaku="18,1" doraHai="30" who="2" fromWho="3" sc="261,0,249,0,320,20,160,-10" /><INIT seed="4,0,0,2,5,128" ten="261,249,340,150" oya="0" hai0="24,68,83,23,46,117,86,8,50,89,90,113,66" hai1="11,120,48,101,69,52,36,6,129,5,92,84,39" hai2="99,87,119,104,124,126,27,95,40,13,17,0,103" hai3="41,73,45,79,116,51,60,111,7,35,85,43,64"/><T122/><D113/><U19/><E69/><V25/><F0/><W134/><G35/><T133/><D117/><U74/><E74/><V127/><F40/><W65/><G73/><T71/><D122/><U98/><E120/><V58/><F119/><W54/><G7/><T131/><D131/><U21/><E129/><V28/><F58/><W29/><G29/><T108/><D108/><U112/><E112/><V110/><F110/><W37/><G79/><T72/><D72/><U47/><E6/><V16/><F28/><W62/><G85/><T132/><D8/><U70/><E70/><V75/><F75/><W56/><G111/><T63/><D90/><U97/><E97/><V118/><F118/><W2/><G2/><T109/><D71/><U30/><E30/><V102/><F102/><W114/><G114/><T34/><D34/><U4/><E4/><V67/><F67/><N who="3" m="25675" /><G134/><N who="0" m="51819" /><D109/><U93/><E11/><N who="2" m="6207" /><F17/><W57/><G116/><T121/><D121/><U88/><REACH who="1" step="1"/><E5/><REACH who="1" ten="261,239,340,150" step="2"/><V10/><F10/><W3/><G3/><T61/><D68/><U91/><E91/><AGARI ba="0,1" hai="25,27,87,91,95,99,103,104,124,126,127" m="6207" machi="91" ten="30,2000,0" yaku="18,1,54,1" doraHai="128" who="2" fromWho="1" sc="261,0,239,-20,340,30,150,0" /><INIT seed="5,0,0,1,4,127" ten="261,219,370,150" oya="1" hai0="106,44,61,39,49,74,24,75,82,91,35,22,85" hai1="95,47,89,62,98,135,84,121,52,65,31,41,38" hai2="102,64,60,45,130,93,17,33,113,117,8,63,96" hai3="76,30,78,42,10,6,116,3,9,120,132,103,71"/><U97/><E121/><V70/><F117/><W13/><G120/><T129/><D106/><U80/><E135/><V12/><F33/><W2/><G71/><T108/><D108/><U51/><E31/><V112/><F130/><W119/><G42/><T126/><D126/><U25/><E25/><V73/><F73/><W67/><G67/><T107/><D107/><U83/><E98/><V7/><F63/><W68/><G68/><T23/><D35/><U40/><E38/><V128/><F128/><W114/><G103/><T34/><D34/><U50/><E50/><V99/><F45/><W19/><G78/><T26/><D61/><U77/><REACH who="1" step="1"/><E80/><REACH who="1" ten="261,209,370,150" step="2"/><V122/><F122/><W32/><G132/><T43/><D39/><U79/><E79/><V57/><F99/><W92/><G76/><T16/><D129/><U87/><E87/><V59/><REACH who="2" step="1"/><F7/><REACH who="2" ten="261,209,360,150" step="2"/><W58/><G6/><T36/><D36/><U0/><E0/><V5/><F5/><W15/><G3/><T94/><D82/><U21/><E21/><V48/><F48/><W11/><G32/><T90/><D75/><U29/><E29/><V124/><F124/><W104/><G30/><T37/><D74/><U100/><E100/><V109/><F109/><W69/><G2/><T28/><D37/><U4/><E4/><V110/><F110/><W105/><G119/><T53/><D91/><U101/><E101/><V88/><F88/><W14/><G116/><T131/><D131/><U111/><E111/><V86/><F86/><W81/><G11/><T54/><AGARI ba="0,2" hai="16,22,23,24,26,28,43,44,49,53,54,85,90,94" machi="54" ten="30,4000,0" yaku="0,1,8,1,54,1" doraHai="127" who="0" fromWho="0" sc="261,60,209,-20,360,-10,150,-10" /><INIT seed="6,0,0,0,4,3" ten="321,189,350,140" oya="2" hai0="120,92,83,23,125,114,53,66,94,128,111,38,25" hai1="72,118,124,81,11,116,51,12,104,48,78,42,95" hai2="110,82,101,2,1,14,99,18,52,122,4,0,61" hai3="134,129,108,34,77,47,71,103,67,107,121,69,57"/><V126/><F122/><W44/><G34/><T96/><D111/><U87/><E104/><V41/><F110/><W49/><G77/><T27/><D120/><U50/><E124/><V55/><F41/><W68/><G103/><T22/><D38/><U33/><E33/><V76/><F126/><W93/><G93/><T97/><D125/><U13/><E13/><V86/><F61/><N who="3" m="38319" /><G107/><T64/><D53/><U105/><E105/><V115/><F115/><W54/><G108/><T62/><D62/><U7/><E72/><V65/><F65/><W59/><G134/><T17/><D83/><U113/><E113/><V26/><F26/><W84/><G84/><T30/><D114/><U16/><E95/><N who="0" m="36393" /><D128/><U5/><REACH who="1" step="1"/><E42/><REACH who="1" ten="321,179,350,140" step="2"/><V56/><F99/><AGARI ba="0,1" hai="17,22,23,25,27,30,64,66,96,97,99" m="36393" machi="99" ten="30,1000,0" yaku="8,1" doraHai="3" who="0" fromWho="2" sc="321,20,179,0,350,-10,140,0" /><INIT seed="7,0,0,4,3,105" ten="341,179,340,140" oya="3" hai0="8,91,109,38,37,41,103,132,35,14,22,129,75" hai1="133,123,77,42,82,126,57,124,81,87,74,128,58" hai2="89,121,118,20,39,111,54,119,76,68,114,9,59" hai3="93,10,65,95,11,16,96,33,122,21,43,36,13"/><W7/><G122/><T88/><D109/><U78/><E123/><V67/><F121/><W107/><G33/><T64/><D75/><U125/><E128/><V1/><F111/><W18/><G65/><T86/><D35/><U101/><E133/><V32/><F32/><W31/><G107/><T135/><D129/><U12/><E101/><V73/><F39/><W26/><G95/><T69/><D103/><U127/><N who="1" m="31744" /><DORA hai="49" /><U34/><E34/><V4/><F114/><W25/><G26/><T50/><D22/><U130/><E130/><V46/><F46/><W17/><G36/><T2/><D2/><U60/><E42/><V28/><F89/><W104/><G104/><T72/><D91/><U70/><E12/><V99/><F99/><W19/><G43/><T115/><D72/><U100/><E100/><V63/><F20/><N who="3" m="15783" /><G93/><N who="0" m="54423" /><D115/><U53/><E58/><V90/><F90/><W52/><G96/><T47/><D64/><U106/><E106/><V83/><F28/><W27/><G52/><T61/><D61/><AGARI ba="0,0" hai="1,4,9,54,59,61,63,67,68,73,76,83,118,119" machi="61" ten="30,3900,0" yaku="7,1,52,2" doraHai="105,49" who="2" fromWho="0" sc="341,-39,179,0,340,39,140,0" owari="302,10.2,179,-22.1,379,47.9,140,-36.0" /></mjloggm>