<mjloggm ver="2.3"><GO type="41" lobby="0"/><UN n0="%E5%9B%BD%E9%98%B2%E4%BB%AE%E9%9D%A2" n1="%73%77%65%65%74%39%31" n2="%E2%93%9D%4C%75%63%6B%79%4A" n3="%53%41%56%41%4E%4E%41" dan="15,14,18,14" rate="1991.51,1958.33,2209.26,2042.83" sx="M,M,M,M"/><TAIKYOKU oya="0"/><INIT seed="0,0,0,1,4,49" ten="250,250,250,250" oya="0" hai0="36,44,66,92,106,75,39,9,108,62,74,27,124" hai1="91,109,18,10,3,59,22,71,102,77,73,24,130" hai2="104,7,132,76,135,47,128,96,101,118,63,103,35" hai3="37,89,115,50,28,127,61,25,121,99,11,120,29"/><T105/><D124/><U40/><E71/><V57/><F35/><W78/><G127/><T15/><D27/><U90/><E102/><V12/><F76/><W6/><G115/><T1/><D92/><U85/><E73/><N who="0" m="27657" /><D15/><N who="1" m="7543" /><E3/><V58/><F128/><W48/><G37/><N who="0" m="14411" /><D44/><U23/><E40/><V70/><F47/><W80/><G61/><T72/><N who="0" m="27665" /><T68/><DORA hai="116" /><D108/><U110/><E130/><V52/><F103/><W41/><G78/><T21/><D21/><N who="1" m="7691" /><E24/><V79/><F79/><W112/><G112/><T33/><D33/><U46/><E46/><V34/><F34/><N who="3" m="20751" /><G29/><T69/><D69/><U31/><E31/><V26/><F26/><W64/><G64/><T65/><D66/><U42/><E42/><V56/><F70/><W38/><G38/><T60/><D60/><U87/><E59/><V107/><F58/><W45/><G41/><T55/><D55/><U16/><E16/><V81/><F57/><W97/><G45/><T84/><D84/><N who="1" m="32331" /><E77/><V32/><F32/><W125/><G125/><T53/><D53/><U5/><E5/><AGARI ba="0,0" hai="1,5,9,62,65,68,105,106" m="14411,27665" machi="5" ten="50,4800,0" yaku="33,2" doraHai="49,116" who="0" fromWho="1" sc="250,48,250,-48,250,0,250,0" /><INIT seed="0,1,0,1,3,29" ten="298,202,250,250" oya="0" hai0="102,87,74,15,100,126,64,109,81,78,34,7,133" hai1="3,67,10,46,70,22,68,116,112,31,40,20,42" hai2="11,30,33,134,48,12,26,122,53,85,9,44,38" hai3="97,117,103,121,73,99,55,106,91,59,54,5,72"/><T52/><D126/><U130/><E116/><V107/><F122/><W56/><G117/><T105/><D64/><U79/><E79/><V35/><F107/><W45/><G121/><T8/><D133/><U132/><E132/><V88/><F134/><W21/><G5/><T82/><D105/><U120/><E120/><V27/><F38/><W83/><G45/><T62/><D34/><U41/><E3/><V37/><F37/><W127/><G127/><T63/><D109/><U111/><E10/><V24/><F11/><W101/><G21/><N who="1" m="8298" /><E31/><V90/><F90/><W65/><G65/><T61/><D74/><U131/><E67/><V19/><REACH who="2" step="1"/><F30/><REACH who="2" ten="298,202,240,250" step="2"/><W13/><G91/><T124/><D124/><U119/><E119/><V39/><F39/><W0/><G106/><T16/><D81/><AGARI ba="1,1" hai="9,12,19,24,26,27,33,35,44,48,53,81,85,88" machi="81" ten="40,12000,2" yaku="1,1,25,2,52,2,54,1,53,0" doraHai="29" doraHaiUra="60" who="2" fromWho="0" sc="298,-123,202,0,240,133,250,0" /><INIT seed="1,0,0,3,5,28" ten="175,202,373,250" oya="1" hai0="133,10,128,123,90,118,121,54,119,48,5,2,124" hai1="47,45,86,51,93,81,103,49,8,27,115,55,63" hai2="69,39,18,9,58,11,1,131,125,16,60,37,135" hai3="72,14,102,76,113,19,31,96,17,94,66,43,52"/><U36/><E115/><V68/><F131/><W61/><G113/><T106/><D106/><U134/><E36/><V105/><F105/><W85/><G72/><T80/><D128/><U117/><E117/><V126/><F58/><W82/><G43/><T20/><D124/><U38/><E38/><V107/><F107/><W53/><G31/><T101/><D101/><U50/><E134/><V4/><F60/><W34/><G34/><T91/><D20/><U65/><E27/><V35/><F4/><W29/><G29/><T0/><D133/><U15/><E103/><V111/><F135/><W75/><G75/><T40/><D40/><U41/><E93/><V70/><F70/><W62/><G62/><T21/><D21/><U42/><E65/><V33/><REACH who="2" step="1"/><F1/><REACH who="2" ten="175,202,363,250" step="2"/><W56/><REACH who="3" step="1"/><G19/><REACH who="3" ten="175,202,363,240" step="2"/><T25/><D118/><U87/><E63/><V13/><F13/><W74/><G74/><T116/><D2/><U97/><E41/><V59/><F59/><W23/><AGARI ba="0,2" hai="14,17,23,52,53,56,61,66,76,82,85,94,96,102" machi="23" ten="20,8000,1" yaku="1,1,0,1,7,1,8,1,54,1,53,0" doraHai="28" doraHaiUra="22" who="3" fromWho="3" sc="175,-20,202,-40,363,-20,240,100" /><INIT seed="2,0,0,0,3,49" ten="155,162,343,340" oya="2" hai0="36,45,48,8,81,115,132,133,106,64,10,22,67" hai1="69,61,35,23,109,50,93,37,122,130,4,89,117" hai2="12,18,62,0,111,57,28,68,104,43,126,87,53" hai3="75,108,90,25,54,46,71,74,105,125,2,83,30"/><V24/><F0/><W27/><G125/><T66/><D36/><U112/><E117/><V88/><F126/><W3/><G108/><T32/><D32/><U103/><E112/><V44/><F104/><W114/><G114/><T84/><D115/><U97/><E35/><V127/><F127/><W128/><G128/><T72/><D72/><U52/><E37/><V15/><F68/><W113/><G113/><T124/><D22/><U60/><E69/><V1/><F1/><W42/><G105/><T134/><D106/><U6/><E109/><V21/><F111/><W51/><G71/><T31/><D31/><U38/><E38/><V91/><F15/><W11/><G27/><T55/><REACH who="0" step="1"/><D124/><REACH who="0" ten="145,162,343,340" step="2"/><U26/><E130/><V96/><F87/><W7/><G74/><T118/><D118/><U73/><E73/><V58/><F96/><W39/><G75/><T5/><D5/><N who="1" m="2155" /><E122/><V110/><F110/><W70/><G39/><T92/><D92/><N who="1" m="58791" /><E23/><V131/><F131/><W123/><G123/><T120/><D120/><U94/><E26/><V17/><F28/><W34/><G25/><T78/><AGARI ba="0,1" hai="8,10,45,48,55,64,66,67,78,81,84,132,133,134" machi="78" ten="40,8000,1" yaku="1,1,0,1,20,1,52,1,53,1" doraHai="49" doraHaiUra="80" who="0" fromWho="0" sc="145,90,162,-20,343,-40,340,-20" /><INIT seed="3,0,0,4,3,44" ten="235,142,303,320" oya="3" hai0="12,17,122,67,118,120,102,97,10,134,90,62,32" hai1="78,77,83,39,103,81,14,125,105,34,47,43,116" hai2="22,61,82,119,7,30,33,66,91,35,99,124,57" hai3="46,50,129,89,52,5,87,79,41,80,72,28,98"/><W6/><G129/><T24/><D118/><U55/><E34/><V25/><F119/><W74/><G28/><N who="0" m="19463" /><D90/><U126/><E116/><V114/><F114/><W88/><G98/><T70/><D134/><U109/><E109/><V51/><F124/><N who="1" m="47721" /><E14/><V65/><F66/><W60/><G89/><T58/><D58/><U54/><E103/><V71/><F7/><W110/><G110/><T21/><D21/><U94/><E94/><V2/><F2/><W59/><REACH who="3" step="1"/><G74/><REACH who="3" ten="235,142,303,310" step="2"/><T31/><D31/><U56/><E105/><AGARI ba="0,1" hai="10,12,17,62,67,70,97,102,105,120,122" m="19463" machi="105" ten="30,1000,0" yaku="25,1" doraHai="44" who="0" fromWho="1" sc="235,20,142,-10,303,0,310,0" /><INIT seed="4,0,0,0,2,98" ten="255,132,303,310" oya="0" hai0="52,123,71,41,134,133,67,88,48,97,21,70,116" hai1="79,73,125,56,30,20,105,126,18,118,25,61,75" hai2="15,36,99,76,44,16,80,35,12,92,63,55,74" hai3="96,57,23,107,90,31,127,119,40,34,103,100,22"/><T26/><D116/><U93/><E118/><V78/><F35/><W33/><G119/><T14/><D123/><U128/><E105/><V9/><F78/><W38/><G127/><T46/><D14/><U60/><E128/><V10/><F36/><W58/><G38/><T66/><D97/><U110/><E110/><V84/><F74/><W13/><G40/><T102/><D21/><U8/><E8/><V89/><F63/><W24/><G34/><T130/><D130/><U47/><E47/><V65/><F65/><W121/><G121/><T42/><D102/><N who="3" m="38953" /><G107/><T7/><D7/><U124/><E93/><V5/><F55/><W6/><G33/><T62/><D26/><U51/><E79/><V69/><F69/><N who="0" m="26122" /><D88/><U115/><E115/><V28/><F44/><W104/><G104/><T68/><D66/><U50/><E30/><AGARI ba="0,0" hai="5,9,10,12,15,16,28,30,76,80,84,89,92,99" machi="30" ten="40,2600,0" yaku="8,1,54,1" doraHai="98" who="2" fromWho="1" sc="255,0,132,-26,303,26,310,0" /><INIT seed="5,0,0,0,2,103" ten="255,106,329,310" oya="1" hai0="68,73,24,118,121,71,95,135,46,16,1,0,102" hai1="108,78,113,106,96,62,72,37,111,120,9,15,98" hai2="129,52,74,104,36,39,87,112,130,79,80,18,66" hai3="50,7,65,88,125,19,43,40,8,44,21,29,56"/><U133/><E37/><V67/><F18/><W48/><G125/><T70/><D118/><U122/><E62/><V41/><F87/><W127/><G127/><T55/><D73/><U100/><E15/><V59/><F104/><W35/><G29/><T123/><D135/><U38/><E9/><V115/><F41/><W57/><G35/><T13/><D24/><U116/><E38/><N who="2" m="14379" /><F79/><W17/><G88/><T54/><D95/><N who="1" m="58399" /><E116/><V25/><F80/><W82/><G82/><T53/><D102/><N who="1" m="62807" /><E133/><V47/><F47/><N who="3" m="25703" /><G65/><N who="2" m="24585" /><F25/><N who="3" m="14511" /><G7/><T81/><D81/><N who="1" m="45255" /><E113/><N who="2" m="43595" /><F74/><W77/><G77/><T76/><D76/><U10/><E10/><V63/><AGARI ba="0,0" hai="52,59,63,129,130" m="43595,24585,14379" machi="63" ten="40,8000,1" yaku="15,1,11,1,34,2,54,1" doraHai="103" who="2" fromWho="2" sc="255,-20,106,-40,329,80,310,-20" /><INIT seed="6,0,0,4,0,79" ten="235,66,409,290" oya="2" hai0="34,72,127,98,46,131,61,110,74,37,94,96,69" hai1="2,31,117,1,10,32,60,128,130,68,55,87,26" hai2="13,22,111,77,30,116,45,103,106,78,113,100,20" hai3="132,64,29,50,54,23,66,73,0,125,7,89,109"/><V6/><F116/><W63/><G125/><T115/><D110/><U28/><E87/><V102/><F106/><W90/><G132/><T92/><D127/><U91/><E91/><V71/><F71/><W35/><G109/><T14/><D34/><U25/><E55/><V19/><F113/><W5/><G35/><T70/><D115/><U33/><E60/><V99/><F6/><W16/><G29/><T134/><D134/><U8/><REACH who="1" step="1"/><E68/><REACH who="1" ten="235,56,409,290" step="2"/><V43/><F99/><W11/><G63/><T52/><D69/><U119/><AGARI ba="0,1" hai="1,2,8,10,25,26,28,31,32,33,117,119,128,130" machi="119" ten="25,16000,3" yaku="1,1,2,1,0,1,22,2,34,3,53,0" doraHai="79" doraHaiUra="53" who="1" fromWho="1" sc="235,-40,56,170,409,-80,290,-40" /><INIT seed="7,0,0,5,5,63" ten="195,226,329,250" oya="3" hai0="134,96,46,62,82,126,54,0,69,45,107,3,89" hai1="20,105,43,113,127,19,35,21,18,85,128,94,88" hai2="50,133,28,59,48,80,77,95,76,111,71,12,29" hai3="78,106,86,122,49,103,67,79,1,31,17,41,102"/><W104/><G1/><T92/><D126/><U93/><E35/><V52/><F71/><W97/><G122/><T34/><D34/><U118/><E105/><V65/><F65/><W15/><G31/><N who="2" m="11849" /><F111/><W56/><G86/><T74/><D134/><U119/><E127/><V13/><F133/><W121/><G121/><T22/><D107/><U72/><E72/><V60/><F95/><W91/><G91/><T109/><D109/><U68/><E68/><V4/><F13/><W131/><G131/><T101/><D3/><U42/><E128/><V84/><F77/><W114/><G114/><T38/><D0/><U40/><E113/><V135/><F135/><W125/><G125/><T130/><D38/><U2/><E2/><V61/><F50/><W39/><G39/><T117/><D117/><N who="1" m="44555" /><E94/><V7/><F12/><W57/><G41/><N who="1" m="10498" /><U81/><DORA hai="11" /><E93/><V70/><F70/><W37/><G37/><T32/><D32/><U64/><E64/><V16/><F16/><AGARI ba="0,0" hai="16,18,19,20,21,81,85,88" m="10498,44555" machi="16" ten="40,5200,0" yaku="12,1,54,2" doraHai="63,11" who="1" fromWho="2" sc="195,0,226,52,329,-52,250,0" /><INIT seed="8,0,0,0,5,126" ten="195,278,277,250" oya="0" hai0="118,12,19,77,72,11,101,109,65,37,66,113,74" hai1="76,58,121,129,104,88,2,106,78,135,98,86,108" hai2="27,87,122,95,55,48,26,3,52,56,22,45,51" hai3="16,53,14,116,83,50,39,82,49,128,10,97,68"/><T59/><D113/><U33/><E2/><V21/><F3/><W70/><G39/><T54/><D37/><U81/><E33/><V71/><F71/><W60/><G128/><T20/><D109/><U94/><E108/><V64/><F64/><W44/><G116/><T134/><D118/><U131/><E121/><V119/><F122/><W114/><G114/><T117/><D117/><U36/><E36/><V111/><F119/><W123/><G123/><T42/><D42/><U0/><E0/><V28/><F111/><W8/><G8/><T47/><D47/><U57/><E135/><V99/><F87/><W100/><G70/><T38/><D38/><U29/><E29/><V17/><F95/><W127/><G127/><T105/><D134/><U31/><E31/><V115/><F115/><W5/><G5/><T25/><D101/><N who="1" m="60631" /><E58/><V96/><AGARI ba="0,0" hai="17,21,22,26,27,28,45,48,51,52,55,56,96,99" machi="96" ten="30,4000,0" yaku="0,1,8,1,54,1" doraHai="126" who="2" fromWho="2" sc="195,-20,278,-10,277,40,250,-10" owari="175,-32.5,268,6.8,317,41.7,240,-16.0" /></mjloggm>