<mjloggm ver="2.3"><GO type="41" lobby="0"/><UN n0="%E5%91%AA%E8%A1%93%E5%BB%BB%E6%88%A6" n1="%48%41%4C%55" n2="%E2%93%9D%4C%75%63%6B%79%4A" n3="%74%6E%62%38%34" dan="14,15,17,13" rate="1924.96,2014.29,2126.21,1896.12" sx="M,M,M,M"/><TAIKYOKU oya="0"/><BYE who="3" /><INIT seed="0,0,0,4,1,17" ten="250,250,250,250" oya="0" hai0="46,58,30,41,132,42,38,121,80,61,97,72,18" hai1="3,114,134,36,130,54,14,55,119,0,40,53,93" hai2="7,98,86,25,44,59,79,43,68,123,122,13,15" hai3="16,102,49,125,81,57,133,23,12,50,37,60,29"/><T71/><D121/><U33/><E119/><V48/><F68/><W27/><G27/><T78/><D132/><U113/><E134/><V104/><F104/><W94/><G94/><T45/><D30/><U124/><E33/><V34/><F98/><UN n3="%74%6E%62%38%34" /><W8/><G37/><T112/><D112/><N who="1" m="43115" /><E130/><V26/><F15/><N who="3" m="9631" /><G125/><T24/><D97/><U83/><E124/><V105/><F105/><W64/><G29/><T115/><D115/><U35/><E35/><V120/><F59/><W5/><G133/><T39/><D71/><U82/><E93/><V96/><F96/><W90/><G102/><T62/><D58/><U99/><E99/><V73/><F73/><W109/><G109/><T75/><D72/><U128/><E128/><V77/><F34/><W135/><G135/><T117/><D117/><U107/><E107/><V20/><F26/><W51/><G51/><T127/><D127/><U31/><E31/><V87/><F123/><W19/><G5/><T65/><D65/><U47/><E14/><V131/><F122/><W74/><G74/><T32/><D32/><U126/><E126/><V4/><F120/><W10/><G10/><T52/><D52/><N who="1" m="13315" /><U91/><DORA hai="106" /><E91/><V118/><F118/><W56/><G56/><T103/><D103/><U67/><E67/><V100/><F100/><W95/><G81/><AGARI ba="0,0" hai="0,3,36,40,47,81,82,83" m="13315,43115" machi="81" ten="40,2600,0" yaku="11,1,54,1" doraHai="17,106" who="1" fromWho="3" sc="250,0,250,26,250,0,250,-26" /><INIT seed="1,0,0,1,5,74" ten="250,276,250,224" oya="1" hai0="90,59,99,3,54,101,117,89,76,78,72,112,126" hai1="92,91,4,7,123,60,13,103,106,68,9,39,82" hai2="115,113,48,12,88,43,73,53,93,19,35,45,21" hai3="118,102,22,0,33,67,98,66,135,23,105,20,55"/><U125/><E123/><V69/><F35/><W134/><G33/><T34/><D34/><U79/><E125/><V38/><F69/><W133/><G0/><T50/><D3/><U100/><E39/><V109/><F73/><W61/><G118/><T129/><D117/><U85/><E68/><V24/><F109/><W42/><G42/><T11/><D112/><U30/><E30/><V77/><F77/><W28/><G28/><T62/><D126/><U25/><E25/><V87/><REACH who="2" step="1"/><F24/><REACH who="2" ten="250,276,240,224" step="2"/><W18/><G18/><T58/><D72/><U130/><E4/><V1/><F1/><W81/><G81/><T47/><D76/><U127/><E127/><V52/><F52/><W121/><G121/><T15/><D78/><U84/><E130/><V75/><F75/><W40/><G40/><T36/><D129/><U44/><E106/><V111/><F111/><W120/><G120/><T80/><D80/><U10/><E13/><V41/><F41/><W63/><G55/><T119/><D119/><U26/><E7/><V51/><F51/><W57/><REACH who="3" step="1"/><G23/><REACH who="3" ten="250,276,240,214" step="2"/><T70/><D54/><U132/><E82/><V49/><F49/><W5/><G5/><T16/><D50/><U116/><E116/><V131/><F131/><W95/><G95/><T27/><D36/><U32/><E92/><V107/><F107/><W65/><G65/><T31/><D70/><AGARI ba="0,2" hai="20,22,57,61,63,66,67,70,98,102,105,133,134,135" machi="70" ten="40,2600,0" yaku="1,1,20,1,53,0" doraHai="74" doraHaiUra="104" who="3" fromWho="0" sc="250,-26,276,0,240,0,214,46" /><INIT seed="2,0,0,0,1,109" ten="224,276,240,260" oya="2" hai0="20,39,27,70,23,31,128,47,66,76,96,41,107" hai1="73,134,106,74,12,123,99,19,9,114,62,126,58" hai2="42,0,63,94,75,102,38,44,116,32,60,133,130" hai3="11,104,103,117,40,93,7,80,53,55,125,100,97"/><V50/><F32/><W56/><G117/><T22/><D128/><U110/><E110/><V92/><F116/><W28/><G125/><T65/><D76/><U135/><E126/><V45/><F0/><W88/><G40/><T121/><D121/><U3/><E123/><V25/><F75/><W72/><G28/><T30/><D30/><U48/><E3/><V86/><F130/><W36/><G36/><T33/><REACH who="0" step="1"/><D70/><REACH who="0" ten="214,276,240,260" step="2"/><U105/><E74/><V15/><F38/><W91/><G72/><T46/><D46/><U95/><E73/><V132/><F45/><W64/><G104/><T17/><D17/><U111/><E111/><V34/><F44/><W84/><G64/><T69/><D69/><U43/><E106/><V61/><F133/><W83/><G56/><T18/><D18/><U2/><E105/><V10/><F132/><W131/><G131/><T89/><D89/><U29/><E29/><V122/><F122/><W68/><G68/><T81/><D81/><U90/><E134/><V67/><F94/><W87/><REACH who="3" step="1"/><G103/><AGARI ba="0,1" hai="20,22,23,27,31,33,39,41,47,65,66,96,103,107" machi="103" ten="40,1300,0" yaku="1,1,53,0" doraHai="109" doraHaiUra="129" who="0" fromWho="3" sc="214,23,276,0,240,0,260,-13" /><INIT seed="3,0,0,0,0,82" ten="237,276,240,247" oya="3" hai0="24,133,28,70,22,94,81,60,32,113,36,56,125" hai1="128,75,15,99,49,65,20,121,117,90,119,59,124" hai2="109,76,48,63,11,131,83,0,10,16,1,74,39" hai3="2,23,77,105,7,89,115,62,79,97,93,17,5"/><W41/><G115/><T25/><D36/><U114/><E121/><V19/><F39/><W107/><G41/><T66/><D113/><U18/><E114/><V61/><F109/><W120/><G120/><T84/><D125/><U13/><E124/><V91/><F91/><W26/><G2/><T42/><D42/><U38/><E38/><V55/><F131/><W69/><G69/><T64/><D94/><U21/><E75/><V37/><F37/><W108/><G108/><T95/><D95/><U72/><E72/><V111/><F111/><W27/><G27/><T134/><D66/><U106/><E128/><V14/><F1/><W135/><G135/><T58/><D134/><U98/><E106/><V8/><F0/><W129/><G129/><T29/><REACH who="0" step="1"/><D133/><REACH who="0" ten="227,276,240,247" step="2"/><U46/><E119/><V45/><REACH who="2" step="1"/><F19/><REACH who="2" ten="227,276,230,247" step="2"/><W104/><REACH who="3" step="1"/><G62/><AGARI ba="0,2" hai="8,10,11,14,16,45,48,55,61,62,63,74,76,83" machi="62" ten="40,5200,0" yaku="1,1,2,1,54,1,53,0" doraHai="82" doraHaiUra="88" who="2" fromWho="3" sc="227,0,276,0,230,72,247,-52" /><INIT seed="4,0,0,4,0,113" ten="227,276,302,195" oya="0" hai0="117,105,135,118,33,45,108,115,46,13,27,65,130" hai1="87,28,56,107,59,111,53,54,124,25,15,8,97" hai2="49,55,131,86,98,14,73,123,42,6,80,109,104" hai3="1,19,7,129,88,120,125,47,99,30,81,12,100"/><T61/><D105/><U4/><E111/><V43/><F123/><W21/><G120/><T96/><D96/><U37/><E124/><V60/><F73/><W91/><G125/><T63/><D13/><U35/><E37/><V26/><F131/><W78/><G129/><T41/><D27/><U116/><E116/><N who="0" m="44649" /><D33/><U50/><E87/><V82/><F82/><W126/><G126/><T58/><D130/><U62/><E97/><V132/><F26/><W85/><G30/><T34/><D34/><U2/><REACH who="1" step="1"/><E107/><REACH who="1" ten="227,266,302,195" step="2"/><V24/><F98/><W44/><G91/><T84/><D84/><U72/><E72/><V32/><F86/><W75/><G1/><AGARI ba="0,1" hai="1,2,4,8,15,25,28,35,50,53,54,56,59,62" machi="1" ten="40,1300,0" yaku="1,1,53,0" doraHai="113" doraHaiUra="122" who="1" fromWho="3" sc="227,0,266,23,302,0,195,-13" /><INIT seed="5,0,0,5,4,88" ten="227,289,302,182" oya="1" hai0="35,117,29,38,113,16,122,56,95,131,114,7,8" hai1="102,77,107,89,76,15,52,57,36,62,32,17,27" hai2="44,120,1,72,49,19,119,43,22,61,73,18,111" hai3="53,86,109,28,31,78,91,93,71,100,92,23,84"/><U24/><E36/><V123/><F119/><W118/><G71/><T47/><D117/><U55/><E107/><V68/><F1/><W6/><G109/><T34/><D131/><U98/><E102/><V11/><F111/><W126/><G118/><T14/><D122/><U50/><E32/><V97/><F11/><W130/><G130/><T110/><D110/><U85/><E98/><V40/><F19/><W75/><G75/><T128/><D128/><U116/><E116/><V63/><F73/><W65/><G126/><T37/><D56/><N who="1" m="32791" /><E27/><V41/><F72/><W105/><G105/><T83/><D83/><N who="1" m="49343" /><E24/><V69/><F97/><N who="3" m="59431" /><G65/><T3/><D29/><U64/><E64/><V42/><F123/><W134/><G134/><T45/><D37/><U133/><E133/><V0/><F120/><W106/><G106/><T48/><D38/><U104/><E104/><V4/><F69/><W26/><G6/><T132/><D132/><U60/><E60/><V2/><F63/><W90/><G78/><T20/><D34/><U33/><E33/><V10/><F61/><W127/><G127/><T21/><D35/><U125/><E125/><V129/><F129/><W99/><G53/><T87/><D7/><U79/><E79/><V115/><F68/><W135/><G135/><T12/><D3/><U112/><E112/><V80/><F2/><W58/><G58/><T51/><D114/><U94/><E94/><V39/><F115/><W9/><G9/><AGARI ba="0,0" hai="9,15,17,55,57,62,76,77" m="49343,32791" machi="9" ten="30,2900,0" yaku="8,1,54,1" doraHai="88" who="1" fromWho="3" sc="227,0,289,29,302,0,182,-29" /><INIT seed="5,1,0,4,4,108" ten="227,318,302,153" oya="1" hai0="11,83,15,95,110,10,13,103,129,133,63,40,49" hai1="29,26,27,43,92,99,128,7,89,32,105,23,64" hai2="55,12,111,25,65,82,121,60,62,19,90,0,33" hai3="120,124,134,47,42,28,96,80,106,97,72,69,135"/><U114/><E128/><V102/><F111/><W130/><G120/><T57/><D110/><U66/><E7/><V3/><F102/><W91/><G130/><T8/><D129/><U100/><E43/><V68/><F121/><W104/><G69/><T37/><D37/><U79/><E79/><V119/><F119/><W41/><G28/><T73/><D73/><U53/><E53/><V5/><F5/><W98/><G124/><T54/><D83/><U76/><E76/><V6/><F6/><W34/><G34/><T50/><D133/><N who="3" m="50697" /><G72/><T31/><D31/><U88/><E89/><V112/><F90/><W94/><G80/><T74/><D74/><U18/><REACH who="1" step="1"/><E114/><REACH who="1" ten="227,308,302,153" step="2"/><V16/><F112/><W9/><G42/><T38/><D40/><U101/><E101/><V70/><F55/><W22/><G41/><T132/><D132/><U45/><E45/><V56/><F3/><W77/><G47/><T107/><D38/><U117/><E117/><V30/><F0/><W36/><G77/><T1/><D1/><U84/><AGARI ba="1,1" hai="18,23,26,27,29,32,64,66,84,88,92,99,100,105" machi="84" ten="20,7800,0" yaku="1,1,0,1,7,1,54,1,53,0" doraHai="108" doraHaiUra="78" who="1" fromWho="1" sc="227,-27,308,91,302,-27,153,-27" /><INIT seed="5,2,0,0,4,51" ten="200,399,275,126" oya="1" hai0="106,19,128,95,99,135,40,105,64,117,18,14,62" hai1="53,118,83,87,32,114,86,96,133,20,48,33,2" hai2="100,72,74,124,7,130,71,76,69,123,126,13,37" hai3="54,109,47,97,29,38,17,102,0,4,77,121,58"/><U31/><E118/><V61/><F76/><W115/><G121/><T30/><D117/><U66/><E2/><V112/><F123/><W85/><G115/><T104/><D128/><U101/><E114/><V119/><F112/><W57/><G109/><T23/><D135/><U73/><E66/><V22/><F100/><W52/><G29/><T41/><D19/><U89/><E73/><V131/><F61/><W28/><G28/><T9/><D9/><U3/><E3/><V8/><F37/><W26/><G4/><T34/><D30/><U103/><E103/><V1/><F22/><N who="3" m="13647" /><G0/><T59/><REACH who="0" step="1"/><D34/><REACH who="0" ten="190,399,275,126" step="2"/><U63/><E32/><V81/><F119/><W113/><G113/><T116/><D116/><U75/><E33/><V35/><F35/><W50/><G38/><T12/><D12/><U10/><E31/><V125/><F13/><W6/><G6/><T11/><D11/><U25/><E10/><V91/><F8/><W78/><G85/><T110/><D110/><U120/><E87/><N who="2" m="50671" /><F7/><W16/><G16/><T88/><AGARI ba="2,1" hai="14,18,23,40,41,59,62,64,88,95,99,104,105,106" machi="88" ten="30,4000,0" yaku="1,1,0,1,54,1,53,0" doraHai="51" doraHaiUra="132" who="0" fromWho="0" sc="190,56,399,-22,275,-12,126,-12" /><INIT seed="6,0,0,3,2,67" ten="246,377,263,114" oya="2" hai0="122,108,4,110,118,73,93,47,114,12,10,58,76" hai1="19,129,83,62,64,111,63,54,116,124,43,101,84" hai2="61,22,34,52,51,17,106,38,80,107,95,6,16" hai3="1,98,68,44,117,71,123,24,21,14,109,130,102"/><V39/><F34/><W59/><G117/><T79/><D122/><U36/><E111/><V125/><F6/><W90/><G109/><T85/><D118/><U18/><E116/><V86/><F125/><W37/><G123/><T94/><D114/><U113/><E124/><V81/><F61/><W115/><G1/><T46/><D110/><U91/><E113/><V105/><F95/><W119/><G115/><T27/><D73/><U75/><E129/><V70/><F70/><W29/><G130/><T135/><D108/><U15/><E43/><V42/><F42/><W2/><G119/><T56/><D27/><U25/><E36/><V35/><F35/><W53/><G2/><T128/><D128/><U13/><E101/><V50/><F86/><W40/><G90/><T112/><D112/><U60/><E54/><V121/><F22/><W132/><G14/><T55/><D135/><U74/><E25/><V88/><F88/><W33/><G33/><T131/><D131/><U57/><E75/><V9/><F9/><W28/><G28/><T99/><D94/><U92/><E92/><V96/><F96/><W120/><G120/><T133/><D133/><U26/><E26/><V134/><F121/><W78/><G78/><N who="0" m="29739" /><D85/><U30/><E30/><V66/><F66/><W7/><G7/><T20/><D20/><N who="1" m="11343" /><E74/><V5/><F5/><W0/><G0/><T100/><D55/><U31/><E31/><V49/><F52/><W45/><G45/><AGARI ba="0,0" hai="4,10,12,45,46,47,56,58,93,99,100" m="29739" machi="45" ten="30,1000,0" yaku="8,1" doraHai="67" who="0" fromWho="3" sc="246,10,377,0,263,0,114,-10" /><INIT seed="7,0,0,2,0,45" ten="256,377,263,104" oya="3" hai0="89,37,73,90,76,36,1,18,119,22,46,21,118" hai1="66,17,113,74,42,109,52,134,49,126,65,27,133" hai2="2,130,128,69,107,124,23,103,29,106,48,53,44" hai3="131,56,87,88,102,111,51,127,5,91,117,30,97"/><W83/><G117/><T98/><D1/><U84/><E109/><V28/><F2/><W47/><G111/><T63/><D119/><U67/><E74/><V4/><F4/><W0/><G131/><N who="2" m="50217" /><F69/><W122/><G122/><T100/><D118/><U79/><E42/><V35/><F124/><W31/><G127/><T54/><D36/><U75/><E113/><V9/><F9/><W24/><G56/><T61/><D73/><U123/><E75/><V25/><F103/><W6/><G91/><T129/><D76/><U112/><E112/><V8/><F8/><W59/><G59/><T108/><D108/><U50/><E123/><V85/><F85/><W58/><G58/><T33/><D33/><U132/><E126/><V114/><F114/><W82/><G82/><T20/><D129/><U104/><E104/><N who="2" m="39979" /><F29/><N who="3" m="10763" /><G24/><T135/><D37/><U115/><E115/><V11/><F11/><W15/><G15/><T116/><D116/><U41/><E84/><V19/><F28/><W62/><G62/><T43/><D63/><U39/><E79/><V105/><F105/><W38/><G38/><T78/><D61/><U93/><E39/><V94/><F94/><N who="3" m="58679" /><G0/><T64/><D78/><U92/><E27/><V86/><F86/><W57/><G57/><T7/><D100/><U13/><E41/><AGARI ba="0,0" hai="5,6,41,47,51,83,87,88" m="58679,10763" machi="41" ten="30,5800,0" yaku="8,1,52,1,54,1" doraHai="45" who="3" fromWho="1" sc="256,0,377,-58,263,0,104,58" /><INIT seed="7,1,0,2,5,19" ten="256,319,263,162" oya="3" hai0="31,73,4,91,79,66,34,33,18,114,117,97,115" hai1="9,23,81,51,39,60,35,93,68,57,83,134,98" hai2="87,55,90,20,88,120,46,38,42,75,6,12,43" hai3="80,95,48,58,96,21,59,26,110,84,89,45,82"/><W63/><G110/><T11/><D117/><U5/><E39/><V113/><F75/><W15/><G15/><T116/><D116/><U41/><E35/><V22/><F113/><N who="0" m="43018" /><D66/><U118/><E68/><V25/><F120/><W78/><G82/><N who="0" m="45423" /><D31/><U126/><E134/><V7/><F55/><N who="3" m="30095" /><G63/><T10/><D97/><U36/><E126/><V132/><F132/><W0/><G0/><N who="0" m="263" /><D91/><U56/><E36/><V101/><F90/><W94/><G94/><T54/><D54/><U111/><E111/><V124/><F124/><W8/><G8/><T86/><D86/><U107/><E107/><V24/><F87/><W130/><G130/><T85/><D85/><U29/><E118/><V40/><F38/><W131/><G131/><T47/><D47/><N who="1" m="26095" /><E5/><V62/><F7/><W44/><G44/><T121/><D121/><U17/><E9/><V92/><F46/><W67/><G67/><T76/><D76/><U109/><E29/><AGARI ba="1,0" hai="21,26,29,58,59,78,80,84,89,95,96" m="30095" machi="29" ten="30,2900,0" yaku="8,1,52,1" doraHai="19" who="3" fromWho="1" sc="256,0,319,-32,263,0,162,32" /><INIT seed="7,2,0,4,2,72" ten="256,287,263,194" oya="3" hai0="112,27,86,83,6,1,118,53,132,55,121,129,67" hai1="4,37,46,76,22,135,42,23,40,44,85,15,14" hai2="79,13,101,110,11,88,102,61,96,28,133,73,87" hai3="54,123,16,3,59,51,100,50,92,82,68,43,97"/><W111/><G68/><T122/><D118/><U38/><E135/><V134/><F28/><W25/><G3/><T32/><D132/><N who="2" m="50794" /><F110/><W90/><G123/><T84/><D129/><U126/><E126/><V91/><F61/><N who="3" m="36087" /><G43/><T94/><D112/><U98/><E98/><V30/><F30/><W66/><G66/><T9/><D67/><U60/><E60/><V78/><F73/><W58/><G58/><T116/><D116/><U62/><E62/><V49/><F49/><W56/><G56/><T124/><D124/><U18/><E4/><N who="2" m="3303" /><F102/><W70/><G70/><T0/><D0/><U81/><E15/><V36/><F36/><W120/><G120/><T115/><D115/><U117/><E117/><V12/><F12/><W64/><G64/><T33/><D122/><U48/><E48/><V52/><F52/><W21/><G111/><T130/><D121/><U24/><E24/><V19/><F19/><W69/><G69/><T131/><D131/><U63/><E63/><V74/><F74/><W125/><G125/><T107/><D130/><U75/><E75/><V65/><F65/><W39/><G39/><T45/><D33/><U31/><E31/><V103/><F103/><W57/><G57/><T71/><D71/><U20/><AGARI ba="2,0" hai="14,18,20,22,23,37,38,40,42,44,46,76,81,85" machi="20" ten="20,5200,0" yaku="0,1,7,1,9,1,52,1" doraHai="72" who="1" fromWho="1" sc="256,-15,287,58,263,-15,194,-28" owari="241,-15.9,345,44.5,248,4.8,166,-33.4" /></mjloggm>