<mjloggm ver="2.3"><GO type="41" lobby="0"/><UN n0="%E2%93%9D%4C%75%63%6B%79%4A" n1="%4B%65%74%65%72" n2="%37%34%31%34%4E%6D%73%6C" n3="%E3%83%81%E3%83%A7%E3%82%B3%E3%83%AA%E3%82%A8%E3%83%BC%E3%83%AB" dan="17,15,13,15" rate="2141.06,1961.79,1939.43,1968.99" sx="M,M,M,M"/><TAIKYOKU oya="0"/><INIT seed="0,0,0,5,0,97" ten="250,250,250,250" oya="0" hai0="64,126,78,36,24,69,56,22,1,40,82,15,123" hai1="114,14,70,33,89,81,25,101,17,68,110,7,121" hai2="9,74,31,58,83,12,48,27,98,112,127,113,72" hai3="96,116,91,55,21,47,108,90,124,11,34,32,6"/><T120/><D1/><U45/><E110/><V51/><F127/><W39/><G108/><T61/><D126/><U79/><E101/><V54/><F112/><W49/><G116/><T99/><D15/><U66/><E7/><V134/><F134/><W46/><G21/><T111/><D111/><U16/><E89/><V73/><F113/><W44/><G39/><T42/><D69/><U28/><E66/><V43/><F43/><W93/><G90/><T122/><D99/><U118/><E121/><V84/><F98/><W77/><G77/><T59/><D59/><U3/><E3/><V67/><F67/><W133/><G133/><T10/><D10/><U53/><E17/><V75/><F75/><W80/><G80/><T129/><D129/><U71/><E118/><V20/><F51/><W23/><G23/><T60/><D61/><U8/><E114/><V125/><F125/><W63/><G63/><T94/><D94/><U107/><E107/><V37/><F37/><W87/><G87/><T88/><D36/><U18/><E18/><V95/><F95/><W128/><G128/><T50/><D50/><U65/><E65/><V86/><F83/><W100/><G91/><T85/><REACH who="0" step="1"/><D78/><REACH who="0" ten="240,250,250,250" step="2"/><U26/><E68/><V5/><AGARI ba="0,1" hai="5,9,12,20,27,31,48,54,58,72,73,74,84,86" machi="5" ten="30,1100,0" yaku="0,1" doraHai="97" who="2" fromWho="2" sc="240,-5,250,-3,250,21,250,-3" /><INIT seed="1,0,0,2,3,78" ten="235,247,271,247" oya="1" hai0="123,52,27,88,86,29,21,61,62,83,42,121,127" hai1="114,84,22,99,66,10,112,124,129,34,110,54,59" hai2="39,79,130,67,71,46,35,1,94,128,95,28,98" hai3="92,41,73,109,63,2,12,72,20,82,135,7,33"/><U65/><E34/><V107/><F1/><W77/><G33/><T3/><D3/><U93/><E129/><V64/><F79/><W118/><G2/><T11/><D42/><U14/><E124/><V48/><F39/><W30/><G109/><T76/><D11/><U8/><E22/><V126/><F126/><W85/><G135/><T119/><D119/><U57/><E84/><V125/><F125/><W111/><G111/><T58/><D127/><U26/><E26/><V108/><F108/><W122/><G122/><N who="0" m="46603" /><D62/><U23/><E23/><V96/><F28/><W80/><G41/><T44/><D44/><U90/><E10/><V55/><F35/><W49/><G49/><T134/><D76/><U102/><E102/><V9/><F9/><W69/><G7/><T45/><D45/><U120/><E110/><V16/><F107/><W104/><G104/><T32/><D32/><U113/><E120/><V91/><F71/><W19/><G30/><T131/><D131/><N who="2" m="50218" /><F16/><W75/><G118/><T40/><D40/><U6/><REACH who="1" step="1"/><E57/><REACH who="1" ten="235,237,271,247" step="2"/><V43/><F43/><W47/><G72/><T56/><D58/><U68/><E68/><V60/><F60/><AGARI ba="0,1" hai="6,8,14,54,59,60,65,66,90,93,99,112,113,114" machi="60" ten="40,3900,0" yaku="1,1,53,1" doraHai="78" doraHaiUra="5" who="1" fromWho="2" sc="235,0,237,49,271,-39,247,0" /><INIT seed="1,1,0,0,1,91" ten="235,286,232,247" oya="1" hai0="24,33,14,67,95,100,124,2,117,10,133,127,96" hai1="70,27,92,15,39,132,77,105,66,29,59,32,62" hai2="134,74,37,78,47,36,121,84,41,20,122,5,75" hai3="31,8,126,55,34,73,68,113,42,116,17,58,21"/><U65/><E39/><V46/><F134/><W43/><G68/><T98/><D117/><U0/><E0/><V9/><F20/><W26/><G113/><T102/><D2/><U83/><E105/><V128/><F128/><W110/><G110/><T135/><D67/><U118/><E132/><N who="0" m="50761" /><D24/><U49/><E15/><V106/><F106/><W104/><G73/><T57/><D57/><U129/><E129/><V16/><F84/><W119/><G126/><N who="0" m="48171" /><D33/><U120/><E120/><V61/><F61/><W97/><G34/><T90/><D98/><U35/><E35/><V51/><F37/><W40/><G97/><T54/><D54/><U111/><E111/><V108/><F36/><W38/><G38/><T71/><D71/><U131/><E49/><V81/><F51/><W82/><G55/><T4/><AGARI ba="1,0" hai="4,10,14,90,95,96,100,102" m="48171,50761" machi="4" ten="30,4000,0" yaku="20,1,18,1,52,1" doraHai="91" who="0" fromWho="0" sc="235,43,286,-21,232,-11,247,-11" /><INIT seed="2,0,0,5,5,95" ten="278,265,221,236" oya="2" hai0="2,27,110,0,125,121,42,40,54,56,107,28,88" hai1="62,89,87,120,25,53,3,16,109,119,37,124,24" hai2="4,100,76,9,84,108,47,10,61,92,128,122,114" hai3="52,71,67,63,103,32,104,64,75,106,49,50,21"/><V90/><F114/><W69/><G75/><T73/><D121/><U83/><E109/><V131/><F122/><W66/><G32/><T78/><D107/><U41/><E119/><V60/><F108/><W30/><G30/><T44/><D110/><U58/><E3/><V19/><F100/><W94/><G21/><T26/><D78/><U99/><E37/><V34/><F34/><W126/><G94/><T74/><D44/><U35/><E41/><V39/><F76/><W7/><G7/><T20/><D125/><U93/><E35/><V29/><F29/><W6/><G6/><T70/><D70/><U5/><E5/><V132/><F19/><W105/><G126/><T102/><D102/><N who="1" m="60783" /><E120/><V127/><F132/><W91/><G91/><T118/><D118/><U111/><E111/><V38/><F127/><W112/><G112/><T1/><D74/><U22/><E124/><V130/><F10/><W13/><G13/><AGARI ba="0,0" hai="13,16,22,24,25,53,58,62,83,87,89" m="60783" machi="13" ten="30,3900,0" yaku="8,1,52,1,54,1" doraHai="95" who="1" fromWho="3" sc="278,0,265,39,221,0,236,-39" /><INIT seed="3,0,0,1,3,13" ten="278,304,221,197" oya="3" hai0="25,27,125,112,74,63,119,56,107,42,96,115,10" hai1="135,106,133,91,94,17,73,60,58,68,45,114,83" hai2="87,121,35,84,82,30,0,54,16,62,19,71,130" hai3="66,92,48,57,61,80,3,21,7,110,86,77,6"/><W5/><G110/><T78/><D42/><U105/><E68/><V129/><F0/><W37/><G37/><T85/><D85/><U95/><E45/><V53/><F30/><W52/><G3/><T111/><D119/><U117/><E117/><V4/><F4/><W20/><REACH who="3" step="1"/><G92/><REACH who="3" ten="278,304,221,187" step="2"/><T103/><D111/><U100/><E95/><V14/><F121/><W29/><G29/><T31/><D31/><U8/><E94/><V109/><F109/><W88/><G88/><T34/><D115/><U28/><E91/><V98/><F98/><W75/><G75/><T93/><D74/><U39/><E114/><V1/><F1/><W89/><G89/><T9/><D93/><U33/><E73/><V132/><F82/><W51/><G51/><T102/><D112/><U67/><E39/><V59/><F132/><W69/><AGARI ba="0,1" hai="5,6,7,20,21,48,52,57,61,66,69,77,80,86" machi="69" ten="30,6000,0" yaku="1,1,0,1,54,1,53,0" doraHai="13" doraHaiUra="113" who="3" fromWho="3" sc="278,-20,304,-20,221,-20,187,70" /><INIT seed="3,1,0,3,1,87" ten="258,284,201,257" oya="3" hai0="72,107,79,130,104,2,8,75,37,20,102,63,11" hai1="70,95,96,26,30,125,25,94,114,122,40,97,83" hai2="41,39,28,34,117,91,129,77,73,44,7,6,67" hai3="0,81,15,93,78,106,3,13,89,45,101,33,92"/><W46/><G33/><T80/><D37/><U128/><E114/><V105/><F117/><W82/><G101/><T66/><D130/><U1/><E1/><V19/><F129/><W51/><G51/><T99/><D75/><U53/><E70/><V119/><F105/><W84/><G106/><T103/><D2/><U48/><E125/><V120/><F120/><W50/><G50/><T35/><D35/><U64/><E64/><V43/><F43/><W88/><G84/><T21/><D21/><U22/><E40/><V14/><F119/><W112/><G78/><T85/><D20/><U115/><E115/><AGARI ba="1,0" hai="0,3,13,15,45,46,81,82,88,89,92,93,112,115" machi="115" ten="25,12000,1" yaku="22,2,52,2,54,1" doraHai="87" who="3" fromWho="1" sc="258,0,284,-123,201,0,257,123" /><INIT seed="3,2,0,0,1,103" ten="258,161,201,380" oya="3" hai0="124,3,110,49,135,30,105,78,42,59,18,98,50" hai1="102,115,12,63,75,76,64,48,52,10,28,25,20" hai2="60,51,133,85,97,38,73,91,32,27,34,82,125" hai3="58,95,33,126,2,107,72,130,31,6,119,55,62"/><W61/><G72/><T66/><D3/><U4/><E115/><V131/><F38/><W23/><G33/><T79/><D30/><U69/><E75/><V5/><F131/><W11/><G126/><T19/><D124/><U35/><E102/><V39/><F39/><W101/><G95/><T122/><D66/><U40/><E76/><V41/><F133/><W134/><G130/><T56/><D42/><U0/><E40/><V7/><F125/><W43/><G43/><T37/><D37/><U1/><REACH who="1" step="1"/><E35/><REACH who="1" ten="258,151,201,380" step="2"/><V8/><F73/><W83/><G101/><T88/><D135/><U89/><E89/><V46/><F34/><W111/><G134/><T86/><D88/><U16/><E16/><V129/><F32/><W17/><G17/><T128/><D128/><U54/><E54/><V92/><F129/><W81/><G55/><T68/><D19/><U57/><AGARI ba="2,1" hai="0,1,4,10,12,20,25,28,48,52,57,63,64,69" machi="57" ten="20,5200,0" yaku="1,1,0,1,7,1,54,1,53,0" doraHai="103" doraHaiUra="71" who="1" fromWho="1" sc="258,-15,151,68,201,-15,380,-28" /><INIT seed="4,0,0,0,1,73" ten="243,219,186,352" oya="0" hai0="17,131,33,102,99,11,0,133,85,116,74,82,107" hai1="84,59,6,127,25,95,13,128,49,121,96,38,39" hai2="72,91,83,48,123,3,28,1,43,122,20,2,51" hai3="29,77,135,68,90,115,44,86,7,126,71,50,36"/><T89/><D33/><U22/><E121/><V10/><F122/><W35/><G36/><T93/><D116/><U69/><E69/><V46/><F123/><W23/><G35/><T112/><D112/><U14/><E84/><V124/><F124/><W40/><G7/><T34/><D34/><U66/><E127/><V134/><F134/><W45/><G45/><T56/><D131/><U75/><E75/><V108/><F108/><W101/><G101/><T94/><D133/><U67/><E67/><V109/><F109/><W31/><G68/><T5/><D17/><U100/><E49/><V103/><F103/><W21/><G71/><T15/><D0/><U4/><E4/><V79/><F91/><W60/><G60/><T9/><D11/><N who="1" m="4343" /><E14/><V47/><F10/><W105/><G50/><T106/><D74/><U114/><E128/><V63/><F63/><W55/><G86/><T120/><D120/><U54/><E54/><V65/><F65/><W24/><G55/><T18/><D5/><U30/><E114/><V118/><F118/><W81/><G135/><T8/><D9/><U119/><E119/><V97/><F97/><W87/><G87/><T111/><D111/><U12/><E12/><V61/><F61/><AGARI ba="0,0" hai="22,25,30,38,39,59,61,66,95,96,100" m="4343" machi="61" ten="30,1000,0" yaku="25,1" doraHai="73" who="1" fromWho="2" sc="243,0,219,10,186,-10,352,0" /><INIT seed="5,0,0,2,4,112" ten="243,229,176,352" oya="1" hai0="134,87,12,8,48,55,103,123,62,47,110,106,35" hai1="22,39,25,5,19,133,34,43,96,26,82,125,2" hai2="15,124,127,36,10,130,120,27,61,78,86,38,76" hai3="59,51,53,114,118,60,41,111,65,89,23,135,99"/><U129/><E39/><V80/><F120/><W44/><G111/><T30/><D110/><U4/><E43/><V107/><F107/><W24/><G114/><T90/><D134/><U49/><E49/><V50/><F130/><W122/><G135/><T128/><D128/><U46/><E46/><V75/><F61/><W68/><G118/><T18/><D123/><U32/><E82/><V66/><F66/><W97/><G89/><T79/><D35/><N who="1" m="13355" /><E96/><V42/><F27/><W85/><G85/><T109/><D30/><N who="1" m="17719" /><E129/><V117/><F76/><W95/><G95/><T20/><D109/><U67/><E67/><V57/><F75/><W83/><G83/><T104/><D79/><U84/><E84/><V98/><F98/><W88/><G88/><T131/><D131/><U9/><E125/><V33/><F80/><W102/><G102/><T105/><D62/><U69/><E69/><V92/><F78/><W73/><G73/><T93/><REACH who="0" step="1"/><D20/><REACH who="0" ten="233,229,176,352" step="2"/><N who="1" m="13599" /><E5/><V100/><F124/><W16/><G122/><T101/><AGARI ba="0,1" hai="8,12,18,47,48,55,87,90,93,101,103,104,105,106" machi="101" ten="40,2700,0" yaku="1,1,0,1,53,0" doraHai="112" doraHaiUra="126" who="0" fromWho="0" sc="233,37,229,-13,176,-7,352,-7" /><INIT seed="6,0,0,1,3,118" ten="270,216,169,345" oya="2" hai0="81,4,45,55,42,15,69,22,38,115,106,43,2" hai1="88,23,44,111,77,65,125,53,17,41,116,110,114" hai2="54,74,31,100,112,35,98,40,14,104,39,85,20" hai3="135,56,16,28,133,76,80,91,78,75,60,86,130"/><V97/><F74/><W126/><G28/><T71/><D106/><U49/><E116/><V134/><F134/><W9/><G130/><T90/><D43/><U107/><E107/><V93/><F112/><W13/><G126/><T25/><D15/><U11/><E77/><V19/><F39/><W99/><G99/><T29/><D55/><U51/><E65/><V47/><F40/><W37/><G37/><T70/><D115/><U128/><E114/><V105/><F35/><W129/><G129/><T52/><D4/><U26/><E125/><V108/><F31/><W7/><G75/><T119/><D2/><U63/><E63/><V12/><F108/><W0/><G133/><T21/><D119/><U113/><E113/><V36/><F36/><W124/><G124/><T96/><D52/><U120/><E120/><V92/><F85/><W30/><G30/><T6/><D6/><U10/><E10/><V131/><F12/><W94/><G80/><T27/><D81/><U123/><E123/><V109/><F109/><W122/><G122/><T3/><D3/><U58/><E11/><V32/><F32/><W50/><G9/><T61/><D27/><U8/><E8/><V59/><F47/><W57/><G13/><T132/><D132/><U84/><E128/><V18/><F19/><W72/><G16/><T24/><D25/><U73/><E73/><V101/><REACH who="2" step="1"/><F131/><REACH who="2" ten="270,216,159,345" step="2"/><W82/><G72/><T62/><D22/><U121/><E121/><V66/><F66/><W64/><G64/><T5/><D5/><U83/><AGARI ba="0,1" hai="17,23,26,41,44,49,51,53,58,83,84,88,110,111" machi="83" ten="20,2700,0" yaku="0,1,7,1,54,1" doraHai="118" who="1" fromWho="1" sc="270,-7,216,37,159,-13,345,-7" /><INIT seed="7,0,0,1,3,11" ten="263,253,146,338" oya="3" hai0="107,42,58,63,56,117,33,16,133,126,23,75,41" hai1="113,122,45,125,90,78,72,85,103,62,102,134,118" hai2="115,104,123,43,127,53,84,129,10,24,130,99,135" hai3="77,12,92,79,93,109,7,14,48,54,66,98,67"/><W40/><G40/><T105/><D33/><U116/><E122/><V50/><F43/><W73/><G73/><T28/><D117/><N who="1" m="45163" /><E45/><V34/><F84/><W110/><G48/><T74/><D28/><U21/><E113/><V4/><F99/><W95/><G98/><T35/><D35/><U30/><E134/><V8/><F104/><W131/><G54/><T68/><D68/><U106/><E62/><V100/><F100/><W19/><G7/><T70/><D70/><U132/><E132/><V71/><F50/><W96/><G96/><T59/><D126/><U60/><E60/><V111/><F53/><W112/><G19/><T49/><D63/><U120/><E120/><V82/><F71/><W1/><G1/><T114/><D114/><U94/><E125/><V97/><F82/><W64/><G131/><T119/><D119/><U80/><E106/><V15/><F97/><W65/><G64/><T121/><D121/><U89/><E30/><N who="2" m="19783" /><F123/><W52/><G112/><T26/><D133/><U38/><E38/><V13/><F115/><W91/><G65/><T18/><D49/><U108/><E89/><V128/><F135/><W47/><G91/><T20/><D59/><U25/><E102/><V29/><F127/><W88/><G66/><T17/><D18/><N who="1" m="12471" /><E103/><V3/><F29/><W76/><G67/><T32/><D32/><U46/><E46/><V31/><F31/><W2/><G47/><T61/><D61/><U27/><E80/><V0/><F111/><W124/><G109/><T22/><D23/><U57/><E108/><V37/><F37/><W5/><G110/><RYUUKYOKU ba="0,0" sc="263,15,253,-15,146,15,338,-15" hai0="16,17,20,22,26,41,42,56,58,74,75,105,107" hai2="0,3,4,8,10,13,15,128,129,130" owari="278,7.8,238,-16.2,161,-33.9,323,42.3" /></mjloggm>