<mjloggm ver="2.3"><GO type="41" lobby="0"/><UN n0="%E3%83%99%E3%83%AB%E3%82%AF%E3%83%A9" n1="%E3%83%A9%E3%83%B3%E3%82%B9%E3%83%AD%E3%83%83%E3%83%88" n2="%E2%93%9D%4C%75%63%6B%79%4A" n3="%E3%83%97%E3%83%AA%E3%83%B3%E5%A4%AA%E9%83%8E" dan="15,15,17,13" rate="1951.64,2005.85,2182.23,2085.71" sx="M,M,M,M"/><TAIKYOKU oya="0"/><INIT seed="0,0,0,3,3,98" ten="250,250,250,250" oya="0" hai0="108,59,46,126,36,68,55,109,94,34,38,29,20" hai1="132,14,78,100,129,41,72,52,53,35,83,28,12" hai2="32,82,47,102,60,0,40,125,110,37,86,3,13" hai3="56,74,133,113,48,117,106,101,22,135,70,26,1"/><T81/><D126/><U89/><E129/><V111/><F32/><W24/><G70/><T79/><D68/><U92/><E132/><N who="3" m="50762" /><G113/><T18/><D46/><U61/><E41/><V112/><F13/><W9/><G74/><T64/><D64/><U27/><E100/><V43/><F43/><W127/><G117/><T76/><D29/><U73/><E73/><V119/><F60/><W69/><G69/><T57/><D94/><U75/><E75/><V116/><F112/><W95/><G95/><T97/><D97/><U54/><REACH who="1" step="1"/><E61/><REACH who="1" ten="250,240,250,250" step="2"/><V11/><F119/><W25/><G101/><T88/><D38/><U85/><AGARI ba="0,1" hai="12,14,27,28,35,52,53,54,72,78,83,85,89,92" machi="85" ten="30,7900,0" yaku="1,1,2,1,0,1,54,1,53,0" doraHai="98" doraHaiUra="114" who="1" fromWho="1" sc="250,-39,240,89,250,-20,250,-20" /><INIT seed="1,0,0,4,2,30" ten="211,329,230,230" oya="1" hai0="74,134,1,92,80,87,108,52,53,21,65,84,41" hai1="37,58,118,104,103,19,36,50,35,15,18,95,125" hai2="38,16,97,116,109,132,51,20,43,110,12,59,78" hai3="42,128,77,86,17,106,61,11,3,62,69,96,5"/><U124/><E118/><V49/><F116/><W64/><G128/><T7/><D108/><N who="2" m="41578" /><F78/><W111/><G111/><T26/><D134/><U126/><E104/><V101/><F132/><W34/><G62/><T98/><D41/><U14/><E103/><V99/><F99/><W47/><G17/><N who="1" m="6154" /><E95/><N who="2" m="58559" /><F59/><W28/><G86/><T70/><D74/><U2/><E2/><V9/><F20/><W120/><G77/><T91/><D84/><U13/><E35/><V71/><F71/><W115/><G115/><T123/><D123/><U33/><E33/><V8/><F9/><W121/><G47/><AGARI ba="0,0" hai="8,12,16,38,43,47,49,51" m="58559,41578" machi="47" ten="30,2000,0" yaku="14,1,54,1" doraHai="30" who="2" fromWho="3" sc="211,0,329,0,230,20,230,-20" /><INIT seed="2,0,0,2,2,72" ten="211,329,250,210" oya="2" hai0="106,73,133,35,56,23,123,94,55,9,122,104,65" hai1="132,78,90,69,26,124,21,126,57,12,92,45,38" hai2="86,15,39,32,43,81,108,85,109,59,96,80,16" hai3="62,115,58,131,31,113,8,112,61,98,28,0,37"/><V29/><F32/><W100/><G37/><T134/><D35/><U125/><E69/><V88/><F29/><W14/><G0/><T70/><D73/><U102/><E132/><N who="0" m="50793" /><D9/><U36/><E102/><V33/><F33/><W83/><G131/><T107/><D94/><U99/><E12/><V87/><F59/><W68/><G68/><T116/><D116/><U18/><E45/><V46/><F96/><W71/><G71/><T66/><D23/><U74/><E57/><V75/><F75/><W128/><G83/><AGARI ba="0,0" hai="18,21,26,36,38,74,78,83,90,92,99,124,125,126" machi="83" ten="40,2600,0" yaku="18,1,52,1" doraHai="72" who="1" fromWho="3" sc="211,0,329,26,250,0,210,-26" /><INIT seed="3,0,0,4,1,117" ten="211,355,250,184" oya="3" hai0="110,104,128,48,103,25,32,113,16,15,22,124,47" hai1="131,10,122,33,75,20,60,30,77,95,42,73,5" hai2="26,53,41,58,11,0,49,87,112,121,37,43,44" hai3="123,8,12,101,107,108,105,70,88,109,17,6,67"/><W21/><G70/><T4/><D110/><N who="3" m="42601" /><G67/><T66/><D128/><U9/><E122/><V65/><F112/><W52/><G123/><T116/><D113/><U34/><E42/><V38/><F26/><N who="3" m="14639" /><G101/><T91/><D116/><U31/><E131/><V134/><F121/><W29/><G29/><T84/><D66/><U72/><E30/><V2/><F134/><W7/><G7/><T50/><D4/><U130/><E31/><V13/><F65/><W51/><G88/><T3/><D91/><U63/><E130/><V40/><F38/><W36/><G36/><T111/><D103/><U45/><E5/><V76/><F37/><W125/><G125/><T80/><D124/><U61/><E77/><V94/><F76/><W132/><G132/><T133/><D133/><U64/><E64/><V54/><F2/><W115/><G115/><T85/><D80/><U129/><E129/><V126/><F0/><W93/><G93/><T56/><D3/><U118/><E95/><V39/><F126/><W86/><G86/><T68/><D85/><U1/><E1/><V14/><F39/><W35/><G35/><T89/><D84/><U59/><E118/><V114/><F114/><W28/><G28/><T92/><D89/><U18/><E34/><V19/><F87/><W78/><G78/><T24/><D32/><U79/><E33/><V69/><F69/><W98/><G98/><T135/><D68/><U74/><E79/><V100/><F100/><W102/><G102/><T23/><D111/><U83/><E74/><V55/><F94/><W97/><G97/><T119/><D135/><RYUUKYOKU ba="0,0" sc="211,-10,355,-10,250,-10,184,30" hai3="6,8,12,51,52,105,107" /><INIT seed="3,1,0,0,0,41" ten="201,345,240,214" oya="3" hai0="131,3,85,79,50,130,45,112,81,77,80,111,12" hai1="70,65,121,5,109,22,100,40,125,132,122,52,53" hai2="74,10,57,38,37,36,82,118,28,42,113,8,95" hai3="58,59,97,43,17,39,115,105,30,106,69,108,19"/><W2/><G115/><T7/><D112/><U16/><E109/><V23/><F113/><W89/><G69/><T75/><D111/><U48/><E5/><V104/><F104/><W29/><G2/><T15/><D3/><U6/><E6/><V110/><F118/><W129/><G108/><T55/><REACH who="0" step="1"/><D7/><REACH who="0" ten="191,345,240,214" step="2"/><U133/><E121/><V116/><F110/><W87/><G129/><AGARI ba="1,1" hai="12,15,45,50,55,75,77,79,80,81,85,129,130,131" machi="129" ten="40,8000,1" yaku="1,1,2,1,19,1,52,1,53,0" doraHai="41" doraHaiUra="88" who="0" fromWho="3" sc="191,93,345,0,240,0,214,-83" /><INIT seed="4,0,0,4,0,60" ten="284,345,240,131" oya="0" hai0="120,103,55,0,10,99,47,76,121,23,36,88,40" hai1="28,14,49,42,38,19,7,69,59,89,132,119,31" hai2="82,2,25,117,46,81,104,70,92,48,8,15,34" hai3="131,105,6,118,134,74,111,57,75,109,1,53,11"/><T65/><D76/><U79/><E119/><V3/><F104/><W63/><G118/><T123/><D55/><U85/><E132/><V78/><F70/><W73/><G105/><T20/><D103/><U124/><E79/><V93/><F34/><W33/><G33/><T122/><N who="0" m="30720" /><DORA hai="115" /><T35/><D35/><U62/><E7/><V86/><F25/><W51/><G134/><T90/><D65/><N who="1" m="39135" /><E38/><V71/><F82/><W50/><REACH who="3" step="1"/><G131/><REACH who="3" ten="284,345,240,121" step="2"/><T106/><D106/><U68/><E124/><V27/><F117/><W125/><G125/><T67/><D0/><U127/><E127/><V66/><F3/><W9/><G9/><T17/><D10/><U4/><E68/><V95/><F71/><W18/><G18/><T43/><D17/><U21/><E69/><V29/><F2/><W83/><G83/><T22/><D22/><U64/><E19/><V45/><F8/><W24/><G24/><T41/><D23/><U116/><E21/><V91/><F27/><W102/><G102/><T112/><D20/><U16/><E16/><V77/><F81/><W84/><G84/><T87/><D87/><U126/><E85/><V130/><F86/><W108/><AGARI ba="0,1" hai="1,6,11,50,51,53,57,63,73,74,75,108,109,111" machi="108" ten="40,5200,0" yaku="1,1,0,1,53,1" doraHai="60,115" doraHaiUra="129,32" who="3" fromWho="3" sc="284,-26,345,-13,240,-13,121,62" /><INIT seed="5,0,0,4,2,66" ten="258,332,227,183" oya="1" hai0="89,22,73,39,79,135,46,7,74,56,120,17,121" hai1="132,118,19,97,5,108,111,27,131,34,78,28,106" hai2="84,109,47,23,119,95,3,103,54,86,57,88,85" hai3="126,36,125,63,24,71,83,50,68,90,128,129,51"/><U93/><E118/><V87/><F119/><W40/><G24/><T130/><D135/><U112/><E132/><V31/><F3/><W12/><G12/><T58/><D130/><N who="3" m="50281" /><G63/><T41/><D7/><U8/><E106/><V80/><F109/><W102/><G102/><T64/><D89/><U35/><E35/><V43/><F31/><W77/><G90/><T29/><D29/><U15/><E131/><V14/><F103/><W45/><G51/><T99/><D99/><U48/><E112/><V37/><F23/><W70/><G36/><T114/><D114/><U94/><E78/><V115/><F14/><W16/><G16/><T30/><D30/><U49/><E5/><V1/><F1/><W127/><G71/><T100/><D17/><U11/><E11/><V21/><F21/><W32/><G32/><T101/><D101/><N who="1" m="60591" /><E94/><V76/><REACH who="2" step="1"/><F115/><REACH who="2" ten="258,332,217,183" step="2"/><W117/><G117/><T59/><D100/><U20/><E20/><V13/><F13/><W55/><G40/><T124/><D41/><U91/><E15/><V9/><F9/><W26/><G26/><T113/><D22/><U0/><E8/><V61/><AGARI ba="0,1" hai="37,43,47,54,57,61,76,80,84,85,86,87,88,95" machi="61" ten="20,8000,1" yaku="1,1,0,1,7,1,54,1,53,1" doraHai="66" doraHaiUra="42" who="2" fromWho="2" sc="258,-20,332,-40,217,90,183,-20" /><INIT seed="6,0,0,1,0,60" ten="238,292,307,163" oya="2" hai0="103,37,44,98,59,43,47,61,117,7,83,105,56" hai1="88,112,21,16,20,104,71,108,8,33,120,1,97" hai2="102,100,14,38,18,79,73,26,51,115,130,54,132" hai3="36,101,50,131,27,39,55,94,62,77,17,124,84"/><V123/><F123/><W99/><G124/><T107/><D117/><U133/><E108/><V110/><F38/><W4/><G131/><T89/><D7/><U114/><E120/><V23/><F110/><W87/><G4/><T46/><D105/><U28/><E71/><V66/><F115/><N who="1" m="44073" /><E133/><V118/><F118/><W19/><G39/><T10/><D59/><U25/><E1/><V67/><F73/><W121/><G36/><T70/><D70/><U68/><E68/><V76/><F130/><W86/><G86/><T35/><D35/><U30/><E30/><V49/><F51/><W34/><G121/><T29/><D29/><U135/><E135/><V15/><F102/><W40/><G34/><T69/><D69/><U106/><E106/><V13/><F100/><W91/><G77/><N who="2" m="29769" /><F132/><W75/><G75/><T32/><D32/><U78/><E78/><V31/><F31/><W82/><G87/><T113/><D107/><U85/><E104/><V92/><F92/><W127/><G127/><T57/><D103/><U24/><E97/><V90/><F90/><W52/><G40/><T48/><D43/><U119/><E119/><V72/><F72/><W42/><G42/><T11/><D98/><U128/><E128/><V41/><F41/><W6/><G99/><T93/><D37/><U81/><E33/><V12/><N who="2" m="3072" /><DORA hai="96" /><V22/><F23/><W58/><G101/><T80/><D113/><U116/><E116/><V134/><F134/><W74/><G74/><T0/><D48/><U9/><AGARI ba="0,0" hai="8,9,16,20,21,24,25,28,81,85,88" m="44073" machi="9" ten="30,4000,0" yaku="15,1,54,2" doraHai="60,96" who="1" fromWho="1" sc="238,-10,292,40,307,-20,163,-10" /><INIT seed="7,0,0,2,0,77" ten="228,332,287,153" oya="3" hai0="133,87,84,7,128,116,11,54,93,19,28,111,80" hai1="33,34,42,104,98,132,47,102,30,127,135,17,82" hai2="131,76,21,31,115,39,38,91,2,32,94,119,14" hai3="65,110,6,69,74,37,60,105,36,15,123,18,41"/><W16/><G123/><T52/><D111/><U89/><E127/><V88/><F2/><W83/><G110/><T48/><D116/><U70/><E70/><V57/><F76/><W66/><G105/><T9/><D133/><N who="1" m="51275" /><E30/><V108/><F91/><W95/><G65/><T103/><D128/><U72/><E17/><V129/><F115/><W130/><G130/><N who="2" m="49673" /><F119/><W73/><G95/><T24/><D19/><U43/><E43/><V85/><F57/><W49/><G6/><T120/><D120/><U53/><E53/><V118/><F118/><W90/><G18/><T121/><D54/><U96/><E72/><V113/><F113/><W109/><G109/><T86/><D7/><U25/><E25/><N who="2" m="18543" /><F108/><W81/><G90/><N who="0" m="53471" /><D86/><N who="1" m="50391" /><E96/><V79/><F79/><W5/><G5/><T10/><D121/><U26/><E26/><V75/><F75/><W40/><G74/><T56/><D103/><U61/><E61/><V125/><F125/><W55/><G73/><T23/><D11/><U107/><E107/><V59/><F85/><W64/><G64/><T51/><D51/><AGARI ba="0,0" hai="33,34,42,47,51,98,102,104" m="50391,51275" machi="51" ten="30,2000,0" yaku="20,1,52,1" doraHai="77" who="1" fromWho="0" sc="228,-20,332,20,287,0,153,0" owari="208,-19.2,352,45.2,287,8.7,153,-34.7" /></mjloggm>