<mjloggm ver="2.3"><GO type="41" lobby="0"/><UN n0="%E3%81%AB%E3%81%97%E3%81%A0" n1="%54%61%6D%61%78" n2="%E2%93%9D%4C%75%63%6B%79%4A" n3="%2D%4E%6F%73%74%79%2D" dan="13,13,18,14" rate="1835.42,1817.92,2220.94,1943.80" sx="M,M,M,M"/><TAIKYOKU oya="0"/><INIT seed="0,0,0,3,1,77" ten="250,250,250,250" oya="0" hai0="56,58,99,85,57,51,76,81,119,84,86,108,89" hai1="82,93,27,65,116,135,3,133,118,1,87,88,39" hai2="117,60,109,128,0,110,121,25,24,74,105,75,94" hai3="33,10,111,6,96,15,18,124,16,8,31,106,68"/><T104/><D119/><U38/><E65/><V52/><F105/><W63/><G111/><N who="2" m="42505" /><F121/><W123/><G123/><T23/><D108/><U43/><E27/><N who="2" m="10315" /><F0/><N who="1" m="73" /><E43/><V103/><F128/><W97/><G31/><T115/><D115/><U112/><E112/><V62/><F117/><N who="1" m="45161" /><E93/><V2/><F2/><W134/><G33/><T102/><D23/><U47/><E47/><V69/><F69/><W9/><G106/><T67/><D67/><U7/><E7/><V11/><F11/><W4/><G10/><T37/><D37/><U54/><E54/><V44/><F94/><W126/><G68/><T13/><D13/><U17/><E17/><V5/><F103/><W19/><G19/><T36/><D36/><U55/><E55/><V90/><F90/><W72/><G15/><T26/><D26/><U107/><E107/><V125/><F5/><W131/><G6/><T83/><REACH who="0" step="1"/><D51/><REACH who="0" ten="240,250,250,250" step="2"/><U91/><E38/><V59/><F62/><W100/><G63/><T101/><D101/><U73/><E39/><V61/><F61/><W22/><G100/><T79/><D79/><U122/><E122/><V53/><F125/><W48/><G126/><T130/><D130/><U80/><E73/><AGARI ba="0,1" hai="56,57,58,73,76,81,83,84,85,86,89,99,102,104" machi="73" ten="40,7700,0" yaku="1,1,52,2,53,0" doraHai="77" doraHaiUra="45" who="0" fromWho="1" sc="240,87,250,-77,250,0,250,0" /><INIT seed="0,1,0,0,4,107" ten="327,173,250,250" oya="0" hai0="20,83,34,84,112,52,10,63,73,58,30,61,8" hai1="98,6,36,109,7,49,94,99,28,47,39,108,56" hai2="60,69,13,66,101,57,18,121,95,87,125,93,43" hai3="9,91,12,31,70,88,127,97,40,75,132,26,54"/><T128/><D112/><U81/><E28/><V96/><F121/><W82/><G70/><T71/><D34/><U118/><E118/><V90/><F125/><W2/><G2/><T111/><D128/><U77/><E56/><V41/><REACH who="2" step="1"/><F69/><REACH who="2" ten="327,173,240,250" step="2"/><W55/><G127/><T105/><D71/><U27/><E109/><V37/><F37/><W89/><G132/><T80/><D111/><U78/><E108/><V74/><F74/><W116/><G116/><T65/><D105/><U62/><E39/><V104/><F104/><W72/><G72/><T123/><D123/><U45/><E36/><V106/><F106/><W51/><G97/><T50/><D73/><U134/><E99/><V103/><F103/><W122/><G122/><T38/><D38/><U86/><E98/><V113/><F113/><W92/><G75/><T64/><D84/><U119/><E86/><V3/><F3/><W110/><G110/><T19/><D30/><U117/><E119/><V67/><F67/><W11/><G31/><T48/><D65/><U1/><E117/><V4/><F4/><W85/><G85/><T23/><D64/><U53/><E1/><V76/><F76/><W33/><G91/><T25/><D19/><U32/><E78/><V29/><F29/><W133/><G89/><T115/><D115/><U46/><E77/><V17/><F17/><W135/><G88/><T24/><D58/><U35/><E6/><V0/><F0/><W44/><G135/><T100/><D100/><U5/><E134/><V16/><F16/><W130/><G133/><T114/><D114/><U22/><E5/><RYUUKYOKU ba="1,1" sc="327,15,173,-15,240,15,250,-15" hai0="8,10,20,23,24,25,48,50,52,61,63,80,83" hai2="13,18,41,43,57,60,66,87,90,93,95,96,101" /><INIT seed="0,2,1,0,2,24" ten="342,158,255,235" oya="0" hai0="5,7,117,69,20,92,79,19,75,63,11,121,35" hai1="22,111,26,23,97,2,91,83,124,53,12,112,119" hai2="118,14,122,108,113,25,110,135,132,81,99,51,62" hai3="67,114,50,15,61,130,71,39,28,95,76,84,43"/><T103/><D121/><U74/><E119/><V3/><F122/><W48/><G114/><T56/><D117/><U65/><E124/><V128/><F118/><W78/><G130/><T17/><D35/><U70/><E112/><V120/><F113/><W107/><G107/><T60/><D75/><U44/><E2/><V87/><F3/><W80/><G39/><T109/><D79/><U58/><E111/><N who="2" m="42539" /><F51/><W16/><G78/><T55/><D109/><U131/><E70/><V88/><F14/><W73/><G28/><T72/><D72/><U4/><E74/><V31/><F120/><W52/><G43/><T106/><D106/><U116/><E116/><V68/><F99/><W18/><G15/><T100/><D69/><U34/><E131/><V66/><F128/><W27/><G27/><T104/><D104/><U21/><E34/><AGARI ba="2,1" hai="25,31,34,62,66,68,81,87,88,132,135" m="42539" machi="34" ten="30,3900,0" yaku="14,1,52,1,54,1" doraHai="24" who="2" fromWho="1" sc="342,0,158,-45,255,55,235,0" /><INIT seed="1,0,0,0,4,96" ten="342,113,310,235" oya="1" hai0="19,51,128,44,64,1,11,31,123,52,79,56,39" hai1="46,29,86,26,50,35,34,80,30,114,65,55,18" hai2="0,108,45,77,106,6,87,93,103,54,125,47,105" hai3="16,27,88,41,130,76,94,57,70,113,83,69,63"/><U90/><E114/><V62/><F0/><W5/><G113/><T107/><D123/><U89/><E65/><V92/><F6/><W49/><G130/><T126/><D128/><U61/><E18/><V85/><F54/><W78/><G5/><T119/><D119/><U121/><E121/><V21/><F62/><W8/><G70/><T99/><D31/><U132/><E132/><V13/><F77/><W22/><G8/><T66/><D79/><U72/><E72/><V104/><F125/><W37/><G37/><T3/><D126/><U15/><E15/><V17/><F108/><W110/><G69/><T2/><D39/><U117/><E61/><V43/><F47/><N who="3" m="25839" /><G83/><T111/><D111/><U20/><E117/><V118/><F118/><W24/><G24/><T10/><D107/><U68/><E68/><V102/><F93/><W4/><G4/><T59/><D99/><U81/><REACH who="1" step="1"/><E30/><REACH who="1" ten="342,103,310,235" step="2"/><V100/><REACH who="2" step="1"/><F92/><REACH who="2" ten="342,103,300,235" step="2"/><W67/><G110/><T53/><D66/><U9/><E9/><V7/><F7/><W74/><G74/><T75/><D64/><U134/><E134/><V42/><F42/><W38/><G67/><T131/><D1/><U28/><E28/><V73/><F73/><W116/><G116/><T58/><D75/><U97/><E97/><V112/><F112/><W84/><G63/><T48/><D131/><U14/><E14/><V32/><F32/><W36/><G94/><T25/><D2/><U12/><E12/><V60/><F60/><W23/><G84/><AGARI ba="0,2" hai="20,26,29,34,35,46,50,55,80,81,84,86,89,90" machi="84" ten="40,3900,0" yaku="1,1,9,1,53,0" doraHai="96" doraHaiUra="124" who="1" fromWho="3" sc="342,0,103,59,300,0,235,-39" /><INIT seed="1,1,0,4,0,4" ten="342,162,300,196" oya="1" hai0="22,96,51,111,115,52,54,117,14,105,113,56,107" hai1="31,55,106,46,24,99,103,127,43,49,124,135,64" hai2="94,80,122,109,128,71,11,18,0,33,121,3,98" hai3="77,35,10,59,93,108,19,36,73,39,45,75,44"/><U87/><E135/><V17/><F71/><W42/><G35/><T34/><D34/><U12/><E12/><V67/><F67/><W79/><G108/><T29/><D117/><U82/><E64/><V134/><F80/><W85/><G59/><T1/><D111/><U101/><E101/><V119/><F94/><W68/><G68/><T129/><D1/><U26/><E55/><V69/><F98/><W123/><G123/><T95/><D129/><U6/><E6/><V116/><F69/><W112/><G112/><T28/><D115/><U21/><REACH who="1" step="1"/><E26/><REACH who="1" ten="342,152,300,196" step="2"/><V78/><F134/><W7/><G7/><T32/><D113/><U62/><E62/><V81/><F109/><W102/><G102/><T118/><D14/><U30/><E30/><V5/><F5/><W70/><G70/><T63/><D29/><U84/><E84/><V37/><F122/><W23/><G85/><T38/><D28/><U13/><E13/><V8/><F121/><W131/><G75/><T47/><D118/><U89/><AGARI ba="1,1" hai="21,24,31,43,46,49,82,87,89,99,103,106,124,127" machi="89" ten="30,3000,0" yaku="1,1,0,1,53,0" doraHai="4" doraHaiUra="88" who="1" fromWho="1" sc="342,-11,152,43,300,-11,196,-11" /><INIT seed="1,2,0,4,4,39" ten="331,195,289,185" oya="1" hai0="133,108,86,54,32,97,115,26,70,65,122,85,103" hai1="7,81,36,2,63,46,57,9,16,105,38,11,73" hai2="5,125,95,44,110,69,55,91,101,31,60,28,99" hai3="76,22,18,123,117,84,56,37,29,34,96,111,30"/><U79/><E105/><V49/><F125/><W45/><G123/><T89/><D115/><U126/><E126/><V118/><F118/><W64/><G111/><T40/><D108/><U19/><E11/><V3/><F110/><W88/><G117/><T27/><D122/><U35/><E35/><V75/><F75/><W92/><G34/><T12/><D133/><U47/><E47/><V131/><F131/><W120/><G120/><T100/><D54/><U67/><E38/><V87/><F3/><W53/><G64/><T59/><D70/><U107/><E107/><V98/><F5/><W93/><G45/><T25/><D12/><U33/><E33/><V74/><F74/><W13/><G37/><T132/><D132/><U124/><E124/><V62/><F99/><W130/><G130/><T48/><D32/><U6/><E6/><V71/><F71/><W119/><G119/><T109/><D109/><U112/><E112/><V15/><F15/><W121/><G121/><T78/><D78/><U94/><E94/><N who="2" m="58583" /><F69/><W52/><G76/><T114/><D114/><U83/><E83/><V134/><F134/><W102/><G53/><N who="0" m="32167" /><D65/><U4/><E4/><V106/><F106/><W23/><G23/><T21/><D21/><U127/><E127/><V113/><F113/><W72/><G72/><T43/><D97/><U8/><E8/><V14/><F14/><W42/><G42/><AGARI ba="2,0" hai="2,7,9,16,19,36,42,46,57,63,67,73,79,81" machi="42" ten="40,12000,1" yaku="25,2,52,1,54,1" doraHai="39" who="1" fromWho="3" sc="331,0,195,126,289,0,185,-126" /><INIT seed="1,3,0,1,3,66" ten="331,321,289,59" oya="1" hai0="78,96,6,37,102,104,101,25,85,125,57,24,103" hai1="76,108,127,42,22,94,117,41,122,90,15,74,128" hai2="38,29,79,1,40,109,124,106,105,31,30,88,130" hai3="68,48,89,123,92,21,110,135,133,112,14,64,46"/><U95/><E117/><V91/><F1/><W2/><G123/><T93/><D37/><U47/><E122/><V132/><F79/><W100/><G112/><T80/><D6/><U50/><E127/><V134/><F124/><W45/><G2/><T0/><D0/><U36/><E128/><V87/><F130/><W5/><G100/><T65/><D125/><U126/><E126/><V131/><F131/><W69/><G110/><T3/><D3/><U67/><E67/><V120/><F120/><W86/><G64/><T84/><D65/><U99/><E108/><V7/><F7/><W12/><G46/><T16/><D57/><U44/><E76/><V113/><F113/><W83/><G83/><T70/><D70/><N who="3" m="27241" /><G21/><T118/><D118/><U51/><E74/><V56/><F56/><W52/><G5/><T115/><D115/><U20/><E36/><V61/><F38/><W82/><G82/><T11/><D104/><U55/><E55/><V49/><F106/><W17/><G17/><T116/><D116/><U72/><E72/><V81/><F105/><W77/><G77/><T10/><D85/><U119/><E15/><V53/><F87/><W33/><G33/><T32/><D32/><U23/><E119/><V8/><F109/><W54/><G54/><T58/><D58/><U43/><E43/><V71/><F40/><W75/><G75/><T111/><D111/><U98/><E20/><V27/><F53/><W60/><G60/><T59/><D59/><U63/><E63/><V107/><F61/><W121/><G121/><T4/><D4/><U9/><E9/><RYUUKYOKU ba="3,0" sc="331,-15,321,15,289,-15,59,15" hai1="22,23,41,42,44,47,50,51,90,94,95,98,99" hai3="12,14,45,48,52,86,89,92,133,135" /><INIT seed="1,4,0,4,3,65" ten="316,336,274,74" oya="1" hai0="122,58,110,76,45,23,106,125,40,88,63,112,25" hai1="80,67,12,52,11,29,21,134,13,2,95,124,42" hai2="18,107,123,37,83,39,72,135,114,50,119,79,82" hai3="46,93,105,1,22,103,98,73,36,130,100,120,6"/><U53/><E124/><V128/><F119/><W59/><G120/><T109/><D106/><U69/><E134/><V30/><F30/><W66/><G73/><T4/><D122/><U8/><E2/><V104/><F50/><W116/><G116/><T92/><D125/><U17/><E42/><V14/><F123/><W28/><G130/><T34/><D112/><U41/><E41/><V74/><F135/><W99/><G46/><T15/><D76/><U27/><E80/><V129/><F18/><W132/><G36/><N who="2" m="13897" /><F14/><W57/><G132/><T55/><D34/><U49/><E49/><V131/><F114/><W127/><G127/><T97/><D40/><U47/><E95/><V44/><F44/><W84/><G84/><T133/><D45/><U38/><E38/><V77/><AGARI ba="4,0" hai="72,74,77,79,82,83,104,107,128,129,131" m="13897" machi="77" ten="40,2700,0" yaku="19,1,23,1" doraHai="65" who="2" fromWho="2" sc="316,-11,336,-17,274,39,74,-11" /><INIT seed="2,0,0,1,1,74" ten="305,319,313,63" oya="2" hai0="69,99,84,33,91,134,53,70,38,39,11,96,6" hai1="28,2,98,112,55,63,81,61,120,125,92,13,82" hai2="49,3,60,119,23,65,24,17,1,42,102,10,114" hai3="56,124,133,12,59,66,132,105,15,41,20,85,44"/><V89/><F114/><W29/><G105/><T9/><D33/><U7/><E112/><V75/><F119/><W43/><G124/><T79/><D134/><U47/><E125/><V76/><F102/><W103/><G103/><T35/><D35/><U4/><E120/><V37/><F37/><W50/><G43/><T67/><D53/><U77/><E2/><V87/><F75/><W16/><G29/><T93/><D11/><U64/><E28/><V45/><F10/><W21/><G85/><T54/><D99/><U130/><E130/><V34/><F34/><W123/><G123/><T36/><D54/><U117/><E117/><V88/><F76/><W115/><G115/><T97/><D67/><U128/><E128/><V22/><F23/><W62/><REACH who="3" step="1"/><G59/><REACH who="3" ten="305,319,313,53" step="2"/><T26/><D70/><U106/><E106/><V5/><F87/><W131/><G131/><T71/><D71/><U94/><E98/><V31/><F31/><W122/><G122/><T72/><D69/><U0/><E82/><V104/><F104/><W80/><G80/><T110/><D97/><U25/><E94/><V100/><F100/><W135/><G135/><T113/><D113/><U58/><E92/><V57/><F5/><W86/><G86/><T111/><D96/><U18/><E4/><V73/><F73/><W51/><G51/><T48/><D48/><U109/><E7/><V46/><F46/><W107/><G107/><T78/><D6/><U126/><E47/><V83/><F83/><W116/><G116/><T8/><D72/><U68/><E81/><V90/><AGARI ba="0,1" hai="1,3,17,22,24,42,45,49,57,60,65,88,89,90" machi="90" ten="30,3000,0" yaku="0,1,54,1" doraHai="74" who="2" fromWho="2" sc="305,-10,319,-10,313,40,53,-10" /><INIT seed="2,1,0,3,5,44" ten="295,309,353,43" oya="2" hai0="113,59,99,13,35,63,133,123,79,27,54,94,104" hai1="93,38,109,6,5,21,4,33,91,10,8,26,19" hai2="66,121,127,71,86,119,117,70,110,12,77,48,92" hai3="9,23,128,97,43,18,108,31,107,101,96,42,58"/><V3/><F3/><W30/><G108/><T112/><D123/><U135/><E38/><V16/><F121/><W129/><G9/><T29/><D104/><U0/><E109/><V28/><F110/><W68/><G68/><T56/><D79/><U37/><E37/><V46/><F28/><W69/><G69/><T80/><D80/><U22/><E135/><V45/><F46/><W47/><G43/><T89/><D133/><U49/><E91/><V131/><F131/><N who="3" m="50251" /><G58/><T87/><D13/><N who="1" m="7591" /><E49/><V15/><F15/><N who="3" m="9695" /><G97/><T20/><D87/><U53/><E53/><V102/><F71/><W90/><G90/><T111/><D111/><U41/><E41/><V61/><F70/><W84/><G84/><T40/><D40/><U39/><E93/><V76/><F92/><W51/><AGARI ba="1,0" hai="30,31,42,47,51,96,101,107" m="9695,50251" machi="51" ten="30,2000,0" yaku="19,1,52,1" doraHai="44" who="3" fromWho="3" sc="295,-6,309,-6,353,-11,43,23" /><INIT seed="3,0,0,4,1,51" ten="289,303,342,66" oya="3" hai0="126,90,45,110,121,23,119,11,25,48,49,12,20" hai1="133,94,31,102,61,127,46,134,95,86,5,74,128" hai2="84,101,109,21,83,9,79,116,10,32,68,96,47" hai3="28,24,62,19,69,44,104,92,98,22,63,111,38"/><W55/><G104/><T66/><D121/><U78/><E31/><V125/><F116/><W40/><G111/><T0/><D119/><U113/><E61/><V81/><F32/><W108/><G108/><T85/><D0/><U35/><E46/><V39/><F109/><W131/><G131/><T17/><D110/><U67/><E67/><V65/><F125/><W93/><G63/><T60/><D126/><U7/><E35/><V18/><F83/><W80/><G80/><T117/><D117/><U36/><E36/><V103/><F103/><W14/><G98/><T42/><D49/><U124/><E86/><V91/><F68/><W73/><G73/><T112/><D112/><U34/><E34/><V43/><F65/><W58/><REACH who="3" step="1"/><G69/><REACH who="3" ten="289,303,342,56" step="2"/><T4/><D60/><U72/><E128/><V52/><F96/><W30/><G30/><T118/><D118/><U89/><E113/><V13/><F81/><W87/><G87/><T115/><D115/><U97/><E97/><V135/><F84/><W105/><G105/><T106/><D106/><U33/><E102/><V120/><F101/><W122/><G122/><T50/><D66/><U64/><E64/><V107/><F107/><W70/><G70/><T76/><D76/><U1/><E78/><V2/><F79/><W57/><G57/><T88/><D50/><U123/><E123/><V41/><F120/><W6/><G6/><T75/><D75/><U77/><E124/><V8/><F39/><W82/><G82/><T132/><D85/><U129/><E127/><V29/><F29/><W59/><G59/><T130/><D130/><RYUUKYOKU ba="0,1" sc="289,-10,303,-10,342,-10,56,30" hai3="14,19,22,24,28,38,40,44,55,58,62,92,93" /><INIT seed="3,1,1,4,4,6" ten="279,293,332,86" oya="3" hai0="26,114,5,103,79,108,92,68,123,20,45,65,95" hai1="51,110,133,132,135,71,84,81,72,86,4,74,64" hai2="104,37,30,46,49,122,91,21,73,102,77,70,40" hai3="18,88,134,43,85,39,121,83,12,16,59,101,82"/><W54/><G121/><T76/><D123/><U89/><E4/><V66/><F122/><W17/><G134/><N who="1" m="34306" /><U97/><DORA hai="35" /><E64/><V53/><F91/><W125/><G125/><T52/><D68/><U113/><E71/><V34/><F21/><W33/><G33/><T48/><D65/><U106/><E51/><V111/><F77/><W2/><G2/><T93/><D108/><U112/><E110/><V128/><F73/><N who="1" m="28265" /><E86/><V105/><F111/><W131/><G131/><T75/><D114/><N who="1" m="44139" /><E97/><V118/><F49/><W57/><G39/><T3/><D75/><U117/><E106/><V78/><F105/><W126/><G126/><T67/><D67/><U100/><E100/><V1/><F102/><W25/><G101/><T10/><REACH who="0" step="1"/><D103/><REACH who="0" ten="269,293,332,86" step="2"/><U15/><E15/><V9/><F66/><W28/><G12/><T50/><D50/><U22/><E22/><V120/><F120/><W36/><G36/><T116/><D116/><AGARI ba="1,2" hai="81,84,89,116,117" m="44139,28265,34306" machi="116" ten="50,6400,0" yaku="20,1,34,2" doraHai="6,35" who="1" fromWho="0" sc="269,-67,293,87,332,0,86,0" /><INIT seed="4,0,0,0,2,108" ten="202,380,332,86" oya="0" hai0="118,55,82,22,4,80,59,0,58,26,74,20,95" hai1="67,100,102,131,36,47,76,119,16,90,5,85,121" hai2="56,13,99,51,120,112,69,63,11,128,54,49,24" hai3="134,41,123,93,101,132,9,122,105,106,111,125,115"/><T98/><D118/><U6/><E119/><V71/><F120/><N who="3" m="46123" /><G9/><T107/><D107/><N who="3" m="40969" /><G41/><T109/><D109/><U87/><E121/><V34/><F128/><W27/><G27/><T12/><D0/><U113/><E67/><V38/><F99/><N who="3" m="59631" /><G111/><T91/><D59/><U86/><E131/><V88/><F38/><W2/><G2/><T61/><D74/><U25/><E36/><V66/><F51/><W77/><G125/><T52/><D55/><U103/><E47/><V28/><F71/><W79/><G115/><T130/><D130/><U23/><E113/><V7/><F112/><W89/><G89/><T92/><D4/><N who="1" m="1643" /><E90/><V114/><F114/><W72/><G72/><T14/><D22/><U43/><E43/><V57/><F88/><W126/><G126/><T65/><D65/><U124/><E124/><V45/><AGARI ba="0,0" hai="7,11,13,24,28,34,45,49,54,56,57,63,66,69" machi="45" ten="20,1500,0" yaku="0,1,7,1" doraHai="108" who="2" fromWho="2" sc="202,-7,380,-4,332,15,86,-4" /><INIT seed="5,0,0,0,0,18" ten="195,376,347,82" oya="1" hai0="32,126,90,88,59,109,43,86,39,119,124,20,47" hai1="63,46,36,33,23,116,21,107,55,89,53,67,3" hai2="71,123,69,102,134,54,101,10,99,15,64,78,73" hai3="5,57,17,82,35,13,50,121,27,130,40,2,19"/><U65/><E107/><V24/><F123/><W52/><G121/><T44/><D32/><U84/><E3/><V29/><F134/><W28/><G130/><T77/><D119/><U127/><E33/><V95/><F64/><N who="1" m="24649" /><E116/><V60/><F73/><W66/><G66/><T48/><D109/><U114/><E36/><V70/><F78/><W41/><G82/><T56/><D77/><U115/><E46/><V110/><F110/><W26/><G26/><T45/><D90/><U120/><E120/><V75/><F75/><W129/><G129/><T42/><D47/><U51/><E63/><V74/><F74/><W79/><G79/><T87/><D87/><U58/><E55/><V103/><F54/><W96/><G96/><T117/><D117/><U122/><E122/><V68/><N who="2" m="17408" /><DORA hai="132" /><V128/><F60/><W38/><G38/><T4/><D4/><U34/><E127/><N who="0" m="48681" /><D20/><U7/><E34/><V98/><F128/><W25/><G2/><T85/><D85/><U76/><E76/><V113/><F99/><W111/><G111/><T105/><D105/><U9/><E9/><V61/><F10/><W92/><G5/><T22/><D22/><N who="1" m="8203" /><E7/><V14/><F98/><W6/><G6/><T31/><D31/><U1/><E1/><V93/><F29/><W37/><G35/><T81/><AGARI ba="0,0" hai="39,42,43,44,45,48,56,59,81,86,88" m="48681" machi="81" ten="30,8000,1" yaku="18,1,52,3,54,1" doraHai="18,132" who="0" fromWho="0" sc="195,80,376,-40,347,-20,82,-20" /><INIT seed="6,0,0,3,1,99" ten="275,336,327,62" oya="2" hai0="100,73,121,102,34,22,64,28,83,12,11,93,43" hai1="116,3,97,65,75,7,131,35,8,31,90,76,105" hai2="96,50,13,113,14,37,56,23,29,80,2,123,17" hai3="49,101,78,71,5,44,6,52,127,74,132,104,120"/><V110/><F123/><W48/><G120/><T72/><D121/><U62/><E116/><V46/><F2/><W126/><G71/><T117/><D34/><U70/><E90/><V32/><F37/><W81/><G132/><T94/><D43/><U61/><E61/><V124/><F124/><N who="3" m="47659" /><G49/><T58/><D117/><U19/><E19/><V59/><F113/><W39/><G39/><T51/><D72/><U40/><E40/><V16/><F110/><W88/><G88/><T87/><D73/><U66/><E66/><V41/><F32/><W125/><N who="3" m="47667" /><W27/><DORA hai="63" /><G27/><N who="0" m="16503" /><D51/><U24/><E131/><V21/><F29/><W85/><G74/><T111/><D111/><U112/><E75/><V53/><F80/><W9/><G9/><T89/><D58/><U47/><E47/><V30/><F30/><W26/><G26/><T4/><D64/><U108/><E76/><V0/><F0/><W86/><G86/><T36/><D36/><U114/><E108/><V45/><F41/><W133/><G133/><T98/><D93/><U122/><E122/><V92/><F46/><W115/><G115/><T1/><D1/><U84/><E84/><V15/><F15/><W77/><G77/><AGARI ba="0,0" hai="4,11,12,77,83,87,89,94,98,100,102" m="16503" machi="77" ten="30,3900,0" yaku="8,1,52,2" doraHai="99,63" who="0" fromWho="3" sc="275,39,336,0,327,0,62,-39" /><INIT seed="7,0,0,1,1,61" ten="314,336,327,23" oya="3" hai0="34,40,80,21,7,0,1,79,82,23,95,86,55" hai1="128,115,27,3,76,90,97,24,91,85,89,72,111" hai2="49,109,70,132,65,58,106,87,53,131,54,50,122" hai3="30,19,43,93,135,92,33,37,5,104,123,35,39"/><W119/><G119/><T18/><D34/><U9/><E111/><V45/><F106/><W20/><G123/><T73/><D40/><U94/><E115/><V129/><F87/><W127/><G104/><T83/><D0/><U8/><E128/><N who="2" m="49227" /><F109/><W38/><G127/><T44/><D1/><U60/><E60/><N who="2" m="40231" /><F122/><W103/><G135/><AGARI ba="0,0" hai="45,49,50,53,54,58,132,135" m="40231,49227" machi="135" ten="30,7700,0" yaku="19,1,34,2,52,1" doraHai="61" who="2" fromWho="3" sc="314,0,336,0,327,77,23,-77" owari="314,-8.6,336,13.6,404,50.4,-54,-55.4" /></mjloggm>