<mjloggm ver="2.3"><GO type="41" lobby="0"/><UN n0="%E3%83%91%E3%83%83%E3%83%81%E3%83%BC%E3%82%BA" n1="%74%65%72%61%64%61%32%30" n2="%E3%82%8C%E3%83%BC%E3%81%A1%E3%82%83%E3%82%93" n3="%E2%93%9D%4C%75%63%6B%79%4A" dan="14,15,13,17" rate="1896.98,1928.65,1942.82,2163.90" sx="M,M,F,M"/><TAIKYOKU oya="0"/><INIT seed="0,0,0,2,3,17" ten="250,250,250,250" oya="0" hai0="91,36,32,38,34,9,16,43,12,28,27,3,70" hai1="127,134,58,60,71,80,88,23,84,4,97,128,0" hai2="110,101,87,122,67,126,5,49,94,56,78,14,76" hai3="102,132,108,44,47,65,93,125,81,26,50,82,29"/><T2/><D70/><U8/><E128/><V31/><F122/><W107/><G107/><T41/><D34/><U106/><E134/><V85/><F110/><W99/><G132/><T11/><D91/><U19/><E127/><V130/><F126/><W90/><G108/><T117/><D117/><U89/><E71/><V124/><F130/><W45/><G125/><T131/><D131/><U54/><E106/><V7/><F31/><W53/><G65/><T59/><D59/><U13/><REACH who="1" step="1"/><E97/><REACH who="1" ten="250,240,250,250" step="2"/><N who="2" m="59575" /><F124/><W109/><G109/><T69/><D69/><U74/><E74/><V73/><F73/><W129/><G129/><T51/><D2/><U116/><E116/><V133/><F133/><W20/><REACH who="3" step="1"/><G102/><REACH who="3" ten="250,240,250,240" step="2"/><T24/><D3/><U68/><E68/><V121/><F67/><W112/><G112/><T103/><D103/><U113/><E113/><V115/><F115/><W52/><G52/><T63/><D43/><U55/><E55/><N who="2" m="31855" /><F121/><W98/><G98/><T61/><D41/><U83/><E83/><AGARI ba="0,2" hai="20,26,29,44,45,47,50,53,81,82,83,90,93,99" machi="83" ten="40,5200,0" yaku="1,1,8,1,52,1,53,0" doraHai="17" doraHaiUra="100" who="3" fromWho="1" sc="250,0,240,-52,250,0,240,72" /><INIT seed="1,0,0,2,5,122" ten="250,188,250,312" oya="1" hai0="129,40,6,78,10,128,85,120,0,54,9,79,63" hai1="19,16,45,83,14,2,3,4,104,60,58,23,52" hai2="47,127,21,125,130,91,72,29,107,77,71,49,69" hai3="115,101,124,100,93,112,110,116,89,74,62,36,1"/><U39/><E104/><V51/><F107/><W126/><G36/><T80/><D120/><U84/><E4/><V81/><F130/><N who="0" m="50282" /><D40/><U134/><E134/><V27/><F91/><W11/><G62/><T92/><D92/><U87/><E87/><V33/><F33/><W108/><G11/><N who="0" m="2503" /><D79/><U70/><E70/><V105/><F105/><W18/><G18/><T12/><D12/><U117/><E117/><V38/><F38/><W133/><G1/><T103/><D103/><N who="3" m="39497" /><G74/><T15/><D15/><U13/><E39/><V131/><F131/><W20/><G20/><T64/><D54/><U82/><E45/><V132/><F132/><W109/><G116/><T123/><D123/><U7/><E7/><V90/><F90/><W66/><G66/><T97/><D97/><U26/><E26/><V32/><F32/><W48/><G48/><T22/><D22/><U73/><E73/><V121/><F121/><W99/><G133/><T8/><D8/><U37/><E37/><V114/><F114/><AGARI ba="0,0" hai="89,93,99,108,109,110,112,114,115,124,126" m="39497" machi="114" ten="40,12000,2" yaku="14,1,34,2,52,3" doraHai="122" who="3" fromWho="2" sc="250,0,188,0,250,-120,312,120" /><INIT seed="2,0,0,1,2,112" ten="250,188,130,432" oya="2" hai0="27,121,8,36,49,50,111,91,38,45,106,108,125" hai1="117,78,34,68,83,77,116,97,22,37,28,101,60" hai2="11,107,126,42,122,99,75,135,134,119,96,16,74" hai3="25,113,43,26,76,105,59,87,92,104,62,100,4"/><V88/><F122/><W66/><G113/><T54/><D106/><N who="1" m="63791" /><E37/><N who="0" m="14441" /><D91/><U20/><E20/><V53/><F42/><W81/><G105/><T124/><D8/><U71/><E22/><V123/><F123/><W52/><G43/><N who="0" m="24767" /><D27/><N who="1" m="18719" /><E77/><V61/><F126/><N who="0" m="48746" /><D121/><U17/><E17/><V58/><F58/><AGARI ba="0,0" hai="50,54,58,108,111" m="48746,24767,14441" machi="58" ten="30,3900,0" yaku="18,1,34,2" doraHai="112" who="0" fromWho="2" sc="250,39,188,0,130,-39,432,0" /><INIT seed="3,0,0,0,1,9" ten="289,188,91,432" oya="3" hai0="35,51,15,101,114,2,105,92,34,55,128,49,117" hai1="57,24,127,85,77,99,75,135,67,59,129,61,47" hai2="84,1,39,74,41,18,116,123,38,6,56,111,115" hai3="44,5,66,112,29,26,88,63,90,125,124,48,118"/><W81/><G112/><T133/><D117/><U58/><E129/><V98/><F111/><W113/><G118/><T68/><D2/><U94/><E135/><V69/><F115/><W121/><G121/><T36/><D36/><U89/><E75/><V8/><F69/><W46/><G5/><T32/><D114/><U93/><E127/><N who="3" m="48714" /><G81/><T10/><D105/><U108/><E108/><V28/><F74/><W87/><G87/><T17/><D128/><U122/><E122/><V120/><F116/><W126/><N who="3" m="48722" /><W97/><DORA hai="54" /><G97/><T78/><D133/><U0/><E0/><V11/><F28/><W30/><G30/><T45/><D68/><U7/><E7/><V65/><F98/><W106/><G106/><T80/><D92/><U132/><E132/><V109/><F109/><W79/><G79/><T104/><D101/><N who="1" m="60655" /><E77/><V12/><F84/><W86/><G48/><T25/><D104/><U82/><E82/><V4/><F4/><W27/><G27/><T21/><D51/><U16/><E47/><N who="3" m="17962" /><G86/><T22/><REACH who="0" step="1"/><D25/><REACH who="0" ten="279,188,91,432" step="2"/><U83/><E94/><V131/><F131/><W76/><G113/><T19/><D19/><U43/><E43/><V37/><REACH who="2" step="1"/><F41/><REACH who="2" ten="279,188,81,432" step="2"/><W40/><G40/><T130/><D130/><U96/><E96/><V72/><F72/><AGARI ba="0,2" hai="10,15,17,21,22,32,34,35,45,49,55,72,78,80" machi="72" ten="40,5200,0" yaku="1,1,52,1,53,1" doraHai="9,54" doraHaiUra="134,73" who="0" fromWho="2" sc="279,72,188,0,81,-52,432,0" /><INIT seed="4,0,0,3,5,128" ten="351,188,29,432" oya="0" hai0="16,110,0,66,9,40,7,25,72,3,75,93,58" hai1="80,98,119,129,103,99,116,87,67,115,52,47,4" hai2="69,46,18,79,85,124,10,76,38,34,82,26,62" hai3="12,84,36,86,94,21,63,65,81,14,135,44,96"/><T64/><D110/><U104/><E67/><V88/><F88/><W56/><G36/><T89/><D0/><U43/><E129/><V37/><F37/><W39/><G39/><T97/><D40/><U23/><E99/><V122/><F122/><W132/><G44/><T83/><D83/><U2/><E43/><V32/><F32/><W17/><G14/><T113/><D113/><U114/><E23/><V71/><F71/><W105/><G105/><T5/><D5/><U108/><E108/><V130/><F130/><W24/><G12/><T35/><D35/><U19/><E19/><V61/><F61/><W50/><G50/><T112/><D112/><N who="1" m="43051" /><E4/><V131/><F131/><W29/><G17/><T11/><D66/><U55/><E2/><V60/><F60/><W123/><G123/><T8/><D7/><U78/><E47/><V45/><F45/><W91/><REACH who="3" step="1"/><G86/><REACH who="3" ten="351,188,29,422" step="2"/><T28/><D16/><U95/><E104/><V68/><F68/><W49/><G49/><T111/><D3/><U92/><E92/><V51/><F51/><W74/><G74/><T121/><D121/><U15/><E15/><V30/><F30/><W27/><G27/><T117/><D111/><U118/><AGARI ba="0,1" hai="52,55,78,80,87,95,98,103,116,118,119" m="43051" machi="118" ten="40,5200,0" yaku="15,1,11,1,54,1" doraHai="128" who="1" fromWho="1" sc="351,-26,188,62,29,-13,422,-13" /><INIT seed="5,0,0,4,3,63" ten="325,250,16,409" oya="1" hai0="127,128,84,93,8,70,17,26,107,108,10,18,134" hai1="32,71,81,22,80,7,104,35,132,109,74,113,38" hai2="124,66,54,59,39,64,24,87,47,53,78,15,82" hai3="11,28,122,73,106,76,99,25,42,90,55,4,129"/><U44/><BYE who="2" /><E109/><UN n2="%E3%82%8C%E3%83%BC%E3%81%A1%E3%82%83%E3%82%93" /><V105/><F105/><W102/><G122/><T52/><D107/><U61/><E113/><V96/><F124/><W40/><G90/><N who="0" m="53447" /><D70/><U36/><E104/><V31/><F96/><W60/><G129/><T79/><D108/><U75/><E7/><V95/><F95/><W50/><G60/><T56/><D128/><U98/><E98/><V62/><F15/><W85/><G85/><T119/><D119/><U23/><E61/><V2/><F2/><W97/><G99/><T33/><D33/><U51/><E51/><V6/><F6/><W67/><G73/><T46/><D134/><U49/><E49/><N who="2" m="28863" /><F39/><W20/><G76/><T57/><D79/><U88/><E44/><V130/><F130/><W27/><G106/><T9/><D127/><U94/><E94/><V43/><F43/><W101/><G42/><T135/><D135/><U41/><E41/><V16/><F31/><W12/><G40/><T126/><D126/><U118/><E132/><V112/><F112/><W91/><G97/><T89/><D89/><U115/><E115/><V5/><F5/><W68/><G91/><T83/><D83/><U3/><E88/><V86/><F86/><W58/><G102/><T65/><D46/><U0/><REACH who="1" step="1"/><E71/><REACH who="1" ten="325,240,16,409" step="2"/><V77/><F77/><W13/><G68/><T19/><D56/><U100/><E100/><V72/><F72/><W114/><G114/><T117/><D117/><AGARI ba="0,1" hai="0,3,22,23,32,35,36,38,74,75,80,81,117,118" machi="117" ten="25,12000,1" yaku="1,1,22,2,53,2" doraHai="63" doraHaiUra="30" who="1" fromWho="0" sc="325,-120,240,130,16,0,409,0" /><INIT seed="5,1,0,2,5,57" ten="205,370,16,409" oya="1" hai0="102,53,51,48,23,33,120,113,47,1,72,8,95" hai1="111,0,49,100,106,134,68,18,16,132,123,60,44" hai2="37,115,112,4,121,7,6,12,127,56,86,118,2" hai3="90,103,93,98,129,24,83,126,87,92,45,131,128"/><U67/><E123/><V55/><F37/><W21/><G45/><T82/><D33/><U76/><E0/><V28/><F86/><W101/><G21/><T50/><D113/><N who="2" m="43594" /><F55/><W65/><G24/><T41/><D120/><U84/><E111/><V58/><F58/><W124/><G65/><T34/><D34/><U79/><E100/><V61/><F121/><W64/><G64/><T91/><D102/><U14/><E106/><V9/><F56/><W19/><G19/><N who="1" m="7210" /><E14/><V80/><F80/><W96/><AGARI ba="1,0" hai="83,87,90,92,93,96,98,101,103,124,126,128,129,131" machi="96" ten="40,12000,2" yaku="0,1,9,1,19,1,34,3" doraHai="57" who="3" fromWho="3" sc="205,-31,370,-61,16,-31,409,123" owari="174,-22.6,309,10.9,-15,-51.5,532,63.2" /></mjloggm>