<mjloggm ver="2.3"><GO type="137" lobby="0"/><UN n0="%74%31%6E%74%61%72%61" n1="%74%6F%62%69%72%61%61" n2="%E2%93%9D%4C%75%63%6B%79%4A" n3="%E3%81%88%E3%82%8B%E3%81%B3%E3%81%83" dan="10,13,10,12" rate="1280.28,1779.55,1773.95,1723.86" sx="M,M,M,M"/><TAIKYOKU oya="0"/><INIT seed="0,0,0,4,4,59" ten="250,250,250,250" oya="0" hai0="83,132,117,90,75,87,109,93,8,91,25,33,105" hai1="113,82,108,107,45,63,41,44,27,71,131,100,102" hai2="65,54,135,104,58,106,16,35,77,128,103,34,114" hai3="122,118,133,36,6,67,9,99,17,130,3,19,98"/><T76/><D33/><U73/><E108/><V32/><F114/><W116/><G133/><T12/><D117/><U81/><E131/><V80/><F65/><W13/><G19/><T46/><D25/><U95/><E107/><V96/><F128/><W89/><G36/><T129/><D129/><U86/><E73/><V92/><F135/><W112/><G112/><T37/><D132/><U51/><E45/><V11/><F11/><W85/><G122/><T22/><D22/><U56/><E71/><V47/><F47/><W21/><G130/><T64/><D64/><N who="1" m="39015" /><E27/><V134/><F134/><W38/><G38/><T5/><D105/><U121/><E121/><V120/><F120/><W14/><G14/><T31/><D31/><U68/><E68/><V126/><F126/><W94/><G67/><T79/><D37/><U2/><E2/><V101/><F103/><N who="1" m="39465" /><E113/><V39/><F39/><W110/><G110/><T111/><D46/><U18/><E18/><V29/><F16/><W55/><G118/><T7/><D76/><U72/><E72/><V61/><REACH who="2" step="1"/><F29/><REACH who="2" ten="250,250,240,250" step="2"/><W70/><G116/><T125/><D125/><U78/><E44/><V48/><F48/><W69/><G69/><T42/><D42/><U50/><E41/><V53/><F53/><W30/><G70/><T4/><D111/><U20/><E50/><V66/><F66/><W57/><REACH who="3" step="1"/><G30/><REACH who="3" ten="250,250,240,240" step="2"/><T62/><D109/><U88/><E51/><AGARI ba="0,2" hai="3,6,9,13,17,21,51,55,57,85,89,94,98,99" machi="51" ten="30,8000,1" yaku="1,1,2,1,7,1,25,2,53,0" doraHai="59" doraHaiUra="74" who="3" fromWho="1" sc="250,0,250,-80,240,0,240,100" /><INIT seed="1,0,0,0,1,81" ten="250,170,240,340" oya="1" hai0="87,127,35,98,110,103,94,101,114,95,33,63,107" hai1="108,23,72,44,115,119,125,52,42,131,54,58,121" hai2="51,69,4,27,59,61,10,48,86,74,28,53,62" hai3="122,41,25,49,116,9,70,17,60,56,29,22,43"/><U18/><E72/><V12/><F74/><W91/><G122/><T15/><D114/><U76/><E115/><V133/><F133/><W82/><G116/><T5/><D110/><U47/><E76/><V13/><F69/><W57/><G70/><T30/><D127/><U37/><E119/><V83/><F13/><W84/><G57/><T100/><D30/><U130/><E121/><V102/><F102/><W66/><G49/><T55/><D5/><U73/><E73/><V90/><REACH who="2" step="1"/><F51/><REACH who="2" ten="250,170,230,340" step="2"/><W8/><G8/><T0/><D15/><AGARI ba="0,1" hai="9,15,17,22,25,29,41,43,56,60,66,82,84,91" machi="15" ten="40,2600,0" yaku="8,1,52,1" doraHai="81" who="3" fromWho="0" sc="250,-26,170,0,230,0,340,36" /><INIT seed="2,0,0,3,2,129" ten="224,170,230,376" oya="2" hai0="69,53,19,70,54,96,124,33,2,4,8,31,20" hai1="32,89,52,101,121,109,46,48,88,134,1,107,115" hai2="130,77,38,132,133,59,79,47,108,37,90,97,78" hai3="120,9,128,18,122,114,29,95,94,105,103,61,21"/><V63/><F130/><W12/><G128/><T40/><D124/><U30/><E109/><V67/><F108/><W82/><G114/><T23/><D40/><U62/><E121/><V56/><F59/><W13/><G82/><T36/><D36/><U112/><E1/><V71/><F71/><W72/><G72/><T10/><D54/><U85/><E89/><V64/><F67/><W6/><G29/><T34/><D53/><U110/><E110/><V111/><F111/><W91/><G103/><T60/><D60/><U42/><E30/><V100/><F90/><W50/><G95/><T57/><D57/><U92/><E32/><N who="0" m="12393" /><D96/><U14/><E14/><V116/><F116/><W73/><G73/><T131/><D70/><U98/><E134/><N who="2" m="51819" /><F47/><W22/><G105/><AGARI ba="0,0" hai="37,38,56,63,64,77,78,79,97,100,105" m="51819" machi="105" ten="30,11600,0" yaku="20,1,52,3" doraHai="129" who="2" fromWho="3" sc="224,0,170,0,230,116,376,-116" /><INIT seed="2,1,0,1,4,53" ten="224,170,346,260" oya="2" hai0="3,134,120,38,82,17,130,49,98,4,51,75,76" hai1="55,1,52,85,40,118,48,9,12,89,131,117,109" hai2="2,71,68,78,31,94,91,61,50,37,121,14,41" hai3="108,21,96,122,39,60,29,105,13,22,34,69,77"/><V18/><F121/><W7/><G39/><T100/><D120/><U102/><E109/><V67/><F2/><W88/><G122/><T123/><D123/><U133/><E131/><V103/><F78/><W106/><G77/><T24/><D38/><U127/><E133/><V57/><F31/><W73/><G73/><T16/><D130/><U132/><E132/><V115/><F103/><W79/><G79/><T25/><D134/><U84/><E1/><V95/><F115/><W70/><G106/><T20/><D4/><U0/><E0/><V64/><F67/><N who="3" m="41191" /><G88/><T90/><D3/><U42/><E102/><V74/><F74/><W87/><G87/><T128/><D128/><U80/><E127/><V107/><F107/><W119/><G70/><T19/><D90/><N who="1" m="51463" /><E55/><N who="2" m="31991" /><F71/><W92/><G92/><T47/><D51/><U111/><E111/><V116/><F91/><W5/><G119/><T126/><D126/><U97/><E118/><V43/><F43/><W86/><G86/><T46/><D46/><N who="1" m="27671" /><E97/><V110/><F110/><W129/><G129/><T45/><D45/><U135/><E135/><V81/><F81/><W58/><G108/><T66/><D66/><U27/><E117/><V26/><F116/><W59/><G105/><T63/><D63/><U72/><E72/><V114/><F114/><W112/><G96/><T10/><D98/><U56/><E40/><V65/><F65/><W23/><G112/><T113/><D100/><U124/><E42/><V8/><F26/><N who="0" m="10346" /><D113/><U99/><E27/><V33/><F33/><W54/><G34/><T28/><D75/><U101/><E124/><RYUUKYOKU ba="1,0" sc="224,-10,170,-10,346,30,260,-10" hai2="8,14,18,37,41,61,64,68,94,95" /><INIT seed="2,2,0,5,2,4" ten="214,160,376,250" oya="2" hai0="61,103,55,62,26,2,63,65,108,23,128,49,110" hai1="107,36,92,95,134,131,87,90,93,10,32,50,119" hai2="29,129,51,76,133,6,68,127,24,94,74,116,14" hai3="28,75,98,109,27,46,84,102,120,59,81,123,12"/><V106/><F116/><W40/><G75/><T37/><D2/><U118/><E32/><V122/><F122/><W121/><G109/><N who="0" m="42091" /><D103/><U22/><E36/><V73/><F68/><W124/><G124/><T13/><D13/><U1/><E107/><V56/><F133/><W16/><G27/><T35/><D35/><U54/><E134/><V100/><F129/><W113/><G59/><T25/><D25/><U30/><E131/><V58/><F127/><W114/><G28/><T105/><D105/><U88/><E95/><V48/><F76/><W77/><G98/><T34/><D34/><U0/><E0/><V39/><F39/><W17/><G102/><T8/><D8/><U33/><E33/><V135/><F135/><W96/><G96/><T99/><D99/><U117/><E30/><V82/><F106/><W21/><REACH who="3" step="1"/><G17/><REACH who="3" ten="214,160,376,240" step="2"/><N who="0" m="12655" /><D128/><U43/><E117/><V31/><F100/><W115/><G115/><T83/><D83/><U47/><E118/><V97/><F82/><W80/><G80/><T89/><D89/><U85/><E119/><V3/><F97/><W60/><G60/><T86/><D86/><U125/><E125/><V91/><F31/><W101/><G101/><T38/><D65/><U64/><E64/><V18/><F29/><W79/><G79/><T7/><D7/><U9/><E1/><V15/><F3/><W45/><G45/><AGARI ba="2,1" hai="37,38,45,49,55,61,62,63" m="12655,42091" machi="45" ten="30,1000,0" yaku="14,1" doraHai="4" who="0" fromWho="3" sc="214,26,160,0,376,0,240,-16" /><INIT seed="3,0,0,5,2,64" ten="240,160,376,224" oya="3" hai0="87,100,80,10,31,21,36,7,118,108,8,37,127" hai1="102,88,91,69,49,19,28,14,35,135,68,110,114" hai2="120,96,29,5,70,79,95,63,54,124,27,4,62" hai3="52,76,6,61,45,78,121,109,117,57,94,60,1"/><W103/><G121/><T66/><D118/><U74/><E114/><V32/><F120/><W43/><G117/><T83/><D127/><U122/><E122/><V105/><F79/><W17/><G1/><T111/><D66/><U93/><E74/><V23/><F105/><W86/><G6/><T98/><D21/><U126/><E35/><V47/><F124/><W25/><G103/><T123/><D31/><U46/><E28/><V58/><F47/><W65/><G109/><N who="0" m="42059" /><D123/><U9/><E126/><V131/><F131/><W73/><G73/><T107/><D8/><U34/><E34/><V0/><F0/><W50/><G94/><T85/><D85/><U38/><E38/><N who="0" m="14953" /><D87/><U71/><E110/><V97/><F97/><W39/><G86/><T26/><D26/><U125/><E125/><V84/><F84/><W51/><G51/><T56/><D56/><U20/><E135/><V12/><F32/><W132/><G61/><T77/><D77/><U133/><E133/><V3/><F3/><AGARI ba="0,0" hai="3,7,10,80,83,98,100,107" m="14953,42059" machi="3" ten="30,1000,0" yaku="14,1" doraHai="64" who="0" fromWho="2" sc="240,10,160,0,376,-10,224,0" /><INIT seed="4,0,0,2,3,126" ten="250,160,366,224" oya="0" hai0="90,5,43,100,83,71,105,80,3,119,88,31,108" hai1="96,6,28,78,30,68,16,91,97,41,46,93,132" hai2="66,75,122,57,23,89,129,54,15,38,50,104,121" hai3="123,127,92,82,111,117,45,95,114,107,29,9,94"/><T63/><D119/><U14/><E132/><V113/><F75/><W12/><G117/><T99/><D108/><U20/><E68/><V118/><F104/><W112/><G107/><T116/><D116/><U18/><E97/><V110/><F110/><W25/><G123/><T70/><D43/><U2/><E78/><V62/><F118/><W36/><G127/><T24/><D5/><U1/><E6/><V8/><F23/><W33/><G82/><T37/><D3/><U52/><E2/><V98/><F113/><W32/><G32/><T21/><D37/><U106/><E106/><V64/><F66/><W69/><G69/><T109/><D109/><U61/><E18/><V48/><F50/><W115/><G111/><T44/><D44/><U86/><E96/><V77/><F77/><W56/><G56/><T58/><D80/><U4/><E4/><V10/><F38/><W102/><G36/><T7/><D7/><U125/><E1/><V51/><F51/><W13/><G45/><T0/><D0/><U84/><E125/><V67/><F67/><W74/><G74/><T134/><D134/><U131/><E41/><V55/><F55/><W27/><G27/><T79/><D71/><U87/><E46/><N who="2" m="27927" /><F122/><W22/><G102/><T72/><REACH who="0" step="1"/><D70/><REACH who="0" ten="240,160,366,224" step="2"/><U81/><E81/><V124/><F121/><W53/><G115/><T39/><D39/><U85/><REACH who="1" step="1"/><E131/><REACH who="1" ten="240,150,366,224" step="2"/><V42/><F129/><W135/><G114/><T103/><D103/><U49/><E49/><V73/><F42/><W35/><G112/><T47/><D47/><U11/><E11/><V128/><F10/><RYUUKYOKU ba="0,2" sc="240,15,150,15,366,-15,224,-15" hai0="21,24,31,58,63,72,79,83,88,90,99,100,105" hai1="14,16,20,28,30,52,61,84,85,86,87,91,93" /><INIT seed="4,1,2,1,3,16" ten="255,165,351,209" oya="0" hai0="135,112,113,8,102,62,78,61,5,111,53,130,11" hai1="119,87,1,57,17,3,126,51,114,97,117,41,21" hai2="31,129,14,83,19,49,103,26,106,123,52,128,43" hai3="64,28,132,18,91,37,90,131,107,98,99,27,46"/><T92/><D130/><N who="2" m="50282" /><F43/><W10/><G131/><T33/><D33/><U40/><E126/><V6/><F6/><W68/><G132/><T96/><D135/><U101/><E119/><V39/><F39/><W73/><G73/><T20/><D111/><U127/><E127/><V13/><F123/><W35/><G37/><T44/><D78/><U75/><E41/><V36/><F36/><W86/><G46/><T69/><D11/><U104/><E117/><V23/><F83/><W89/><G10/><T56/><D44/><U67/><E40/><V25/><F103/><N who="3" m="62967" /><G18/><T100/><D100/><U22/><E1/><V124/><F106/><W50/><G50/><T12/><D62/><U24/><E3/><V108/><F108/><W82/><G99/><T45/><D45/><U133/><E133/><V60/><F60/><AGARI ba="1,2" hai="27,28,35,60,64,68,82,86,89,90,91" m="62967" machi="60" ten="30,1000,0" yaku="25,1" doraHai="16" who="3" fromWho="2" sc="255,0,165,0,351,-13,209,33" /><INIT seed="5,0,0,1,3,110" ten="255,165,338,242" oya="1" hai0="66,36,39,75,111,58,112,100,107,92,8,105,18" hai1="54,90,61,55,41,20,68,80,128,124,14,45,89" hai2="40,50,85,15,125,74,16,121,33,77,134,117,0" hai3="132,46,126,34,97,114,51,118,23,10,86,76,25"/><U104/><E128/><V93/><F0/><W27/><G132/><T119/><D75/><U88/><E124/><V70/><F33/><W42/><G126/><T94/><D105/><U129/><E129/><V95/><F70/><W47/><G118/><T98/><D39/><U122/><E122/><V67/><F74/><W57/><G34/><T96/><D36/><U44/><E104/><V13/><F67/><W32/><G27/><T65/><D107/><U123/><E123/><V69/><F69/><W73/><G73/><T2/><D2/><U115/><E68/><V64/><F64/><W135/><G47/><N who="1" m="17994" /><E41/><V103/><F15/><W7/><G32/><T38/><D38/><U120/><E120/><V106/><F117/><W113/><G135/><T19/><D111/><U17/><E115/><N who="3" m="44042" /><G57/><T3/><D112/><U1/><E1/><V37/><F37/><W63/><G63/><T22/><D3/><U84/><E61/><V109/><F109/><W60/><G60/><T108/><D58/><U49/><E49/><V87/><F50/><W30/><G97/><T48/><D48/><U24/><E24/><V31/><F125/><W131/><G131/><T82/><D108/><U116/><E116/><V28/><F121/><W56/><G56/><T6/><D119/><U130/><E130/><V11/><F134/><W83/><G7/><T5/><D100/><U91/><AGARI ba="0,0" hai="14,17,20,54,55,80,84,88,89,90,91" m="17994" machi="91" ten="30,3000,0" yaku="8,1,54,1" doraHai="110" who="1" fromWho="1" sc="255,-10,165,30,338,-10,242,-10" /><INIT seed="5,1,0,4,2,46" ten="245,195,328,232" oya="1" hai0="111,132,14,19,12,8,28,18,91,80,121,82,110" hai1="6,102,30,63,89,32,64,68,86,119,25,57,98" hai2="112,126,47,93,29,133,71,66,4,9,79,58,5" hai3="69,97,100,107,122,92,0,21,44,15,22,113,101"/><U37/><E119/><V105/><F105/><W41/><G0/><T114/><D114/><U124/><E124/><V24/><F71/><W130/><G113/><T62/><D132/><U95/><E37/><V23/><F79/><W67/><G122/><T20/><D121/><U76/><E76/><V88/><F126/><W99/><G130/><T72/><D72/><U1/><E1/><V135/><F47/><W53/><G69/><T61/><D28/><U120/><E120/><V49/><F9/><W106/><G67/><T40/><D40/><U59/><REACH who="1" step="1"/><E6/><REACH who="1" ten="245,185,328,232" step="2"/><V116/><F116/><W96/><G107/><AGARI ba="1,1" hai="25,30,32,57,59,63,64,68,86,89,95,98,102,107" machi="107" ten="30,18000,2" yaku="1,1,2,1,7,1,25,2,53,1" doraHai="46" doraHaiUra="27" who="1" fromWho="3" sc="245,0,185,193,328,0,232,-183" /><INIT seed="5,2,0,4,0,101" ten="245,378,328,49" oya="1" hai0="103,11,133,84,73,14,56,22,61,109,16,91,30" hai1="123,33,78,49,90,117,124,71,39,121,130,67,44" hai2="106,21,35,102,99,50,58,53,12,31,115,75,131" hai3="25,43,87,93,132,3,46,111,10,13,100,74,70"/><U60/><E33/><V127/><F75/><W112/><G74/><T24/><D73/><U34/><E34/><V64/><F131/><W7/><G132/><T51/><D133/><U40/><E90/><V32/><F127/><W8/><G111/><T4/><D109/><U6/><E6/><V98/><F115/><W17/><G112/><T5/><D103/><U113/><E78/><V63/><F99/><W68/><G100/><T27/><D51/><U92/><E92/><V52/><F53/><W96/><G96/><T108/><D108/><U116/><E113/><V15/><F21/><W86/><G25/><T97/><D97/><U105/><E124/><V81/><F81/><W9/><G9/><T42/><D42/><U122/><E105/><V135/><F135/><W120/><G120/><T89/><D89/><U110/><E130/><V79/><F79/><W118/><G118/><T119/><D27/><U45/><E110/><V76/><F76/><W66/><G93/><T80/><REACH who="0" step="1"/><D119/><REACH who="0" ten="235,378,328,49" step="2"/><U65/><E65/><AGARI ba="2,1" hai="4,5,11,14,16,22,24,30,56,61,65,80,84,91" machi="65" ten="30,8000,1" yaku="1,1,2,1,7,1,8,1,54,1,53,0" doraHai="101" doraHaiUra="134" who="0" fromWho="1" sc="235,96,378,-86,328,0,49,0" /><INIT seed="6,0,0,3,4,83" ten="331,292,328,49" oya="2" hai0="119,69,12,32,11,21,54,85,58,22,19,15,87" hai1="13,41,10,27,78,25,73,1,88,38,96,35,64" hai2="120,17,115,36,31,50,90,62,52,49,37,60,116" hai3="20,133,68,7,57,74,80,100,5,63,79,109,84"/><V112/><F31/><W26/><G109/><T122/><D69/><U4/><E64/><V126/><F17/><W0/><G0/><T130/><D122/><U16/><E73/><V33/><F33/><W61/><G68/><T123/><D123/><U81/><E78/><V135/><F120/><W89/><G63/><N who="2" m="24105" /><F90/><W75/><G133/><T46/><D130/><U113/><E113/><N who="2" m="43595" /><F126/><W6/><G100/><T104/><D104/><U106/><E106/><V2/><F2/><W44/><G44/><T127/><D32/><U53/><E53/><V95/><F95/><W125/><G89/><T72/><D72/><U39/><E27/><V8/><F8/><W86/><G75/><T128/><D128/><U51/><E96/><V42/><F116/><W3/><G3/><T47/><D127/><U30/><E81/><V121/><F135/><W92/><G92/><T101/><D101/><U43/><E88/><V66/><F66/><W117/><G117/><T67/><D67/><U118/><E118/><V111/><F111/><W108/><G108/><T105/><D105/><U132/><E132/><V77/><F77/><W40/><G125/><T24/><D119/><U98/><E98/><V134/><F134/><W93/><G93/><T131/><D131/><U129/><E129/><V23/><F23/><N who="0" m="8714" /><D24/><U28/><E25/><V124/><F121/><W102/><G102/><T114/><D15/><U82/><E13/><V34/><F34/><W45/><G74/><T56/><D114/><U70/><E35/><V110/><F110/><W29/><G79/><T18/><D12/><U97/><E1/><RYUUKYOKU ba="0,0" sc="331,0,292,0,328,0,49,0" /><INIT seed="7,1,0,5,4,132" ten="331,292,328,49" oya="3" hai0="65,109,56,55,88,41,53,82,51,83,108,27,36" hai1="59,105,6,11,57,101,58,37,133,4,64,124,21" hai2="104,120,17,63,85,74,14,89,18,1,112,22,34" hai3="23,98,67,9,46,97,7,81,32,69,35,118,95"/><W42/><G98/><T116/><D83/><U77/><E133/><V131/><F34/><W33/><G118/><T52/><D116/><U39/><E64/><V43/><F1/><W15/><G69/><T70/><D27/><U0/><E77/><V30/><F131/><W127/><G67/><T115/><D115/><U47/><E6/><V91/><F74/><W125/><G81/><T135/><D135/><U45/><E21/><V92/><F120/><W113/><G23/><T31/><D31/><U90/><E101/><V102/><F112/><W103/><REACH who="3" step="1"/><G113/><REACH who="3" ten="331,292,328,39" step="2"/><T12/><D82/><U130/><E59/><V68/><F68/><W121/><G121/><T106/><D109/><U24/><E58/><V29/><F22/><W134/><G134/><T61/><D108/><U28/><E57/><V122/><F122/><W60/><G60/><T3/><D70/><U99/><E99/><V111/><F63/><W19/><G19/><T16/><D65/><U84/><E84/><V10/><F18/><W86/><G86/><T13/><D16/><U8/><E47/><V96/><F111/><W20/><G20/><T87/><D56/><U100/><E45/><V94/><F43/><W66/><G66/><T128/><D87/><AGARI ba="1,1" hai="10,14,17,29,30,85,87,89,91,92,94,96,102,104" machi="87" ten="30,2000,0" yaku="7,1,9,1" doraHai="132" who="2" fromWho="0" sc="331,-23,292,0,328,33,39,0" owari="308,10.8,292,-10.8,361,46.1,39,-46.1" /></mjloggm>