<mjloggm ver="2.3"><GO type="41" lobby="0"/><UN n0="%E6%9D%8F%E3%81%A1%E3%82%83%E3%82%93" n1="%68%61%74%63%68%39%E2%99%AA" n2="%6B%61%6E%74%61%E3%81%A1%E3%82%83%E3%82%93" n3="%E2%93%9D%4C%75%63%6B%79%4A" dan="13,13,14,18" rate="1901.61,1848.56,2068.73,2198.30" sx="M,M,M,M"/><TAIKYOKU oya="0"/><INIT seed="0,0,0,4,2,17" ten="250,250,250,250" oya="0" hai0="41,133,16,75,114,38,39,13,135,105,6,48,77" hai1="8,37,112,96,18,82,74,35,117,95,28,20,87" hai2="118,132,127,53,1,115,113,31,124,45,107,0,85" hai3="59,3,71,10,7,54,90,83,86,43,44,68,4"/><T33/><D114/><U97/><E37/><V52/><F107/><W12/><G7/><T69/><D6/><U91/><E117/><V14/><F85/><W89/><G3/><N who="2" m="1097" /><F118/><W122/><G122/><T121/><D33/><U102/><E112/><N who="2" m="43083" /><F45/><W24/><G24/><T47/><D121/><U64/><E64/><V15/><F31/><W21/><G90/><T99/><D69/><U104/><E35/><V40/><F40/><W78/><G89/><T55/><D75/><U93/><E28/><V57/><F57/><W100/><G100/><T5/><D5/><U106/><E8/><V22/><F132/><N who="0" m="50762" /><D77/><U129/><E129/><V42/><F42/><W103/><G103/><N who="0" m="62719" /><D41/><U66/><E66/><V34/><F34/><W27/><G54/><N who="2" m="21097" /><F22/><AGARI ba="0,0" hai="13,16,22,38,39,47,48,55" m="62719,50762" machi="22" ten="30,5800,0" yaku="20,1,52,1,54,1" doraHai="17" who="0" fromWho="2" sc="250,58,250,0,250,-58,250,0" /><INIT seed="0,1,0,3,2,48" ten="308,250,192,250" oya="0" hai0="88,32,96,85,102,78,81,61,119,65,7,29,107" hai1="117,128,115,101,54,22,123,45,13,104,47,109,118" hai2="73,35,23,100,50,16,11,124,75,1,83,25,95" hai3="67,24,131,94,112,103,122,27,72,19,60,6,49"/><T82/><D119/><U80/><E80/><V90/><F124/><W26/><G112/><T53/><D7/><U56/><E104/><V111/><F111/><W17/><G72/><T63/><D29/><U41/><E101/><V70/><F70/><W4/><G131/><T33/><D61/><U120/><E13/><V20/><F100/><W66/><G122/><N who="1" m="46634" /><E22/><V62/><F62/><W30/><G49/><T68/><REACH who="0" step="1"/><D53/><REACH who="0" ten="298,250,192,250" step="2"/><U84/><E115/><V110/><F110/><W51/><G6/><T3/><D3/><U97/><E109/><V5/><F35/><W105/><G4/><T92/><D92/><U133/><E118/><V9/><F95/><W21/><G60/><T125/><D125/><U89/><E117/><V40/><F5/><W12/><G30/><T126/><D126/><U113/><E54/><V121/><F1/><W76/><G94/><T64/><D64/><U0/><E0/><V31/><F121/><W130/><G67/><T8/><D8/><U106/><E106/><V77/><F11/><W10/><G66/><T37/><D37/><U43/><E113/><V93/><F9/><W116/><G116/><T86/><AGARI ba="1,1" hai="32,33,63,65,68,78,81,82,85,86,88,96,102,107" machi="86" ten="20,7800,0" yaku="1,1,0,1,7,1,54,1,53,0" doraHai="48" doraHaiUra="132" who="0" fromWho="0" sc="298,91,250,-27,192,-27,250,-27" /><INIT seed="0,2,0,1,0,69" ten="389,223,165,223" oya="0" hai0="7,124,67,13,114,86,10,43,89,22,31,65,78" hai1="81,82,40,4,97,42,129,6,5,70,47,93,30" hai2="115,106,101,63,44,131,2,118,62,91,107,121,88" hai3="83,39,15,33,99,85,130,119,11,37,48,126,123"/><T64/><D114/><U68/><E129/><V34/><F115/><W92/><G33/><T46/><D124/><U108/><E108/><V73/><F73/><W17/><G119/><T18/><D78/><U66/><E30/><V28/><F2/><W122/><G48/><T134/><D31/><U29/><E29/><V103/><F28/><W84/><G130/><T19/><D134/><U104/><E104/><V133/><F131/><W71/><G71/><T57/><D57/><U1/><E1/><V75/><F75/><W35/><G35/><T120/><D120/><N who="3" m="46121" /><G126/><T110/><D110/><U111/><E111/><V36/><F121/><W80/><G83/><T60/><D60/><U0/><E0/><V38/><F44/><W127/><G127/><T109/><D109/><U76/><E81/><V14/><F14/><W12/><G15/><T128/><D128/><U87/><E66/><V112/><F112/><W8/><G11/><T117/><D117/><U26/><E26/><V20/><F20/><W50/><G50/><N who="0" m="26975" /><D22/><U59/><E70/><V77/><F34/><W58/><G58/><T41/><D41/><U55/><E59/><V9/><F77/><N who="3" m="46223" /><G84/><T52/><D52/><U98/><E68/><V61/><F61/><W32/><G32/><T102/><D102/><AGARI ba="2,0" hai="8,12,17,37,39,92,99,102" m="46223,46121" machi="102" ten="30,3900,0" yaku="13,1,52,2" doraHai="69" who="3" fromWho="0" sc="389,-45,223,0,165,0,223,45" /><INIT seed="1,0,0,2,5,69" ten="344,223,165,268" oya="1" hai0="30,118,64,48,88,62,57,10,7,77,46,15,80" hai1="74,73,124,32,14,43,119,49,85,5,99,37,117" hai2="4,83,132,67,89,130,128,110,54,75,23,86,95" hai3="24,120,12,72,133,109,112,58,27,55,97,68,114"/><U19/><E32/><V134/><F67/><W91/><G72/><T21/><D118/><U113/><E113/><V36/><F54/><W52/><G120/><T65/><D65/><U40/><E124/><V51/><F51/><W126/><G109/><T121/><D121/><U53/><E99/><V96/><F23/><W104/><G133/><N who="2" m="51305" /><F36/><W84/><G126/><T131/><D131/><N who="2" m="50218" /><F4/><W56/><G68/><T13/><D30/><U38/><E5/><V87/><F110/><W93/><G114/><T122/><D122/><U70/><E70/><V108/><F108/><W42/><G42/><T78/><D21/><U103/><E53/><V35/><F35/><W33/><G112/><T81/><D81/><U71/><E71/><V6/><F6/><W125/><G125/><T45/><D45/><U127/><E127/><V66/><F66/><W16/><G33/><T29/><D29/><U76/><E49/><V63/><F63/><N who="3" m="36319" /><G104/><T44/><D44/><U135/><E135/><V39/><F39/><W20/><G97/><T101/><D101/><U9/><E103/><V115/><F115/><W0/><G0/><T90/><D15/><U2/><E2/><V25/><F25/><W31/><G31/><T98/><D98/><U3/><E3/><V41/><F41/><W111/><G111/><T50/><D50/><AGARI ba="0,0" hai="12,16,20,24,27,50,52,56,84,91,93" m="36319" machi="50" ten="30,7700,0" yaku="25,1,8,1,54,2" doraHai="69" who="3" fromWho="0" sc="344,-77,223,0,165,0,268,77" /><INIT seed="2,0,0,2,2,44" ten="267,223,165,345" oya="2" hai0="3,25,123,95,113,128,55,41,30,60,84,81,120" hai1="31,13,53,118,129,47,50,35,33,28,88,132,61" hai2="89,48,22,62,32,74,90,130,121,133,7,122,40" hai3="92,49,18,27,4,124,86,102,98,54,17,23,73"/><V131/><F74/><W38/><G38/><T34/><D3/><U82/><E118/><V59/><F32/><W69/><G69/><T109/><D109/><U111/><E111/><V100/><F100/><W91/><G124/><T66/><D128/><N who="2" m="49194" /><F7/><W134/><G134/><T5/><D5/><U83/><E129/><V46/><F22/><W2/><G73/><T6/><D6/><U127/><E132/><V117/><F133/><W112/><G112/><T71/><D113/><U10/><E33/><V70/><F117/><W119/><G119/><T36/><D95/><U56/><E35/><V12/><F12/><W77/><G77/><T15/><D15/><U94/><E127/><V99/><F99/><W58/><G4/><T21/><D34/><U68/><E68/><V126/><F126/><W39/><G39/><T108/><D108/><U116/><E116/><V67/><F90/><W76/><G76/><T80/><D80/><N who="1" m="30763" /><E13/><V85/><F70/><W51/><G2/><T104/><D104/><U72/><E10/><V75/><F75/><W1/><G1/><T135/><D135/><U42/><E72/><V65/><F65/><W11/><G11/><T9/><D9/><U37/><E37/><V43/><F43/><W24/><G27/><T103/><D41/><U63/><E63/><V45/><F45/><W114/><G114/><T87/><D36/><U78/><E78/><V79/><F79/><W101/><G102/><T110/><D103/><U93/><E93/><AGARI ba="0,0" hai="40,46,48,59,62,67,85,89,93,121,122" m="49194" machi="93" ten="30,2900,0" yaku="19,1,52,1" doraHai="44" who="2" fromWho="1" sc="267,0,223,-29,165,29,345,0" /><INIT seed="2,1,0,4,5,43" ten="267,194,194,345" oya="2" hai0="26,54,15,105,114,29,126,84,8,16,63,24,124" hai1="39,0,101,9,102,71,103,120,58,90,115,76,66" hai2="7,59,36,95,112,107,2,123,121,52,108,32,67" hai3="118,27,21,116,48,40,44,64,37,30,129,130,96"/><V53/><F107/><W79/><G79/><T60/><D105/><U104/><E39/><V45/><F32/><W41/><G64/><T5/><D84/><U99/><E71/><V83/><F2/><W73/><G73/><T35/><D54/><N who="2" m="21098" /><F7/><W22/><G96/><T33/><D114/><U4/><E115/><V131/><F95/><W135/><G135/><T1/><D63/><U23/><E120/><N who="2" m="46155" /><F83/><W128/><G22/><N who="0" m="13383" /><D60/><U117/><E117/><V6/><F6/><W100/><G100/><T18/><D35/><U14/><E76/><V75/><F75/><W69/><G69/><T134/><D134/><U13/><E0/><V70/><F112/><W86/><G86/><T91/><D91/><U68/><E68/><V97/><F97/><W88/><G88/><T38/><D38/><U20/><E104/><V81/><F81/><W94/><G94/><T46/><D46/><AGARI ba="1,0" hai="21,27,30,37,40,41,44,46,48,116,118,128,129,130" machi="46" ten="40,5200,0" yaku="19,1,52,2" doraHai="43" who="3" fromWho="0" sc="267,-55,194,0,194,0,345,55" /><INIT seed="3,0,0,5,0,15" ten="212,194,194,400" oya="3" hai0="84,79,81,23,90,46,34,27,6,85,3,35,52" hai1="57,43,125,60,128,109,0,105,114,18,113,130,123" hai2="9,100,47,98,20,107,37,120,26,80,39,99,106" hai3="66,62,129,44,25,116,1,77,32,132,74,16,119"/><W102/><G1/><T108/><D108/><U76/><E105/><V13/><F120/><W33/><G102/><T75/><D6/><U124/><E0/><V4/><F47/><W117/><G129/><N who="1" m="49770" /><E76/><V67/><F67/><W50/><G132/><T82/><D3/><U12/><E43/><V14/><F14/><W31/><G74/><T87/><D75/><U8/><E123/><V71/><F71/><W91/><G91/><T86/><D35/><U54/><E109/><V94/><F80/><W61/><G77/><T115/><D34/><U28/><E28/><V104/><REACH who="2" step="1"/><F98/><REACH who="2" ten="212,194,184,400" step="2"/><W89/><G66/><T73/><D115/><AGARI ba="0,1" hai="8,12,18,54,57,60,113,114,115,124,125" m="49770" machi="115" ten="30,2000,0" yaku="19,1,52,1" doraHai="15" who="1" fromWho="0" sc="212,-20,194,30,184,0,400,0" /><INIT seed="4,0,0,3,3,48" ten="192,224,184,400" oya="0" hai0="15,20,43,5,119,55,16,130,102,110,2,51,118" hai1="72,90,25,12,113,83,33,108,114,57,21,128,62" hai2="22,34,70,88,29,81,68,65,28,66,75,82,30" hai3="80,14,49,122,8,42,126,7,71,69,117,35,54"/><T40/><D130/><U124/><E128/><V112/><F34/><W37/><G117/><T101/><D110/><U84/><E108/><V103/><F103/><N who="0" m="39434" /><D2/><U94/><E124/><V59/><F75/><W50/><G37/><T87/><D119/><U64/><E33/><V107/><F107/><W53/><G35/><T27/><D118/><U67/><E12/><V45/><F45/><N who="3" m="25911" /><G71/><T26/><D87/><U116/><E116/><V99/><F112/><N who="1" m="43113" /><E72/><V47/><F47/><W44/><G69/><T3/><D3/><U32/><E32/><V132/><F132/><W98/><G122/><T52/><D27/><U123/><E123/><V6/><F6/><W106/><G106/><T60/><D60/><U46/><E46/><V115/><F115/><W127/><G98/><T135/><D55/><N who="3" m="21001" /><G127/><T41/><D135/><U73/><E73/><V38/><F70/><W4/><G126/><T13/><D5/><U76/><E67/><V74/><F68/><W18/><G80/><T24/><D24/><U78/><E83/><V111/><F111/><W31/><G31/><AGARI ba="0,0" hai="21,25,31,57,62,64,76,78,84,90,94" m="43113" machi="31" ten="30,2000,0" yaku="15,1,11,1" doraHai="48" who="1" fromWho="3" sc="192,0,224,20,184,0,400,-20" /><INIT seed="5,0,0,3,0,97" ten="192,244,184,380" oya="1" hai0="15,47,8,93,14,83,24,26,122,119,20,71,25" hai1="56,17,42,21,77,132,117,10,109,131,90,9,64" hai2="115,53,110,1,62,112,60,129,66,3,6,82,57" hai3="96,105,65,28,34,63,5,39,29,120,84,4,38"/><U54/><E117/><V68/><F6/><W67/><G84/><T121/><D71/><U99/><E131/><V118/><F129/><W11/><G120/><N who="0" m="46187" /><D83/><U124/><E124/><V0/><F118/><W100/><G67/><T123/><D119/><U23/><E132/><V48/><F82/><W73/><G5/><N who="0" m="3343" /><D47/><U106/><E77/><V102/><F110/><W89/><G89/><T126/><N who="0" m="46195" /><T133/><DORA hai="94" /><D93/><N who="1" m="56759" /><E106/><V127/><F127/><W18/><G73/><T44/><D44/><U52/><E109/><V72/><F72/><W134/><G134/><T78/><D78/><U80/><E80/><V130/><F130/><W46/><G46/><T74/><D74/><U81/><E81/><V51/><REACH who="2" step="1"/><F102/><REACH who="2" ten="192,244,174,380" step="2"/><W108/><G100/><T75/><D75/><U59/><E42/><V85/><F85/><W70/><G108/><T40/><D133/><U111/><E111/><V128/><F128/><W45/><G39/><T2/><D40/><U92/><E92/><V7/><F7/><W37/><G4/><T107/><D126/><U61/><E23/><V43/><F43/><W41/><G41/><T22/><D107/><U103/><E103/><V76/><F76/><W12/><G105/><T16/><D2/><U125/><E125/><V86/><F86/><W69/><G38/><T135/><D135/><U49/><E64/><V19/><F19/><AGARI ba="0,1" hai="15,16,19,20,22,24,25,26" m="3343,46195" machi="19" ten="40,8000,1" yaku="13,1,34,2,54,1" doraHai="97,94" who="0" fromWho="2" sc="192,90,244,0,174,-80,380,0" /><INIT seed="6,0,0,4,4,16" ten="282,244,94,380" oya="2" hai0="45,80,35,58,38,57,109,70,8,130,28,102,111" hai1="95,104,87,86,54,65,125,4,93,24,10,128,25" hai2="27,3,85,81,32,133,134,100,89,14,114,13,5" hai3="7,33,101,56,83,106,0,122,17,74,43,51,135"/><V67/><F114/><W117/><G33/><T29/><D70/><U82/><E104/><V31/><F100/><W69/><G69/><T121/><D102/><U50/><E125/><V119/><F119/><W91/><G7/><T21/><D80/><U110/><E110/><V30/><F67/><W112/><G0/><T115/><D45/><U126/><E126/><V26/><F3/><W123/><G17/><T132/><D8/><U73/><E73/><V61/><F61/><W49/><G135/><T23/><D38/><U55/><E65/><V20/><REACH who="2" step="1"/><F5/><REACH who="2" ten="282,244,84,380" step="2"/><W53/><G112/><T107/><D115/><U103/><E128/><V40/><F40/><W34/><G43/><T60/><D60/><U98/><E54/><V42/><F42/><W124/><G53/><T9/><D130/><U1/><E55/><V118/><F118/><W77/><G101/><T105/><D132/><AGARI ba="0,1" hai="13,14,20,26,27,30,31,32,81,85,89,132,133,134" machi="132" ten="40,7700,0" yaku="1,1,20,1,52,1,53,0" doraHai="16" doraHaiUra="44" who="2" fromWho="0" sc="282,-77,244,0,84,87,380,0" /><INIT seed="6,1,0,0,0,66" ten="205,244,171,380" oya="2" hai0="95,64,96,111,117,83,38,6,17,41,92,131,3" hai1="93,132,126,110,2,65,122,123,119,77,8,32,23" hai2="0,10,48,59,106,79,14,50,108,53,43,127,121" hai3="89,90,88,129,36,47,70,82,29,104,58,120,80"/><V60/><F121/><W7/><G120/><T25/><D111/><U49/><E65/><V19/><F19/><W30/><BYE who="2" /><G104/><T133/><D92/><U135/><E77/><V20/><F20/><W55/><G70/><T35/><D6/><UN n2="%6B%61%6E%74%61%E3%81%A1%E3%82%83%E3%82%93" /><U134/><E93/><V67/><F127/><W86/><G129/><T112/><D3/><U51/><E49/><V5/><F108/><W102/><G102/><T74/><D41/><U115/><E51/><V125/><F125/><W13/><G36/><T84/><D74/><U46/><E46/><V31/><F106/><W87/><G47/><T75/><D75/><U118/><E110/><V54/><F31/><W27/><G27/><T1/><D1/><U63/><E63/><V71/><F79/><W61/><G90/><T69/><D38/><U62/><E62/><V113/><F113/><W40/><G40/><T107/><D107/><U42/><E126/><V76/><F76/><W26/><G26/><T100/><D131/><U105/><E105/><V81/><F81/><W34/><G34/><T94/><D94/><U128/><E115/><V57/><REACH who="2" step="1"/><F43/><REACH who="2" ten="205,244,161,380" step="2"/><W73/><G73/><T85/><D83/><U109/><E42/><V11/><F11/><AGARI ba="1,1" hai="7,11,13,29,30,55,58,61,80,82,86,87,88,89" machi="11" ten="40,5200,0" yaku="9,1,8,1,54,1" doraHai="66" who="3" fromWho="2" sc="205,0,244,0,161,-55,380,65" /><INIT seed="7,0,0,5,0,93" ten="205,244,106,445" oya="3" hai0="66,74,1,68,82,102,28,118,38,65,48,6,32" hai1="80,134,114,122,51,18,9,47,86,56,57,64,78" hai2="99,96,77,72,129,26,130,20,132,124,131,40,4" hai3="101,75,117,29,103,135,52,27,59,76,71,92,8"/><W46/><G46/><T54/><D38/><U53/><E122/><V97/><F4/><W15/><G76/><T104/><D68/><U90/><E114/><V21/><F124/><W89/><G75/><T36/><D36/><U107/><E107/><V44/><F132/><W42/><G27/><T30/><D6/><U133/><E64/><V0/><F0/><W16/><G29/><T110/><D1/><U41/><E78/><V85/><F72/><W2/><G15/><T108/><D74/><U113/><E113/><V39/><F26/><W69/><G89/><T35/><D82/><AGARI ba="0,0" hai="20,21,39,40,44,77,82,85,96,97,99,129,130,131" machi="82" ten="50,8000,1" yaku="19,1,52,3" doraHai="93" who="2" fromWho="0" sc="205,-80,244,0,106,80,445,0" owari="125,-37.5,244,4.4,186,-21.4,445,54.5" /></mjloggm>