<mjloggm ver="2.3"><GO type="41" lobby="0"/><UN n0="%E2%93%9D%4C%75%63%6B%79%4A" n1="%6C%6F%6F%6F%70" n2="%E8%8E%9E" n3="%E3%83%95%E3%83%9F%E3%83%A4" dan="15,14,13,15" rate="2163.03,1935.81,1856.80,2020.70" sx="M,M,M,M"/><TAIKYOKU oya="0"/><INIT seed="0,0,0,0,3,128" ten="250,250,250,250" oya="0" hai0="80,34,67,43,20,88,117,114,126,47,27,48,66" hai1="106,8,124,57,116,37,6,90,130,54,105,134,1" hai2="112,115,14,89,71,5,45,119,74,11,103,21,78" hai3="33,84,75,127,76,92,63,133,16,2,15,77,102"/><T26/><D114/><U121/><E116/><V83/><F71/><W12/><G2/><T62/><D117/><U118/><E130/><V10/><F103/><W123/><G33/><T29/><D126/><U0/><E118/><V91/><F119/><W99/><G127/><T104/><D104/><U13/><E124/><V68/><F68/><W17/><G123/><T97/><D62/><U109/><E37/><V122/><F122/><W61/><G75/><T44/><D47/><U24/><E121/><V36/><F21/><W39/><G39/><T95/><REACH who="0" step="1"/><D80/><REACH who="0" ten="240,250,250,250" step="2"/><U81/><E106/><V96/><F112/><W73/><G63/><T46/><D46/><U59/><E105/><V135/><F115/><W65/><G61/><T64/><D64/><U49/><E81/><V7/><F135/><W108/><G65/><T3/><D3/><U53/><E1/><V111/><F111/><W85/><G133/><T72/><D72/><U56/><E134/><V9/><F45/><W110/><G73/><T19/><AGARI ba="0,1" hai="19,20,26,27,29,34,43,44,48,66,67,88,95,97" machi="19" ten="20,12000,1" yaku="1,1,0,1,7,1,54,1,53,1" doraHai="128" doraHaiUra="42" who="0" fromWho="0" sc="240,130,250,-40,250,-40,250,-40" /><INIT seed="0,1,0,1,4,100" ten="370,210,210,210" oya="0" hai0="80,72,39,104,45,81,3,70,82,87,99,69,96" hai1="53,6,89,116,88,35,49,77,122,40,22,17,16" hai2="90,47,10,66,14,60,135,118,43,29,63,109,129" hai3="103,91,59,57,94,133,106,58,75,25,9,95,20"/><T78/><D3/><U113/><E35/><V42/><F118/><W26/><G75/><T119/><D119/><U37/><E116/><V55/><F129/><W52/><G133/><T130/><D39/><U128/><E122/><V51/><F29/><W68/><G68/><T30/><D45/><U101/><E128/><V108/><F90/><W54/><G9/><T86/><D30/><U32/><E32/><V1/><F1/><W105/><G103/><N who="0" m="62591" /><D70/><U8/><E40/><N who="2" m="15403" /><F14/><W134/><G134/><T131/><D69/><U67/><E67/><V83/><F83/><N who="0" m="31818" /><D131/><U50/><E77/><V11/><F135/><W107/><G95/><T5/><D5/><U102/><E37/><V110/><F11/><W36/><G36/><T34/><D34/><U120/><E120/><V112/><F10/><W117/><G117/><T62/><D62/><N who="2" m="23594" /><F66/><W15/><G15/><T76/><D130/><U79/><E79/><V18/><F18/><W21/><G21/><T56/><D78/><U2/><E17/><V124/><F112/><W126/><G26/><T92/><D56/><U44/><E113/><V61/><N who="2" m="23602" /><V125/><AGARI ba="1,0" hai="47,51,55,108,109,110,124,125" m="23602,15403" machi="125" ten="50,8000,1" yaku="4,1,14,1,34,2" doraHai="100" who="2" fromWho="2" sc="370,-41,210,-21,210,83,210,-21" /><INIT seed="1,0,0,3,5,0" ten="329,189,293,189" oya="1" hai0="27,85,97,52,59,89,91,23,74,109,72,83,118" hai1="73,128,87,94,77,106,126,49,2,17,135,8,30" hai2="71,44,60,16,15,103,32,13,61,76,120,111,70" hai3="88,99,31,38,10,112,80,7,123,119,50,104,40"/><U105/><E73/><V82/><F120/><W58/><G123/><T46/><D118/><U131/><E126/><V69/><F32/><W95/><G112/><T51/><D109/><U110/><E30/><V18/><F103/><W41/><G119/><T92/><REACH who="0" step="1"/><D46/><REACH who="0" ten="319,189,293,189" step="2"/><U22/><E110/><V55/><F111/><W101/><G38/><T129/><D129/><N who="1" m="49739" /><E135/><V107/><F44/><W57/><G31/><AGARI ba="0,1" hai="23,27,31,51,52,59,72,74,83,85,89,91,92,97" machi="31" ten="30,7700,0" yaku="1,1,7,1,54,1,53,1" doraHai="0" doraHaiUra="25" who="0" fromWho="3" sc="319,87,189,0,293,0,189,-77" /><INIT seed="2,0,0,3,4,61" ten="406,189,293,112" oya="2" hai0="86,51,99,91,97,100,27,112,135,84,56,83,35" hai1="116,41,40,21,37,36,121,59,65,82,87,94,19" hai2="72,24,129,64,75,3,88,6,16,39,111,22,134" hai3="48,120,58,104,115,73,42,4,96,71,5,34,95"/><V30/><F39/><W89/><G120/><T67/><D112/><U114/><E116/><V68/><F134/><W92/><G115/><T50/><D135/><U117/><E114/><V26/><F129/><W47/><G71/><T105/><D99/><U98/><E117/><V107/><F107/><W20/><G34/><T8/><D8/><U14/><E121/><V66/><F68/><W38/><G73/><T77/><D27/><U52/><E37/><V18/><F6/><W31/><G104/><T29/><D29/><U54/><E36/><V131/><F3/><W90/><G38/><T69/><D35/><U102/><E41/><V133/><F133/><W25/><REACH who="3" step="1"/><G58/><REACH who="3" ten="406,189,293,102" step="2"/><T17/><D56/><U128/><E128/><V10/><F131/><W13/><G13/><T76/><D69/><U49/><E40/><V113/><F113/><W119/><G119/><T57/><D57/><U7/><E7/><V78/><F75/><W110/><G110/><T32/><D32/><U12/><E12/><V55/><F111/><W62/><G62/><T130/><D130/><U43/><E43/><V45/><F72/><W101/><G101/><T81/><D100/><U122/><E122/><V2/><F2/><W127/><G127/><T28/><D105/><U108/><E108/><V11/><F45/><W46/><G46/><T118/><D118/><U9/><E9/><V79/><F11/><W15/><G15/><T80/><D51/><U53/><REACH who="1" step="1"/><E65/><REACH who="1" ten="406,179,293,102" step="2"/><V63/><F64/><W132/><G132/><T125/><D67/><U70/><E70/><V33/><F66/><W124/><G124/><RYUUKYOKU ba="0,2" sc="406,-15,179,15,293,-15,102,15" hai1="14,19,21,49,52,53,54,59,82,87,94,98,102" hai3="4,5,20,25,31,42,47,48,89,90,92,95,96" /><INIT seed="3,1,2,4,1,66" ten="391,194,278,117" oya="3" hai0="117,28,14,67,0,18,96,106,75,2,8,5,120" hai1="53,129,50,69,113,19,45,62,35,126,76,37,116" hai2="7,36,88,65,55,111,115,91,125,131,127,97,21" hai3="118,40,73,108,4,31,44,61,102,59,122,107,48"/><W79/><G118/><T87/><D75/><U43/><E35/><V130/><F36/><W13/><G122/><T41/><D41/><U121/><E76/><V85/><F65/><W134/><G134/><T92/><D120/><U132/><E19/><V101/><F55/><W83/><G108/><T94/><D117/><U46/><E121/><V84/><F21/><W64/><G31/><T9/><D2/><U49/><E116/><V3/><F7/><W95/><G107/><T133/><D133/><U39/><E132/><V98/><F3/><W10/><G95/><T29/><D106/><U128/><E113/><V77/><F77/><W33/><G102/><T57/><D87/><U68/><E62/><V30/><F30/><W34/><AGARI ba="1,2" hai="4,10,13,33,34,40,44,48,59,61,64,73,79,83" machi="34" ten="30,1500,0" yaku="0,1" doraHai="66" who="3" fromWho="3" sc="391,-6,194,-6,278,-6,117,38" /><INIT seed="3,2,0,5,3,16" ten="385,188,272,155" oya="3" hai0="3,58,14,84,48,94,133,71,38,99,104,24,56" hai1="98,31,68,51,96,89,55,43,85,111,63,60,0" hai2="109,70,41,4,115,45,11,88,107,61,100,119,91" hai3="105,118,53,126,103,47,7,2,131,64,25,37,75"/><W23/><G118/><T76/><D3/><U129/><E0/><V12/><F115/><W121/><G121/><T134/><D38/><U22/><E43/><V27/><F119/><W57/><G75/><T73/><D71/><U72/><E72/><V114/><F114/><W1/><G131/><T34/><D14/><U74/><E74/><V5/><F5/><W15/><G126/><T69/><D69/><U44/><E68/><V18/><F109/><W110/><G110/><T112/><D48/><U93/><E129/><V122/><F122/><W19/><G64/><T8/><D8/><U17/><E31/><V65/><F100/><W28/><G103/><T130/><D104/><U108/><E108/><V82/><F82/><W79/><G105/><T125/><D84/><U127/><E127/><V42/><F107/><W36/><G79/><T40/><D40/><U49/><E49/><V78/><F78/><W97/><G97/><T20/><D34/><U62/><REACH who="1" step="1"/><E111/><REACH who="1" ten="385,178,272,155" step="2"/><V86/><F42/><W135/><G135/><N who="0" m="51723" /><D130/><U67/><E67/><V54/><F54/><W120/><G120/><T117/><D125/><U123/><E123/><V124/><F124/><W81/><G1/><T101/><D112/><U35/><E35/><V83/><F65/><W46/><G36/><T29/><D117/><U102/><E102/><V32/><F70/><W77/><G37/><T9/><D73/><U92/><E92/><V106/><F32/><W13/><G2/><T30/><D101/><U26/><AGARI ba="2,1" hai="17,22,26,44,51,55,60,62,63,85,89,93,96,98" machi="26" ten="30,12000,2" yaku="1,1,0,1,8,1,52,1,53,2" doraHai="16" doraHaiUra="95" who="1" fromWho="1" sc="385,-32,178,136,272,-32,155,-62" /><INIT seed="4,0,0,1,0,85" ten="353,314,240,93" oya="0" hai0="32,27,121,97,15,90,81,105,23,55,87,6,131" hai1="65,38,135,36,49,25,124,84,134,47,123,71,31" hai2="0,83,80,12,59,122,40,35,52,48,41,33,82" hai3="63,108,7,113,76,132,128,56,68,45,64,120,103"/><T100/><D121/><U112/><E123/><V77/><F0/><W42/><G120/><T114/><D131/><U126/><E65/><V78/><F122/><W104/><G108/><T110/><D110/><U111/><E111/><V10/><F35/><W14/><G128/><T102/><D114/><U127/><E71/><V30/><F30/><W130/><G130/><T9/><D32/><U61/><E61/><V50/><F33/><W2/><G113/><T117/><D102/><U69/><E69/><V54/><F41/><W73/><G14/><T53/><REACH who="0" step="1"/><D117/><REACH who="0" ten="343,314,240,93" step="2"/><U37/><E112/><V91/><F40/><W19/><G103/><T95/><D95/><U99/><E134/><V107/><F107/><W20/><G104/><T51/><D51/><U21/><E135/><V66/><F66/><W92/><G92/><T39/><D39/><U13/><E49/><V74/><F74/><W125/><G132/><T3/><D3/><U44/><E37/><V86/><F78/><W133/><G133/><T109/><D109/><U24/><E38/><V4/><REACH who="2" step="1"/><F77/><REACH who="2" ten="343,314,230,93" step="2"/><W101/><G76/><T18/><AGARI ba="0,2" hai="6,9,15,18,23,27,53,55,81,87,90,97,100,105" machi="18" ten="20,7800,0" yaku="1,1,0,1,7,1,52,1,53,0" doraHai="85" doraHaiUra="57" who="0" fromWho="0" sc="343,98,314,-26,230,-26,93,-26" /><INIT seed="4,1,0,5,0,51" ten="441,288,204,67" oya="0" hai0="64,86,83,30,135,25,103,53,77,41,133,48,46" hai1="65,12,90,26,91,47,89,23,107,5,21,101,129" hai2="56,44,28,100,63,87,60,9,0,61,62,54,111" hai3="33,70,122,34,92,71,59,119,50,45,80,69,93"/><T49/><D64/><U7/><E129/><V37/><F28/><W2/><G119/><T96/><D49/><U72/><E72/><V79/><F100/><W124/><G2/><T95/><REACH who="0" step="1"/><D41/><REACH who="0" ten="431,288,204,67" step="2"/><U126/><E65/><V134/><F134/><W13/><G50/><T16/><D16/><U115/><E47/><V17/><F111/><W112/><G45/><T120/><D120/><U125/><E115/><V94/><F44/><W19/><G122/><T43/><D43/><U24/><E107/><V110/><F110/><W121/><G121/><T42/><D42/><U127/><E101/><V31/><F37/><W102/><G112/><T114/><D114/><U15/><E24/><V82/><F31/><W14/><G102/><T131/><D131/><U22/><REACH who="1" step="1"/><E26/><REACH who="1" ten="431,278,204,67" step="2"/><V36/><F36/><W105/><G105/><T68/><D68/><U39/><E39/><V108/><F108/><W109/><G109/><T132/><D132/><U84/><E84/><V106/><F106/><W58/><G71/><T99/><D99/><U67/><E67/><V35/><F87/><W98/><G98/><T113/><D113/><U85/><E85/><V117/><F117/><W128/><G128/><T123/><D123/><U10/><E10/><V104/><F9/><W27/><G27/><T97/><D97/><U3/><E3/><V38/><F104/><W32/><G70/><T130/><D130/><U8/><E8/><V29/><F0/><W55/><G69/><T75/><D75/><U76/><E76/><V11/><F79/><W40/><G40/><T1/><D1/><U66/><E66/><RYUUKYOKU ba="1,2" sc="431,15,278,15,204,-15,67,-15" hai0="25,30,46,48,53,77,83,86,95,96,103,133,135" hai1="5,7,12,15,21,22,23,89,90,91,125,126,127" /><INIT seed="4,2,2,0,2,124" ten="446,293,189,52" oya="0" hai0="38,16,22,82,130,52,89,71,74,57,6,2,109" hai1="79,87,92,120,94,115,45,58,40,25,41,7,54" hai2="98,117,129,93,88,128,132,19,73,61,114,29,111" hai3="31,127,108,24,59,8,91,113,77,63,42,64,53"/><T78/><D71/><U28/><E120/><V102/><F29/><W21/><G108/><T36/><D109/><U118/><E118/><V84/><F61/><W37/><G127/><T50/><D130/><N who="2" m="50282" /><F19/><W30/><G113/><T0/><D89/><U90/><E7/><V13/><F13/><W49/><G77/><T55/><D55/><U32/><E115/><V9/><F9/><W126/><G126/><T51/><D51/><U20/><E32/><V99/><F111/><W101/><G101/><T27/><REACH who="0" step="1"/><D6/><REACH who="0" ten="436,293,189,52" step="2"/><U75/><E45/><V12/><F114/><W11/><G91/><T4/><D4/><U72/><E41/><V103/><F117/><W133/><G133/><T100/><D100/><N who="2" m="38442" /><F12/><W23/><G37/><AGARI ba="2,3" hai="0,2,16,22,27,36,37,38,50,52,57,74,78,82" machi="37" ten="40,7700,0" yaku="1,1,54,2,53,0" doraHai="124" doraHaiUra="116" who="0" fromWho="3" sc="436,113,293,0,189,0,52,-83" owari="549,64.9,293,9.3,189,-21.1,-31,-53.1" /></mjloggm>