<mjloggm ver="2.3"><GO type="41" lobby="0"/><UN n0="%E3%81%B3%E3%81%94%E3%83%83%E3%83%97" n1="%E3%81%8F%E3%82%8D%E3%81%8A%E3%81%AB" n2="%E3%82%BB%E3%82%B3%E3%83%AD%E3%83%93%E3%83%83%E3%83%81" n3="%E2%93%9D%4C%75%63%6B%79%4A" dan="13,13,15,18" rate="1905.27,1855.90,1981.66,2201.58" sx="M,M,M,M"/><TAIKYOKU oya="0"/><INIT seed="0,0,0,1,2,37" ten="250,250,250,250" oya="0" hai0="93,130,126,25,28,92,135,38,89,45,58,59,15" hai1="47,63,68,26,101,74,46,24,116,19,114,110,3" hai2="122,124,9,5,134,32,129,6,33,127,103,97,87" hai3="54,96,60,55,106,34,64,44,117,133,108,81,56"/><T111/><D126/><N who="2" m="48170" /><F122/><W0/><G0/><T78/><D111/><U12/><E110/><V109/><F109/><W105/><G108/><T48/><D38/><U16/><E3/><N who="2" m="191" /><F6/><W36/><G34/><T62/><D130/><U7/><E116/><V86/><F129/><W35/><G35/><N who="2" m="13385" /><F134/><W128/><G117/><T72/><D135/><U1/><E74/><V41/><F41/><W76/><G133/><T20/><D93/><AGARI ba="0,0" hai="86,87,93,97,103" m="13385,191,48170" machi="93" ten="30,1000,0" yaku="18,1" doraHai="37" who="2" fromWho="0" sc="250,-10,250,0,250,10,250,0" /><INIT seed="1,0,0,4,1,63" ten="240,250,260,250" oya="1" hai0="91,33,60,93,36,135,94,25,123,110,132,38,47" hai1="30,86,100,108,79,120,118,129,59,81,28,54,13" hai2="14,32,101,115,43,4,88,0,2,122,131,72,119" hai3="121,11,6,69,40,34,67,42,109,125,65,21,62"/><U95/><E120/><V9/><F122/><W22/><G34/><T7/><D110/><U75/><E118/><V46/><F119/><W134/><G121/><T117/><D123/><U66/><E108/><V55/><F131/><W83/><G109/><T15/><D94/><U26/><E129/><V97/><F32/><W49/><G125/><T77/><D77/><U104/><E13/><V53/><F72/><W41/><G134/><N who="0" m="51243" /><D47/><U128/><E128/><V5/><F115/><W56/><G83/><T98/><D117/><U45/><E45/><V130/><F130/><W29/><G29/><N who="0" m="19631" /><D60/><U105/><E30/><V124/><F124/><W37/><G37/><T106/><D106/><U114/><E114/><V103/><F46/><W90/><G90/><T127/><D127/><U17/><E17/><V31/><F31/><W92/><G92/><T57/><D57/><U89/><E100/><V18/><F18/><W8/><G49/><T27/><D27/><U3/><E3/><V112/><F112/><W23/><G6/><T58/><D58/><U10/><E10/><AGARI ba="0,0" hai="7,10,15,36,38,91,93,98" m="19631,51243" machi="10" ten="30,1000,0" yaku="20,1" doraHai="63" who="0" fromWho="1" sc="240,10,250,-10,260,0,250,0" /><INIT seed="2,0,0,0,4,34" ten="250,240,260,250" oya="2" hai0="28,37,12,27,93,81,30,98,104,40,3,41,70" hai1="119,7,121,106,86,99,80,13,21,85,58,33,68" hai2="47,16,135,9,57,115,55,49,63,5,133,124,44" hai3="128,42,17,88,72,90,82,127,26,38,54,64,76"/><V6/><F115/><W8/><G64/><T36/><D12/><U117/><E121/><V4/><F124/><W61/><G127/><T123/><D81/><U20/><E33/><V107/><F107/><W25/><G128/><T112/><D104/><U105/><E58/><V39/><F39/><W65/><G54/><T53/><D93/><U24/><E13/><N who="2" m="7215" /><F63/><W79/><G79/><T10/><D27/><U83/><E24/><V101/><F101/><W15/><G42/><T110/><D98/><U108/><E99/><V35/><F35/><W59/><G38/><T75/><D53/><U51/><E51/><V130/><F130/><W120/><G120/><T71/><D10/><U94/><E94/><V46/><F135/><W118/><G118/><T100/><D123/><U69/><REACH who="1" step="1"/><E7/><REACH who="1" ten="250,230,260,250" step="2"/><V122/><F122/><W0/><G26/><T67/><D100/><U77/><E77/><V60/><F133/><W97/><G25/><T52/><D67/><U92/><E92/><V14/><F14/><W102/><REACH who="3" step="1"/><G0/><REACH who="3" ten="250,230,260,240" step="2"/><T1/><D112/><U43/><E43/><V45/><F45/><W131/><G131/><T84/><D52/><U95/><E95/><AGARI ba="0,2" hai="8,15,17,59,61,65,72,76,82,88,90,95,97,102" machi="95" ten="30,3900,0" yaku="1,1,7,1,54,1,53,0" doraHai="34" doraHaiUra="129" who="3" fromWho="1" sc="250,0,230,-39,260,0,240,59" /><INIT seed="3,0,0,1,4,1" ten="250,191,260,299" oya="3" hai0="57,118,82,27,109,18,135,13,9,25,71,20,55" hai1="70,85,74,108,12,32,66,134,103,46,104,112,42" hai2="122,36,73,100,125,7,132,26,41,79,94,29,113" hai3="89,31,130,22,10,53,90,102,2,49,99,106,38"/><W95/><G38/><T97/><D109/><U117/><E108/><V0/><F113/><W96/><G130/><T127/><D118/><U105/><E112/><V76/><F94/><W69/><G69/><T54/><D127/><U14/><E117/><V59/><F100/><W87/><G31/><T81/><D71/><U33/><E134/><V56/><F79/><W63/><G63/><T68/><D68/><U123/><E123/><V34/><F132/><W40/><G40/><T58/><D97/><U80/><E14/><V91/><F91/><W60/><G60/><T47/><D47/><U72/><E12/><V92/><F92/><W19/><G10/><T37/><D37/><N who="1" m="21839" /><E85/><V128/><F128/><W35/><G35/><N who="1" m="13386" /><E80/><N who="2" m="45071" /><F125/><W129/><G129/><T133/><D133/><U121/><E121/><V3/><F3/><W24/><G2/><T48/><D135/><U84/><E84/><V120/><F122/><W5/><G87/><T88/><D88/><U115/><E115/><V45/><F120/><W61/><G90/><T78/><D78/><U124/><E124/><V62/><F62/><W4/><REACH who="3" step="1"/><G61/><REACH who="3" ten="250,191,260,289" step="2"/><N who="0" m="36023" /><D27/><U21/><E21/><V116/><F116/><W77/><G77/><T51/><D48/><U44/><E103/><V16/><F0/><W126/><G126/><T107/><D107/><U67/><E105/><V50/><F50/><W30/><G30/><AGARI ba="0,1" hai="9,13,18,20,25,30,51,55,58,81,82" m="36023" machi="30" ten="30,1000,0" yaku="8,1" doraHai="1" who="0" fromWho="3" sc="250,20,191,0,260,0,289,-10" /><INIT seed="4,0,0,4,3,101" ten="270,191,260,279" oya="0" hai0="108,95,43,100,19,87,88,106,22,117,91,53,59" hai1="28,123,31,72,8,14,58,81,37,39,129,128,73" hai2="30,113,38,4,116,78,83,12,0,109,6,47,48" hai3="33,112,85,32,27,15,114,124,11,133,82,20,24"/><T16/><D117/><U104/><E58/><V62/><F109/><W10/><G85/><T92/><D108/><U40/><E81/><V9/><F116/><W103/><G103/><T34/><D34/><N who="3" m="13417" /><G82/><T96/><D43/><U55/><E40/><V42/><F113/><N who="3" m="43627" /><G124/><T121/><D121/><U130/><E123/><V2/><F30/><N who="1" m="11305" /><E55/><V26/><F26/><N who="3" m="9771" /><G133/><T13/><D19/><AGARI ba="0,0" hai="10,11,15,19,20" m="9771,43627,13417" machi="19" ten="40,5200,0" yaku="15,1,34,2" doraHai="101" who="3" fromWho="0" sc="270,-52,191,0,260,0,279,52" /><INIT seed="5,0,0,2,2,84" ten="218,191,260,331" oya="1" hai0="0,71,59,56,72,101,119,67,96,20,8,34,97" hai1="95,38,90,33,51,77,82,94,14,5,39,78,4" hai2="60,80,125,3,50,10,61,74,53,41,112,86,66" hai3="55,42,113,75,108,106,122,9,12,118,54,73,117"/><U40/><E33/><V7/><F125/><W110/><G42/><T128/><D96/><U92/><E39/><V107/><F107/><W47/><G106/><T30/><D20/><U65/><E38/><V104/><F104/><W37/><G113/><T25/><D119/><N who="3" m="45577" /><G122/><T31/><D31/><U63/><E5/><V27/><F74/><N who="3" m="28171" /><G47/><T134/><D72/><U99/><E82/><V24/><F41/><W21/><G21/><T79/><D79/><N who="1" m="30219" /><E65/><V83/><F112/><W89/><G37/><T132/><D56/><U13/><E63/><V124/><F124/><W62/><G62/><N who="0" m="40439" /><D59/><U17/><E4/><V58/><F61/><W48/><G48/><T52/><D128/><U29/><E29/><V100/><F100/><W64/><G64/><T44/><D44/><N who="1" m="25991" /><E14/><V116/><F116/><W11/><G12/><T114/><D114/><U15/><E15/><V35/><F35/><W22/><G22/><AGARI ba="0,0" hai="13,17,22,90,92,94,95,99" m="25991,30219" machi="22" ten="30,2900,0" yaku="8,1,52,1" doraHai="84" who="1" fromWho="3" sc="218,0,191,29,260,0,331,-29" /><INIT seed="5,1,0,3,4,5" ten="218,220,260,302" oya="1" hai0="73,37,48,43,21,33,28,71,99,62,93,72,89" hai1="11,122,119,96,131,83,103,75,68,94,34,106,38" hai2="135,54,107,67,63,111,50,3,59,61,134,132,79" hai3="105,12,69,47,110,20,45,78,22,114,53,116,108"/><U15/><E122/><V32/><F107/><W44/><G105/><T6/><D33/><U42/><E119/><V87/><F32/><W76/><G69/><T85/><D37/><U19/><E131/><V90/><F79/><N who="3" m="30251" /><G53/><T64/><D6/><U8/><E68/><V113/><F3/><W126/><G12/><T102/><D43/><U16/><E34/><V88/><F111/><N who="3" m="42539" /><G116/><T104/><REACH who="0" step="1"/><D48/><REACH who="0" ten="208,220,260,302" step="2"/><U117/><E117/><V92/><F113/><W55/><G114/><T36/><D36/><U125/><E38/><V82/><REACH who="2" step="1"/><F67/><REACH who="2" ten="208,220,250,302" step="2"/><W40/><G40/><T4/><D4/><U17/><E42/><V112/><F112/><W52/><G47/><T31/><D31/><U74/><E125/><V130/><F130/><W18/><G126/><T39/><D39/><U115/><E115/><V10/><F10/><W97/><G22/><T9/><D9/><U91/><E11/><V129/><F129/><W80/><G20/><T27/><AGARI ba="1,2" hai="21,27,28,62,64,71,72,73,85,89,93,99,102,104" machi="27" ten="30,4000,0" yaku="1,1,0,1,53,1" doraHai="5" doraHaiUra="26" who="0" fromWho="0" sc="208,63,220,-21,250,-11,302,-11" /><INIT seed="6,0,0,1,0,107" ten="271,199,239,291" oya="2" hai0="105,134,11,3,132,34,85,18,29,66,73,106,96" hai1="116,49,111,120,44,70,82,68,37,99,98,133,12" hai2="23,32,2,40,8,119,77,131,65,4,6,27,1" hai3="9,71,127,54,20,124,46,115,47,118,43,81,30"/><V7/><F65/><W129/><G30/><T14/><D66/><U79/><E111/><V122/><F40/><W10/><G118/><T80/><D96/><U97/><E116/><V117/><F77/><W86/><G20/><T76/><D3/><N who="2" m="1034" /><F122/><W84/><G129/><T83/><D29/><U64/><E133/><N who="0" m="51305" /><D34/><U67/><E99/><V17/><F131/><W102/><G102/><T15/><D15/><U108/><E108/><V16/><F32/><W90/><G71/><T78/><AGARI ba="0,0" hai="11,14,18,73,76,78,80,83,85,105,106" m="51305" machi="78" ten="30,2000,0" yaku="20,1,52,1" doraHai="107" who="0" fromWho="0" sc="271,20,199,-5,239,-10,291,-5" /><INIT seed="7,0,0,3,3,71" ten="291,194,229,286" oya="3" hai0="50,41,106,135,30,2,86,83,77,72,35,73,126" hai1="28,105,62,17,0,91,7,87,110,128,24,101,33" hai2="11,46,98,124,102,84,32,120,103,38,37,65,34" hai3="64,39,40,13,56,5,55,118,3,112,27,69,75"/><W82/><G13/><T16/><D106/><U68/><E128/><V122/><F65/><W58/><G27/><T20/><D2/><U132/><E132/><V21/><F124/><W19/><G19/><T61/><D135/><U80/><E110/><V66/><F66/><W12/><G12/><T114/><D61/><U115/><E115/><V90/><F11/><N who="3" m="2495" /><G55/><T43/><D126/><U131/><E131/><V60/><F60/><N who="3" m="40071" /><G118/><T125/><D125/><U45/><E62/><V88/><F21/><W49/><G49/><T116/><D116/><U25/><E68/><V134/><F134/><W121/><G121/><T99/><D50/><U52/><E101/><V6/><F6/><W67/><G67/><T96/><D30/><U23/><E105/><V127/><F127/><W130/><G112/><T111/><D114/><U57/><E45/><V10/><F10/><W51/><G51/><T79/><D86/><U97/><E97/><V100/><F100/><W113/><G113/><T54/><D16/><U42/><E42/><V117/><F117/><W85/><G85/><T104/><D96/><U133/><E133/><V107/><F84/><W109/><G109/><T119/><D119/><U14/><E25/><V9/><F9/><W18/><G130/><T76/><D20/><U78/><E91/><V31/><F98/><W129/><G129/><T94/><D111/><U63/><E7/><V4/><F4/><W48/><G18/><T108/><D108/><U8/><E33/><V36/><F46/><N who="3" m="23839" /><G48/><T53/><D54/><U95/><E0/><V1/><F1/><W22/><G22/><RYUUKYOKU ba="0,0" sc="291,-15,194,15,229,-15,286,15" hai1="8,14,17,23,24,28,52,57,63,78,80,87,95" hai3="56,58,75,82" owari="276,7.6,209,-29.1,214,-18.6,301,40.1" /></mjloggm>