<mjloggm ver="2.3"><GO type="41" lobby="0"/><UN n0="%E3%81%B2%E3%82%8D%E3%82%8D%E3%82%93%E3%82%8D" n1="%42%73%44" n2="%E2%93%9D%4C%75%63%6B%79%4A" n3="%E3%83%AF%E3%82%A4%E3%83%AB%E3%83%89%E3%83%93%E3%83%AB%47%43" dan="14,14,17,14" rate="1947.54,1977.98,2170.78,1908.03" sx="M,F,M,M"/><TAIKYOKU oya="0"/><INIT seed="0,0,0,4,2,15" ten="250,250,250,250" oya="0" hai0="135,90,13,112,126,35,7,19,71,11,120,108,24" hai1="97,116,47,102,98,18,121,50,52,22,36,101,2" hai2="10,106,67,54,119,114,130,28,6,3,85,105,0" hai3="27,69,79,113,95,78,55,49,31,60,72,81,115"/><T110/><D71/><U117/><E121/><V16/><F114/><W25/><G25/><T82/><D112/><U57/><E2/><V61/><F28/><W100/><G79/><T64/><D120/><U39/><E39/><V17/><F54/><W68/><G68/><T111/><D64/><U66/><E66/><V128/><F85/><W26/><G26/><T122/><D122/><U88/><E36/><V4/><F119/><W77/><G77/><T12/><D135/><U58/><E117/><V103/><F103/><N who="1" m="39433" /><E116/><V9/><REACH who="2" step="1"/><F67/><REACH who="2" ten="250,250,240,250" step="2"/><W59/><G115/><T29/><D126/><U74/><E74/><V48/><F48/><W21/><G113/><T118/><D118/><U1/><E1/><V123/><F123/><W44/><G100/><T73/><D73/><U83/><E83/><V38/><F38/><W84/><G72/><T45/><D45/><U107/><E107/><V63/><AGARI ba="0,1" hai="0,3,4,6,9,10,16,17,61,63,105,106,128,130" machi="63" ten="25,12000,2" yaku="1,1,0,1,22,2,52,2,54,1,53,0" doraHai="15" doraHaiUra="129" who="2" fromWho="2" sc="250,-60,250,-30,240,130,250,-30" /><INIT seed="1,0,0,5,5,55" ten="190,220,370,220" oya="1" hai0="43,96,78,18,131,126,57,63,59,45,117,82,37" hai1="11,90,65,122,41,51,30,86,124,61,73,7,26" hai2="129,99,67,70,100,121,54,87,24,49,113,4,102" hai3="118,12,88,29,106,66,34,92,13,123,22,3,80"/><U5/><E122/><V58/><F121/><W79/><G3/><T50/><D117/><U108/><E73/><V103/><F129/><W33/><G123/><T47/><D126/><U89/><E108/><V84/><F70/><W40/><G40/><T68/><D131/><U101/><E124/><V107/><F113/><W115/><G115/><T130/><D130/><U71/><E101/><V114/><F114/><W31/><G106/><T98/><D18/><U72/><E72/><V52/><F67/><W94/><G66/><T20/><D20/><U111/><E111/><V127/><F127/><W119/><G79/><T95/><D68/><U44/><E86/><V27/><F4/><W116/><G80/><T76/><D98/><U2/><REACH who="1" step="1"/><E7/><REACH who="1" ten="190,210,370,220" step="2"/><V104/><F99/><W91/><G119/><T77/><D82/><U0/><E0/><V85/><F107/><W38/><G38/><T81/><D81/><U19/><E19/><V97/><F104/><W32/><G32/><AGARI ba="0,1" hai="2,5,11,26,30,32,41,44,51,61,65,71,89,90" machi="32" ten="30,5800,0" yaku="1,1,7,1,53,1" doraHai="55" doraHaiUra="56" who="1" fromWho="3" sc="190,0,210,68,370,0,220,-58" /><INIT seed="1,1,0,5,1,104" ten="190,278,370,162" oya="1" hai0="101,131,98,24,84,12,112,92,115,66,29,2,31" hai1="27,52,46,132,38,108,116,5,42,56,78,71,15" hai2="114,94,123,59,36,34,119,17,55,65,129,10,20" hai3="49,33,99,117,45,18,113,0,122,35,102,4,82"/><U127/><E116/><V79/><F119/><W77/><G122/><T87/><D2/><U128/><E128/><V72/><F34/><W125/><G113/><T37/><D37/><U103/><E132/><V91/><F36/><W64/><G64/><T74/><D74/><U80/><E127/><V130/><F10/><W41/><G125/><T96/><D131/><N who="2" m="50186" /><F65/><W54/><G54/><T8/><D112/><U68/><E103/><V1/><F1/><W133/><G18/><T40/><D40/><U106/><E106/><V25/><F123/><W28/><G28/><T32/><D31/><U109/><E27/><V86/><F114/><W23/><G23/><T39/><D39/><U89/><E89/><V107/><F107/><W30/><G30/><T134/><D134/><U124/><E15/><V61/><F79/><W53/><G53/><T7/><D115/><U9/><E9/><V70/><F70/><W88/><G102/><T120/><D120/><U73/><E5/><V75/><AGARI ba="1,0" hai="17,20,25,55,59,61,72,75,86,91,94" m="50186" machi="75" ten="30,4000,0" yaku="19,1,52,2" doraHai="104" who="2" fromWho="2" sc="190,-11,278,-21,370,43,162,-11" /><INIT seed="2,0,0,1,5,91" ten="179,257,413,151" oya="2" hai0="27,26,42,68,28,79,122,37,49,8,39,117,105" hai1="98,77,70,17,59,10,133,29,128,9,114,1,80" hai2="129,109,45,36,32,82,11,2,62,5,20,54,111" hai3="127,94,23,118,16,40,43,106,19,125,93,73,99"/><V92/><F32/><W113/><G73/><T72/><D105/><U69/><E114/><V116/><F116/><W44/><G118/><T60/><D26/><U31/><E133/><V134/><F134/><W4/><G4/><T12/><D79/><U84/><E128/><V85/><F129/><W64/><G64/><T33/><D72/><U25/><E31/><V55/><F20/><W89/><G106/><T35/><D35/><U0/><E59/><V132/><F62/><W15/><G113/><T41/><D41/><U81/><E98/><V101/><F36/><W46/><G89/><T78/><D78/><U51/><E51/><V65/><F65/><W74/><G74/><T120/><D120/><U71/><E80/><V90/><F132/><W34/><G99/><T110/><D110/><N who="2" m="41994" /><F45/><W83/><G83/><T102/><D122/><U52/><E10/><V124/><F124/><N who="3" m="47691" /><G19/><T126/><D126/><U24/><E17/><V30/><F30/><W63/><G63/><T108/><D108/><U50/><E29/><V107/><F107/><W47/><G34/><T112/><D112/><U57/><REACH who="1" step="1"/><E9/><REACH who="1" ten="179,247,413,151" step="2"/><V100/><F82/><W56/><G56/><T95/><D8/><U18/><E18/><V38/><F38/><N who="3" m="21527" /><G47/><N who="0" m="25847" /><D117/><U121/><E121/><V119/><F119/><W61/><G61/><T6/><D60/><U104/><E104/><V103/><AGARI ba="0,1" hai="2,5,11,54,55,85,90,92,100,101,103" m="41994" machi="103" ten="30,6000,0" yaku="14,1,10,1,52,1" doraHai="91" who="2" fromWho="2" sc="179,-20,247,-20,413,70,151,-20" /><INIT seed="2,1,0,2,1,13" ten="159,227,483,131" oya="2" hai0="112,94,100,76,10,56,111,107,67,53,115,74,0" hai1="121,20,11,36,27,117,80,46,108,9,119,38,133" hai2="118,129,6,114,120,5,58,88,106,135,60,50,21" hai3="18,2,86,12,75,125,24,84,7,104,132,41,89"/><V42/><F120/><W59/><G104/><T63/><D107/><U30/><E108/><V126/><F114/><W70/><G70/><T72/><D72/><U73/><E121/><V31/><F118/><W71/><G71/><T1/><D1/><U3/><E133/><V113/><F106/><W128/><G75/><T39/><D39/><U103/><E103/><V34/><F34/><W102/><G102/><T49/><D76/><U66/><E66/><V26/><F126/><W124/><G41/><T79/><D0/><U110/><E110/><V43/><F129/><W19/><G59/><T4/><D79/><N who="1" m="44143" /><E11/><V29/><F31/><W64/><G64/><T81/><D81/><U101/><E101/><V131/><F131/><W78/><G78/><T83/><D83/><U44/><E44/><N who="2" m="25887" /><F113/><W97/><G132/><T105/><D105/><U90/><E90/><V35/><F35/><W62/><G2/><T47/><D74/><U54/><E54/><N who="2" m="33879" /><F42/><W127/><G128/><T61/><D111/><U91/><E91/><V28/><F29/><W93/><G62/><T82/><D61/><U40/><E38/><V8/><F8/><N who="3" m="4127" /><G24/><T109/><D109/><U85/><E85/><AGARI ba="1,0" hai="18,19,84,85,86,89,93,97,124,125,127" m="4127" machi="85" ten="30,3900,0" yaku="18,1,52,2" doraHai="13" who="3" fromWho="1" sc="159,0,227,-42,483,0,131,42" /><INIT seed="3,0,0,5,2,134" ten="159,185,483,173" oya="3" hai0="124,79,126,63,81,13,22,107,90,32,108,15,24" hai1="128,129,71,47,87,60,105,92,56,131,130,28,106" hai2="26,101,121,104,98,77,6,69,36,55,23,41,46" hai3="119,52,99,122,110,80,125,86,31,1,103,58,21"/><W18/><G1/><T29/><D107/><U73/><E73/><V34/><F121/><W135/><G122/><T17/><D108/><U45/><E71/><V3/><F55/><W44/><G119/><T96/><D63/><U2/><E2/><V83/><F23/><W94/><G44/><N who="1" m="16970" /><E28/><V132/><F132/><W61/><G135/><T102/><D90/><N who="1" m="53343" /><E131/><V49/><F49/><W127/><G31/><T19/><D19/><U67/><AGARI ba="0,0" hai="56,60,67,105,106,128,129,130" m="53343,16970" machi="67" ten="40,1500,0" yaku="19,1" doraHai="134" who="1" fromWho="1" sc="159,-4,185,15,483,-4,173,-7" /><INIT seed="4,0,0,2,0,71" ten="155,200,479,166" oya="0" hai0="87,123,128,85,65,13,22,135,39,0,68,3,44" hai1="52,105,40,77,133,113,102,92,16,8,41,94,126" hai2="60,63,97,127,64,61,109,89,118,21,50,91,100" hai3="134,45,130,101,27,47,132,75,25,66,31,116,55"/><T62/><D123/><U43/><E105/><V51/><F109/><W10/><G75/><T73/><D73/><U15/><E133/><V80/><F64/><W81/><G116/><T99/><D135/><N who="3" m="51753" /><G81/><T129/><D99/><U20/><E126/><V35/><F35/><W58/><G101/><T90/><D22/><U115/><E77/><V5/><F5/><W83/><G83/><T84/><D90/><U9/><E102/><V49/><F127/><W26/><G66/><T12/><D12/><U88/><E52/><V131/><F131/><N who="0" m="50250" /><D13/><U117/><E117/><V67/><F67/><W121/><G121/><T37/><D44/><N who="3" m="16969" /><G10/><T38/><AGARI ba="0,0" hai="0,3,37,38,39,62,65,68,84,85,87" m="50250" machi="38" ten="40,12000,1" yaku="19,1,52,3" doraHai="71" who="0" fromWho="0" sc="155,120,200,-40,479,-40,166,-40" /><INIT seed="4,1,0,1,3,130" ten="275,160,439,126" oya="0" hai0="89,71,4,67,14,11,36,100,48,99,117,60,131" hai1="59,96,90,114,40,64,41,22,69,20,1,7,83" hai2="118,122,135,113,72,58,28,63,23,56,127,66,27" hai3="2,112,94,39,116,34,119,15,73,103,10,16,43"/><T38/><D117/><U82/><E69/><V45/><F122/><W33/><G73/><T65/><D131/><U68/><E68/><V81/><F118/><N who="3" m="45099" /><G43/><T80/><D67/><U133/><E133/><V98/><F127/><W121/><G39/><T86/><REACH who="0" step="1"/><D48/><REACH who="0" ten="265,160,439,126" step="2"/><U128/><E128/><V110/><F66/><W132/><G121/><T85/><D85/><U105/><E64/><V42/><F72/><W50/><G50/><T76/><D76/><U29/><E114/><V24/><F113/><W30/><G112/><T107/><AGARI ba="1,1" hai="4,11,14,36,38,60,65,71,80,86,89,99,100,107" machi="107" ten="20,7800,0" yaku="1,1,0,1,7,1,53,1" doraHai="130" doraHaiUra="57" who="0" fromWho="0" sc="265,91,160,-27,439,-27,126,-27" /><INIT seed="4,2,0,3,5,85" ten="356,133,412,99" oya="0" hai0="2,74,103,105,125,27,100,5,62,59,66,30,44" hai1="54,71,13,40,96,121,132,72,43,11,92,91,119" hai2="36,79,47,86,117,113,25,98,93,106,31,69,122" hai3="29,15,108,70,56,67,26,110,48,95,64,14,133"/><T22/><D74/><U127/><E119/><V134/><F69/><W77/><G70/><T83/><D125/><U76/><E121/><V53/><F122/><W94/><G77/><T80/><D44/><U75/><E71/><V109/><F106/><W73/><G73/><T51/><D51/><U39/><E127/><V123/><F134/><W58/><G133/><T34/><D2/><U120/><E120/><V10/><F113/><W0/><G0/><T112/><D5/><U46/><E40/><V37/><F10/><W116/><G48/><T87/><D112/><U20/><E132/><V6/><F6/><W52/><G26/><T131/><D131/><U28/><E76/><V21/><F109/><W90/><G29/><T45/><D45/><U89/><E54/><V107/><F53/><W16/><G52/><T55/><D105/><U102/><E89/><N who="2" m="53431" /><F47/><W9/><G116/><T88/><D34/><U32/><E32/><V1/><F1/><W68/><G68/><T97/><D97/><U3/><E3/><V81/><F123/><W38/><G38/><T49/><D83/><U42/><E42/><V17/><F117/><W118/><G118/><T99/><D99/><U24/><REACH who="1" step="1"/><E102/><REACH who="1" ten="356,123,412,99" step="2"/><N who="0" m="38953" /><D66/><U129/><E129/><V41/><F41/><W101/><G101/><T23/><D62/><U8/><E8/><V65/><F107/><W78/><G78/><T63/><D63/><U19/><AGARI ba="2,1" hai="11,13,19,20,24,28,39,43,46,72,75,91,92,96" machi="19" ten="20,5200,0" yaku="1,1,0,1,7,1,52,1,53,0" doraHai="85" doraHaiUra="126" who="1" fromWho="1" sc="356,-28,123,68,412,-15,99,-15" /><INIT seed="5,0,0,4,2,88" ten="328,191,397,84" oya="1" hai0="6,79,30,89,36,54,18,2,43,56,74,26,45" hai1="64,46,127,84,21,115,112,119,55,93,62,106,51" hai2="129,42,123,90,47,118,80,5,101,133,0,86,110" hai3="102,58,111,40,130,135,12,23,66,31,103,77,35"/><U38/><E119/><V120/><F118/><W109/><G77/><T7/><D18/><U126/><E106/><V63/><F110/><W11/><G40/><T48/><D2/><U14/><E38/><V17/><F129/><W113/><G130/><T68/><D79/><U117/><E117/><V134/><F63/><W128/><G128/><T81/><D68/><U22/><E14/><V97/><F17/><W94/><G135/><N who="2" m="51721" /><F5/><W105/><G113/><N who="1" m="43594" /><E84/><V70/><F70/><W67/><G105/><T20/><D74/><U98/><E127/><V33/><F33/><W59/><G35/><T100/><D100/><N who="1" m="60495" /><E126/><V10/><F10/><W99/><G11/><T34/><D81/><U92/><E92/><N who="2" m="58535" /><F0/><W61/><G111/><T19/><REACH who="0" step="1"/><D89/><REACH who="0" ten="318,191,397,84" step="2"/><U9/><E9/><V53/><F80/><W15/><G109/><T37/><D37/><U114/><N who="1" m="43602" /><U124/><DORA hai="122" /><E124/><V95/><F123/><W60/><REACH who="3" step="1"/><G103/><REACH who="3" ten="318,191,397,74" step="2"/><T121/><D121/><U1/><E1/><V24/><F120/><W8/><G8/><T75/><D75/><U4/><E4/><V96/><F90/><W104/><G104/><T39/><D39/><U50/><E50/><V72/><F72/><W57/><G57/><AGARI ba="0,2" hai="21,22,46,51,55,57,62,64" m="60495,43602" machi="57" ten="40,3900,0" yaku="15,1,52,1" doraHai="88,122" who="1" fromWho="3" sc="318,0,191,59,397,0,74,-39" /><INIT seed="5,1,0,5,5,20" ten="318,250,397,35" oya="1" hai0="28,10,113,79,90,118,111,62,93,102,71,99,50" hai1="26,95,52,104,129,7,41,120,15,106,97,75,92" hai2="51,11,48,82,34,74,65,8,110,98,131,42,89" hai3="18,125,57,19,73,101,123,46,112,6,121,53,3"/><U31/><E120/><V13/><F34/><W126/><G73/><T124/><D111/><U134/><E75/><V24/><F65/><W1/><G101/><T78/><D118/><U47/><E134/><V100/><F11/><W23/><G46/><T72/><D124/><N who="3" m="47721" /><G57/><T45/><D113/><U135/><E135/><V61/><F61/><W33/><G53/><T17/><D72/><U25/><E25/><V40/><F24/><N who="3" m="14455" /><G112/><T9/><D28/><U108/><E108/><V87/><F74/><W107/><G107/><T88/><D9/><U43/><E43/><V103/><F42/><W109/><G109/><T4/><D17/><U54/><E106/><V114/><F40/><W116/><G116/><T21/><D21/><U115/><E104/><V56/><F114/><W132/><G132/><T29/><D29/><U27/><E115/><V122/><F103/><W69/><G69/><T127/><D62/><U2/><E47/><V39/><F100/><W37/><G37/><T35/><D71/><U0/><E54/><V49/><F39/><W59/><G59/><T96/><D90/><U12/><E52/><V128/><F89/><W117/><G117/><T84/><D99/><U77/><E97/><V86/><F98/><W133/><G133/><T91/><D96/><U64/><E41/><V5/><F110/><W94/><G94/><T68/><D93/><U67/><E95/><V80/><F56/><W38/><G38/><T32/><D45/><U119/><E92/><V130/><F122/><N who="3" m="46603" /><G33/><T30/><D35/><U66/><E119/><V44/><F44/><W105/><G105/><RYUUKYOKU ba="1,0" sc="318,-10,250,-10,397,30,35,-10" hai2="5,8,13,48,49,51,80,82,86,87,128,130,131" /><INIT seed="6,2,0,0,1,100" ten="308,240,427,25" oya="2" hai0="8,117,53,43,135,106,99,55,23,105,73,42,6" hai1="86,35,41,9,120,132,44,124,109,26,96,52,133" hai2="40,71,51,123,110,2,77,54,82,21,107,131,10" hai3="88,20,70,19,83,16,30,47,3,122,13,80,75"/><V34/><F34/><W116/><G70/><T17/><D73/><U28/><E109/><V134/><F123/><W93/><G122/><T12/><D99/><U36/><E120/><V84/><F71/><W33/><G116/><T127/><D117/><U78/><E124/><V64/><F64/><W79/><G3/><T57/><D55/><U27/><E9/><V56/><F131/><W92/><G33/><T4/><D4/><U29/><E96/><V0/><F134/><W25/><G47/><T125/><D135/><U63/><E86/><V113/><F113/><W128/><G128/><T101/><D101/><U14/><E14/><V130/><F110/><W108/><G108/><T62/><D42/><U97/><E97/><V7/><F130/><W69/><G69/><T121/><D43/><U89/><E89/><V112/><F112/><W18/><G13/><T126/><REACH who="0" step="1"/><D121/><REACH who="0" ten="298,240,427,25" step="2"/><U48/><E63/><V46/><F40/><W32/><REACH who="3" step="1"/><G32/><REACH who="3" ten="298,240,427,15" step="2"/><T76/><D76/><U50/><E78/><V114/><F77/><W39/><G39/><T98/><D98/><U58/><REACH who="1" step="1"/><E36/><REACH who="1" ten="298,230,427,15" step="2"/><V61/><F114/><W22/><G22/><AGARI ba="2,3" hai="22,26,27,28,29,35,41,44,48,50,52,58,132,133" machi="22" ten="40,5200,0" yaku="1,1,2,1,54,1,53,0" doraHai="100" doraHaiUra="111" who="1" fromWho="3" sc="298,0,230,88,427,0,15,-58" owari="298,-10.2,318,11.8,427,52.7,-43,-54.3" /></mjloggm>