<mjloggm ver="2.3"><GO type="41" lobby="0"/><UN n0="%68%61%6E%64%79%31%30%30" n1="%E6%9E%97%E5%8D%81%E4%B9%8B" n2="%E6%97%A9%E8%A6%8B%E6%98%8E%E8%8F%9C" n3="%E2%93%9D%4C%75%63%6B%79%4A" dan="14,13,13,17" rate="1890.67,1848.73,2028.72,2148.56" sx="M,M,M,M"/><TAIKYOKU oya="0"/><INIT seed="0,0,0,2,4,56" ten="250,250,250,250" oya="0" hai0="110,117,85,80,9,11,19,32,6,68,83,86,63" hai1="2,127,92,84,58,7,62,81,40,105,115,94,5" hai2="38,15,91,126,13,128,116,1,71,43,25,21,134" hai3="104,44,124,30,112,118,57,106,42,8,102,35,4"/><T74/><D74/><U107/><E40/><V129/><F71/><W22/><G112/><T18/><D32/><U113/><E2/><V108/><F91/><W45/><G118/><T130/><D117/><U55/><E127/><V16/><F116/><W93/><G45/><T78/><D130/><N who="2" m="50282" /><F43/><W72/><G22/><T46/><D46/><U26/><E26/><V37/><F126/><W50/><G72/><T95/><D95/><U90/><E107/><V132/><F108/><W89/><G102/><T39/><D39/><N who="2" m="14858" /><F1/><W47/><G47/><T65/><D110/><U53/><E105/><V120/><F120/><W77/><G77/><T0/><REACH who="0" step="1"/><D11/><REACH who="0" ten="240,250,250,250" step="2"/><U67/><E115/><V75/><F75/><W27/><G124/><T59/><D59/><U79/><E113/><V52/><F132/><W101/><G57/><T54/><D54/><N who="1" m="20491" /><E94/><V125/><F134/><W41/><G42/><T87/><D87/><AGARI ba="0,1" hai="5,7,58,62,67,79,81,84,87,90,92" m="20491" machi="87" ten="30,2000,0" yaku="8,1,52,1" doraHai="56" who="1" fromWho="0" sc="240,-20,250,30,250,0,250,0" /><INIT seed="1,0,0,1,2,20" ten="220,280,250,250" oya="1" hai0="115,131,124,117,19,63,128,129,67,82,112,75,18" hai1="36,45,60,105,7,119,58,32,71,69,120,17,132" hai2="126,134,16,81,15,57,39,28,98,130,35,0,53" hai3="64,83,91,111,80,113,78,106,12,92,89,34,25"/><U73/><E120/><V29/><F39/><W22/><G113/><T23/><D82/><U38/><E119/><V2/><F126/><W31/><G106/><T96/><D75/><U88/><E132/><V30/><F134/><W40/><G111/><T93/><D124/><U86/><E105/><V94/><F130/><W56/><G40/><T70/><D19/><U33/><E73/><V10/><F81/><W116/><G116/><T1/><D1/><U84/><E7/><V5/><F35/><W108/><G108/><T9/><D9/><U99/><E45/><V90/><REACH who="2" step="1"/><F5/><REACH who="2" ten="220,280,240,250" step="2"/><W125/><G83/><T107/><D117/><U41/><E38/><V37/><F37/><W48/><G34/><T85/><D107/><U79/><E36/><V114/><F114/><W8/><G125/><T43/><D43/><U47/><E33/><V110/><F110/><W74/><G74/><T3/><D3/><U109/><E32/><V97/><F97/><W100/><G80/><T27/><REACH who="0" step="1"/><D85/><REACH who="0" ten="210,280,240,250" step="2"/><U50/><E109/><V101/><F101/><AGARI ba="0,2" hai="18,23,27,63,67,70,93,96,101,112,115,128,129,131" machi="101" ten="40,8000,1" yaku="1,1,2,1,19,1,52,1,53,0" doraHai="20" doraHaiUra="52" who="0" fromWho="2" sc="210,100,280,0,240,-80,250,0" /><INIT seed="2,0,0,0,3,69" ten="310,280,160,250" oya="2" hai0="26,78,77,25,113,75,117,17,128,134,46,10,73" hai1="64,61,120,31,124,87,7,43,67,129,112,74,50" hai2="5,37,3,23,9,55,122,63,119,19,99,72,92" hai3="47,32,127,8,101,90,38,29,39,102,80,60,70"/><V13/><F119/><W121/><G121/><T114/><D117/><U93/><E74/><V2/><F122/><W59/><G70/><T108/><D108/><U62/><E120/><V54/><F72/><W115/><G32/><T14/><D134/><U40/><E112/><V130/><F130/><W66/><G29/><T57/><D128/><U20/><E129/><V79/><F79/><W135/><G115/><T81/><D57/><U65/><E124/><V109/><F109/><W35/><G35/><T28/><D26/><N who="1" m="16839" /><E7/><V96/><F2/><W83/><G8/><T30/><D30/><U100/><E50/><V11/><F37/><W89/><G47/><T51/><D77/><U118/><E118/><V82/><F82/><W97/><G135/><T15/><D15/><U76/><E76/><V21/><F96/><W18/><G18/><T131/><D75/><U34/><E34/><V58/><REACH who="2" step="1"/><F54/><REACH who="2" ten="310,280,150,250" step="2"/><W1/><G1/><T88/><D131/><U44/><E40/><V52/><F52/><W49/><G97/><T71/><D78/><U24/><E43/><V107/><F107/><W133/><G133/><T106/><D73/><U22/><E67/><V126/><F126/><W36/><G127/><T132/><D106/><U84/><E65/><V85/><F85/><W42/><G83/><T16/><D132/><U27/><E64/><V0/><F0/><W56/><G80/><T111/><D111/><U95/><E87/><V103/><AGARI ba="0,1" hai="3,5,9,11,13,19,21,23,55,58,63,92,99,103" machi="103" ten="20,12000,1" yaku="1,1,0,1,7,1,53,2" doraHai="69" doraHaiUra="6" who="2" fromWho="2" sc="310,-40,280,-40,150,130,250,-40" /><INIT seed="2,1,0,0,3,134" ten="270,240,280,210" oya="2" hai0="77,45,67,33,0,84,41,16,115,112,97,128,56" hai1="86,126,113,62,53,49,22,65,80,4,7,50,91" hai2="63,47,103,28,121,10,36,75,83,26,35,29,125" hai3="6,85,88,60,57,135,71,52,12,58,68,46,106"/><V11/><F121/><W96/><G135/><T64/><D128/><U111/><E111/><V99/><F28/><W76/><G76/><T78/><D33/><U82/><E113/><V109/><F109/><W37/><G106/><T119/><D0/><U23/><E126/><V54/><F125/><W132/><G96/><T70/><D70/><U98/><E98/><V101/><F101/><W30/><G132/><T69/><D69/><U20/><E82/><V61/><F75/><W55/><G30/><T8/><D119/><U5/><REACH who="1" step="1"/><E53/><REACH who="1" ten="270,230,280,210" step="2"/><V104/><F83/><W105/><G55/><T123/><D97/><U87/><E87/><V66/><F54/><W21/><G85/><T39/><D115/><U2/><E2/><V131/><F131/><W25/><G52/><T117/><D112/><U9/><E9/><V27/><F10/><W51/><G71/><AGARI ba="1,1" hai="4,5,7,20,22,23,49,50,62,65,71,80,86,91" machi="71" ten="40,1300,0" yaku="1,1,53,0" doraHai="134" doraHaiUra="40" who="1" fromWho="3" sc="270,0,230,26,280,0,210,-16" /><INIT seed="3,0,0,3,3,28" ten="270,256,280,194" oya="3" hai0="1,5,30,22,115,133,44,52,51,35,12,129,74" hai1="96,93,48,122,17,20,121,66,58,100,123,95,2" hai2="84,127,90,86,126,7,65,63,112,106,94,24,15" hai3="89,79,18,27,125,85,56,103,78,41,114,61,131"/><W87/><G114/><T98/><D74/><U3/><E95/><V49/><F112/><W16/><G125/><N who="2" m="47625" /><F106/><W0/><G0/><T25/><D133/><U128/><E128/><V124/><N who="2" m="47633" /><V120/><DORA hai="108" /><F120/><W11/><G41/><T64/><D64/><U82/><E82/><V105/><F105/><W102/><G131/><T29/><D129/><U68/><E68/><V14/><F7/><W135/><G135/><T4/><D98/><U50/><E3/><V91/><F49/><W47/><G47/><T36/><D30/><U70/><E70/><N who="2" m="42303" /><F24/><W62/><G27/><T132/><D132/><U53/><E2/><V37/><F37/><W75/><G75/><T76/><D76/><U71/><E71/><V67/><F67/><W10/><REACH who="3" step="1"/><G89/><REACH who="3" ten="270,256,280,184" step="2"/><T33/><D36/><U110/><E110/><V31/><F31/><W45/><G45/><T88/><D115/><U97/><E66/><V13/><F13/><W99/><G99/><T69/><D69/><U130/><E130/><V116/><F116/><W46/><G46/><T107/><D88/><U19/><E97/><V21/><F14/><W73/><G73/><T101/><D101/><U72/><E72/><V54/><F90/><W55/><G55/><T111/><D107/><U104/><E104/><V118/><F54/><W38/><G38/><T92/><D111/><U34/><E123/><V43/><F43/><W60/><G60/><T57/><D44/><U77/><E122/><V26/><F118/><W8/><G8/><N who="0" m="4111" /><D1/><U6/><E121/><V81/><F15/><W42/><G42/><T117/><D117/><RYUUKYOKU ba="0,1" sc="270,-10,256,-10,280,-10,184,30" hai3="10,11,16,18,56,61,62,78,79,85,87,102,103" /><INIT seed="3,1,1,3,3,34" ten="260,246,270,214" oya="3" hai0="66,88,135,30,82,42,26,44,55,102,6,46,61" hai1="20,128,43,37,9,27,113,47,68,92,115,69,15" hai2="123,84,129,51,28,97,63,78,87,12,110,91,1" hai3="131,8,59,112,96,67,125,39,132,25,127,56,31"/><W32/><G112/><T117/><D135/><U105/><E105/><V41/><F110/><W0/><G39/><T122/><D117/><U106/><E106/><V74/><F129/><W93/><G132/><T13/><D122/><U45/><E128/><V5/><F123/><W40/><G40/><T89/><D102/><U24/><E92/><V64/><F28/><W111/><G67/><T114/><D114/><U70/><E45/><V17/><F74/><W53/><G131/><T10/><D55/><U118/><E118/><V35/><F35/><W2/><G8/><T100/><D100/><U14/><E14/><V49/><F97/><W18/><G18/><T119/><D46/><U124/><E124/><N who="3" m="47690" /><G111/><T94/><D94/><U85/><E85/><V86/><F78/><W108/><G108/><T22/><D119/><U99/><E99/><V109/><F109/><W98/><G98/><T116/><D116/><U120/><E120/><V81/><F41/><W90/><G59/><T75/><D61/><AGARI ba="1,1" hai="0,2,25,31,32,53,56,61,90,93,96" m="47690" machi="61" ten="30,5800,0" yaku="18,1,52,2" doraHai="34" who="3" fromWho="0" sc="260,-61,246,0,270,0,214,71" /><INIT seed="3,2,0,1,2,15" ten="199,246,270,285" oya="3" hai0="38,35,60,46,30,113,50,105,125,16,65,47,68" hai1="54,3,87,61,37,101,45,62,84,106,28,108,72" hai2="83,22,92,131,78,127,67,52,9,117,73,85,4" hai3="36,86,97,118,96,17,13,126,29,20,40,0,109"/><W88/><G118/><T8/><D125/><U55/><E72/><V5/><F117/><W58/><G0/><T111/><D113/><U90/><E3/><V123/><F127/><W26/><G126/><T32/><D111/><U75/><E108/><V100/><F131/><W53/><G109/><T122/><D122/><U77/><E28/><V130/><F130/><W116/><G40/><T94/><D94/><N who="1" m="54599" /><E87/><V11/><F67/><W23/><G36/><T91/><D91/><U14/><E14/><V69/><F69/><W31/><G31/><T39/><D47/><U133/><E133/><V63/><F123/><W56/><G116/><T95/><D95/><U98/><E37/><V76/><F76/><W124/><G124/><T135/><D135/><U112/><E112/><V99/><F73/><W49/><REACH who="3" step="1"/><G58/><REACH who="3" ten="199,246,270,275" step="2"/><T19/><D30/><U44/><E44/><V119/><F119/><W74/><G74/><T107/><D38/><U120/><E120/><V89/><F4/><W110/><G110/><T114/><D39/><U18/><E45/><V66/><F5/><W104/><G104/><T93/><D114/><U57/><E57/><V21/><F78/><W103/><G103/><T128/><D128/><U82/><E18/><N who="0" m="6697" /><D105/><U79/><E79/><V2/><F2/><W132/><G132/><T80/><D107/><U1/><E1/><V115/><F115/><W102/><G102/><T43/><D8/><U81/><E81/><AGARI ba="2,1" hai="13,17,20,23,26,29,49,53,56,81,86,88,96,97" machi="81" ten="30,12000,1" yaku="1,1,7,1,8,1,52,1,54,1,53,0" doraHai="15" doraHaiUra="42" who="3" fromWho="1" sc="199,0,246,-126,270,0,275,136" /><INIT seed="3,3,0,5,2,33" ten="199,120,270,411" oya="3" hai0="135,123,67,120,23,102,32,28,88,11,41,95,96" hai1="68,69,77,39,58,0,50,100,105,9,99,127,35" hai2="61,93,117,24,90,126,59,10,94,16,76,25,65" hai3="103,129,31,43,6,70,2,84,66,119,4,7,83"/><W18/><G119/><T12/><D135/><U89/><E127/><V57/><F117/><W17/><G31/><T110/><D32/><U130/><E130/><V1/><F126/><W20/><G129/><T85/><D110/><U133/><E133/><V15/><F76/><W107/><G43/><T108/><D108/><U14/><E39/><V122/><F122/><W71/><G18/><T80/><D41/><U21/><E35/><V56/><F1/><W92/><G92/><T91/><D67/><U75/><E89/><V131/><F93/><W60/><G71/><T3/><D3/><U79/><E0/><V42/><F42/><W52/><G103/><T46/><D46/><U128/><E128/><V38/><F38/><W29/><G29/><T113/><D113/><U13/><E21/><V97/><REACH who="2" step="1"/><F131/><REACH who="2" ten="199,120,260,411" step="2"/><W34/><G2/><T30/><D120/><U8/><E75/><V5/><F5/><W73/><G7/><T81/><D123/><U44/><E58/><AGARI ba="3,1" hai="10,15,16,24,25,56,57,58,59,61,65,90,94,97" machi="58" ten="40,5200,0" yaku="1,1,8,1,54,1,53,0" doraHai="33" doraHaiUra="98" who="2" fromWho="1" sc="199,0,120,-61,260,71,411,0" /><INIT seed="4,0,0,4,0,42" ten="199,59,331,411" oya="0" hai0="118,3,48,124,50,7,6,53,126,134,71,58,82" hai1="92,103,85,77,94,112,89,38,0,74,19,29,35" hai2="30,60,51,111,61,62,99,110,91,49,56,54,130" hai3="65,79,47,27,119,122,36,8,80,121,81,133,16"/><T44/><D118/><U123/><E123/><N who="3" m="47114" /><G119/><T10/><D7/><U98/><E0/><V57/><F30/><W108/><G108/><T127/><D82/><U32/><E38/><V84/><F99/><W114/><G65/><T128/><D71/><U25/><E112/><V39/><F39/><W45/><G133/><T26/><D26/><U131/><E131/><V104/><F104/><W76/><G36/><T106/><D106/><U28/><E19/><V132/><F130/><W83/><G114/><T63/><D128/><U14/><E14/><V5/><F5/><W15/><G27/><T41/><REACH who="0" step="1"/><D134/><REACH who="0" ten="189,59,331,411" step="2"/><U4/><E4/><V68/><F132/><W116/><G116/><T22/><D22/><U18/><E18/><V23/><F23/><W46/><AGARI ba="0,1" hai="8,15,16,45,46,47,76,79,80,81,83" m="47114" machi="46" ten="40,8000,1" yaku="13,1,52,3,54,1" doraHai="42" who="3" fromWho="3" sc="189,-40,59,-20,331,-20,411,90" /><INIT seed="5,0,0,3,2,64" ten="149,39,311,501" oya="1" hai0="6,32,1,107,31,95,15,120,5,66,46,19,93" hai1="128,74,40,75,99,87,126,73,9,125,100,83,4" hai2="24,77,80,94,22,122,129,30,110,91,52,37,54" hai3="98,20,70,42,135,26,25,43,63,116,14,38,85"/><U35/><E35/><V117/><F110/><W10/><G38/><T3/><D107/><N who="1" m="63903" /><E40/><V44/><F117/><W92/><G135/><T119/><D66/><U118/><E9/><V11/><F122/><W60/><G85/><T96/><D46/><U103/><E4/><V8/><F129/><W79/><G79/><T105/><D119/><U81/><E118/><V33/><F33/><W17/><G26/><T89/><D120/><U0/><E0/><V34/><F34/><W7/><G116/><T106/><D3/><U16/><E16/><V133/><F133/><W53/><G70/><T86/><D1/><U102/><E128/><V12/><F37/><W65/><G65/><T124/><D124/><N who="1" m="47723" /><E83/><V41/><F41/><N who="3" m="15371" /><G53/><T111/><D111/><U97/><E97/><V49/><F54/><W109/><G109/><T59/><D59/><U108/><E108/><V56/><F56/><W21/><G21/><T90/><D6/><U114/><E114/><V13/><F8/><W28/><G7/><T36/><D5/><U50/><E50/><V27/><F24/><W67/><G67/><T123/><D36/><U55/><E55/><V131/><F131/><W57/><G57/><T62/><D62/><U76/><AGARI ba="0,0" hai="73,74,75,76,81,87,102,103" m="47723,63903" machi="76" ten="40,7800,0" yaku="18,1,34,2" doraHai="64" who="1" fromWho="1" sc="149,-26,39,78,311,-26,501,-26" /><INIT seed="5,1,0,2,3,78" ten="123,117,285,475" oya="1" hai0="62,61,10,18,32,85,63,50,77,22,121,7,38" hai1="117,26,13,42,118,75,106,82,110,114,33,44,104" hai2="28,49,133,109,31,80,96,45,122,24,123,93,8" hai3="51,69,113,0,134,39,57,54,116,67,59,127,135"/><U102/><E13/><V101/><F109/><W34/><G34/><T88/><D32/><U111/><E114/><V91/><F133/><N who="3" m="50699" /><G0/><T25/><D38/><N who="1" m="21591" /><E102/><V47/><F45/><W129/><G129/><T20/><D121/><U97/><E97/><V12/><F122/><W66/><G39/><T14/><D50/><U76/><E26/><V21/><F123/><W53/><G69/><T27/><D77/><U79/><E79/><V126/><F126/><W87/><G127/><T86/><D86/><U2/><E2/><V103/><F28/><W105/><G105/><N who="1" m="40554" /><E33/><V115/><F115/><W6/><G87/><T64/><D64/><N who="3" m="24617" /><G6/><T130/><D130/><U100/><E100/><V23/><F21/><W41/><G113/><T112/><D112/><U17/><E17/><V55/><REACH who="2" step="1"/><F80/><REACH who="2" ten="123,117,275,475" step="2"/><W30/><G30/><T98/><D22/><U71/><E71/><V15/><F15/><W29/><G29/><T84/><D25/><U120/><E120/><V65/><F65/><W1/><G1/><T3/><REACH who="0" step="1"/><D3/><REACH who="0" ten="113,117,275,475" step="2"/><U94/><E94/><AGARI ba="1,2" hai="7,10,14,18,20,27,61,62,63,84,85,88,94,98" machi="94" ten="40,8000,1" yaku="1,1,2,1,8,1,54,1,53,0" doraHai="78" doraHaiUra="125" who="0" fromWho="1" sc="113,103,117,-83,275,0,475,0" /><INIT seed="6,0,0,5,3,41" ten="216,34,275,475" oya="2" hai0="56,57,90,24,66,100,47,5,78,51,126,97,64" hai1="114,3,9,12,15,35,93,117,38,101,128,107,54" hai2="92,133,29,132,0,112,124,20,18,50,46,37,82" hai3="115,49,87,36,131,83,6,59,130,60,119,67,68"/><V10/><F37/><W118/><G6/><T17/><D126/><U85/><E117/><N who="3" m="44554" /><G87/><T129/><D5/><U125/><E35/><V106/><F106/><W21/><G83/><T71/><D78/><U33/><E33/><V61/><F124/><W103/><G103/><T121/><D129/><N who="3" m="49161" /><G21/><N who="0" m="13359" /><D121/><U52/><E128/><V31/><F112/><W127/><G36/><T75/><D75/><U109/><E125/><V88/><F82/><W28/><G28/><T111/><D71/><U102/><E114/><V99/><F0/><W108/><G127/><T80/><D111/><U22/><E109/><V7/><F7/><W44/><G108/><T135/><D100/><U122/><E122/><V77/><F77/><W94/><G94/><N who="0" m="56535" /><D80/><U25/><E3/><V134/><F10/><W79/><G79/><T63/><D57/><U55/><E38/><V34/><F34/><W53/><G115/><T65/><D135/><U4/><E15/><V95/><F92/><W19/><G19/><T43/><AGARI ba="0,0" hai="43,47,51,56,63,64,65,66" m="56535,13359" machi="43" ten="30,2000,0" yaku="8,1,52,1" doraHai="41" who="0" fromWho="0" sc="216,20,34,-5,275,-10,475,-5" /><INIT seed="7,0,0,0,1,84" ten="236,29,265,470" oya="3" hai0="90,129,18,20,113,108,63,37,111,135,52,32,89" hai1="47,68,53,64,85,82,72,92,15,127,74,54,36" hai2="5,42,105,17,16,133,69,79,1,13,114,115,88" hai3="48,118,58,71,81,83,23,66,40,6,94,0,95"/><W34/><G6/><T86/><D32/><U67/><E127/><V31/><F69/><W22/><G71/><T2/><D2/><U97/><E68/><V112/><F105/><W21/><G34/><T26/><D37/><U3/><E3/><V35/><F133/><W56/><G0/><T122/><D135/><U110/><E110/><V70/><F70/><W103/><G103/><T100/><D100/><U104/><E104/><V106/><F106/><W126/><G48/><T38/><D38/><U49/><E36/><V131/><F131/><W109/><G23/><T11/><D129/><U101/><E15/><V41/><F79/><W12/><G12/><N who="0" m="7455" /><D113/><U44/><E74/><V29/><F1/><W98/><G98/><T57/><D122/><U132/><E132/><V80/><F5/><W50/><G50/><T39/><D39/><U51/><REACH who="1" step="1"/><E72/><REACH who="1" ten="236,19,265,470" step="2"/><V10/><F112/><W130/><G126/><T134/><D134/><U75/><E75/><V27/><F114/><W9/><G109/><T43/><D111/><U7/><E7/><V59/><F115/><W33/><G130/><T60/><D108/><U96/><E96/><V78/><F13/><W65/><G118/><T55/><D43/><U25/><E25/><V77/><F27/><W116/><G116/><T128/><D128/><U123/><E123/><V99/><F41/><W46/><G40/><T4/><D4/><U61/><E61/><V30/><F42/><W19/><G9/><T24/><D24/><U28/><E28/><V62/><F29/><W107/><G107/><T14/><D14/><U91/><AGARI ba="0,1" hai="44,47,49,51,53,54,64,67,82,85,91,92,97,101" machi="91" ten="20,12000,2" yaku="1,1,5,1,0,1,7,1,9,1,8,1,52,1,53,0" doraHai="84" doraHaiUra="8" who="1" fromWho="1" sc="236,-30,19,130,265,-30,470,-60" owari="206,-19.4,149,-35.1,235,3.5,410,51.0" /></mjloggm>