<mjloggm ver="2.3"><GO type="9" lobby="0"/><UN n0="%E6%84%9B%E8%88%9E%E3%83%A2%E3%82%B3" n1="%E2%93%9D%4C%75%63%6B%79%4A" n2="%E3%83%9F%E3%83%84%E3%82%AA" n3="%61%62%63%35%31%31%31" dan="12,7,10,10" rate="1803.79,1711.77,1431.53,1606.12" sx="F,M,M,M"/><TAIKYOKU oya="0"/><INIT seed="0,0,0,0,4,62" ten="250,250,250,250" oya="0" hai0="116,70,42,38,115,79,71,135,80,41,37,17,52" hai1="107,55,92,105,113,36,109,40,6,84,132,26,66" hai2="2,12,50,126,86,49,67,20,53,85,89,134,21" hai3="69,90,14,25,1,22,128,76,130,64,9,106,56"/><T93/><D116/><U97/><E6/><V82/><F126/><W104/><G76/><T4/><D115/><U47/><E113/><V29/><F134/><W58/><G90/><T108/><D135/><U101/><E132/><V122/><F122/><W121/><G1/><T131/><D4/><U83/><E109/><V120/><F2/><W98/><G69/><T117/><D117/><U123/><E55/><V43/><F120/><W39/><G39/><T5/><D5/><U129/><E129/><N who="3" m="49770" /><G98/><T125/><D131/><U11/><E11/><V45/><F86/><W35/><G35/><T88/><D108/><U51/><E36/><V8/><F29/><N who="3" m="17591" /><G121/><T103/><D125/><U77/><E123/><V75/><F75/><W60/><G56/><T3/><D3/><U61/><REACH who="1" step="1"/><E26/><REACH who="1" ten="250,240,250,250" step="2"/><V24/><F24/><W118/><G118/><T68/><D38/><U18/><E18/><AGARI ba="0,1" hai="9,14,18,58,60,64,104,106" m="17591,49770" machi="18" ten="30,2000,0" yaku="19,1,52,1" doraHai="62" who="3" fromWho="1" sc="250,0,240,-20,250,0,250,30" /><INIT seed="1,0,0,1,3,30" ten="250,220,250,280" oya="1" hai0="106,64,77,80,85,107,54,4,68,118,1,124,65" hai1="111,97,7,15,109,47,92,119,18,27,102,76,31" hai2="37,60,88,126,122,38,130,57,28,101,61,12,99" hai3="56,17,53,98,86,113,116,90,20,9,22,35,89"/><U5/><E76/><V74/><F122/><W26/><G113/><T62/><D118/><U135/><E119/><V69/><F126/><W84/><G98/><T41/><D124/><U82/><E82/><V114/><F74/><W71/><G71/><T49/><D65/><U21/><E47/><V24/><F130/><W73/><G73/><T11/><REACH who="0" step="1"/><D41/><REACH who="0" ten="240,220,250,280" step="2"/><U81/><E135/><V33/><F114/><W14/><G116/><T39/><D39/><U105/><E105/><V87/><F38/><W2/><G2/><T134/><D134/><U3/><E3/><V50/><F37/><W34/><G22/><T125/><D125/><U44/><E44/><AGARI ba="0,1" hai="1,4,11,44,49,54,62,64,68,77,80,85,106,107" machi="44" ten="30,2000,0" yaku="1,1,7,1,53,0" doraHai="30" doraHaiUra="8" who="0" fromWho="1" sc="240,30,220,-20,250,0,280,0" /><INIT seed="2,0,0,0,2,36" ten="270,200,250,280" oya="2" hai0="84,104,68,55,0,122,120,21,133,116,83,109,135" hai1="123,100,88,31,52,29,125,3,95,51,112,131,43" hai2="69,18,102,48,32,89,75,10,56,38,66,63,128" hai3="79,12,7,113,82,80,134,8,47,19,103,5,73"/><V15/><F128/><W90/><G134/><N who="0" m="51211" /><D116/><U130/><E3/><V110/><F75/><W67/><G113/><T81/><D68/><U62/><E100/><V24/><F38/><W42/><G67/><T2/><D104/><U25/><E112/><V99/><F110/><W17/><G103/><T20/><D109/><U49/><E125/><V121/><F121/><N who="0" m="46698" /><D55/><U78/><E78/><V91/><F48/><W96/><G5/><T45/><D45/><N who="1" m="26047" /><E25/><V27/><F27/><W28/><G28/><T13/><D84/><N who="1" m="52615" /><E62/><V23/><F69/><W26/><G26/><T132/><N who="0" m="51219" /><T57/><DORA hai="98" /><D57/><N who="1" m="32911" /><E123/><V101/><F32/><W34/><G34/><T87/><D87/><U107/><E107/><V64/><F102/><W114/><G114/><T1/><D13/><U59/><E59/><V117/><F117/><W65/><G65/><T53/><D53/><U127/><E127/><V40/><F66/><W119/><G119/><T85/><D85/><U106/><E106/><V92/><F40/><W30/><G30/><AGARI ba="0,0" hai="10,15,18,23,24,30,56,63,64,89,91,92,99,101" machi="30" ten="30,12000,1" yaku="7,1,25,2,8,1,52,1" doraHai="36,98" who="2" fromWho="3" sc="270,0,200,0,250,120,280,-120" /><INIT seed="2,1,0,2,2,75" ten="270,200,370,160" oya="2" hai0="116,105,10,95,82,56,50,126,52,13,118,26,117" hai1="112,58,11,100,27,76,122,9,109,24,0,106,125" hai2="38,69,89,43,32,63,5,53,7,30,108,77,61" hai3="86,135,16,71,68,81,99,124,88,36,73,96,132"/><V79/><F32/><W93/><G36/><T55/><D126/><U107/><E112/><V40/><F30/><W62/><G62/><N who="2" m="23561" /><F38/><W120/><G120/><T103/><D105/><U74/><E109/><V57/><F69/><W47/><G47/><T46/><D26/><U8/><E0/><V39/><F39/><W111/><G111/><T67/><D67/><U101/><E125/><V15/><F108/><W129/><G124/><T80/><D103/><U29/><E122/><V121/><F121/><W78/><G16/><N who="0" m="8247" /><D95/><U119/><E119/><N who="0" m="30465" /><T83/><DORA hai="12" /><D56/><U35/><E58/><V23/><F89/><W45/><G45/><T6/><D6/><N who="2" m="2058" /><F53/><AGARI ba="1,0" hai="46,50,52,53,55,80,82,83" m="30465,8247" machi="53" ten="50,8000,1" yaku="12,1,52,1,54,2" doraHai="75,12" who="0" fromWho="2" sc="270,83,200,0,370,-83,160,0" /><INIT seed="3,0,0,3,4,118" ten="353,200,287,160" oya="3" hai0="70,89,50,18,71,113,80,57,2,21,127,23,131" hai1="59,4,87,12,130,15,114,44,43,27,31,28,67" hai2="3,25,60,135,63,125,14,81,40,98,26,56,69" hai3="41,111,54,16,92,10,6,13,73,1,30,24,103"/><W39/><G73/><T72/><D2/><U129/><E67/><V78/><F3/><W106/><G106/><T36/><D36/><U46/><E59/><V116/><F116/><W128/><G54/><T117/><D117/><U99/><E99/><V77/><F69/><W68/><G68/><T58/><D71/><U62/><E87/><V85/><F135/><W29/><G41/><T11/><D70/><U132/><E114/><V34/><F34/><N who="3" m="20775" /><G39/><T108/><D113/><U53/><E27/><V17/><F125/><W37/><G37/><T112/><D112/><U133/><E53/><V107/><F107/><W33/><G92/><T55/><D127/><U97/><E97/><V47/><F98/><W5/><G103/><T88/><D108/><U0/><E0/><V93/><F78/><W115/><G115/><T121/><D121/><U105/><E105/><V119/><F93/><W123/><G128/><T104/><D104/><U22/><E43/><V122/><F119/><W61/><G61/><T42/><D131/><U100/><E62/><V110/><F110/><W45/><G45/><T124/><D124/><U126/><E126/><V35/><F35/><W64/><G64/><T101/><D101/><U48/><E100/><V20/><F56/><W91/><G91/><T8/><D42/><U9/><E48/><N who="2" m="26727" /><F122/><W134/><G134/><N who="1" m="51818" /><E130/><V66/><F66/><W75/><G75/><T79/><D58/><U83/><E129/><V109/><F109/><W51/><G51/><T86/><D89/><U74/><E46/><V95/><F95/><W96/><G96/><T120/><D120/><RYUUKYOKU ba="0,0" sc="353,-10,200,-10,287,30,160,-10" hai2="14,17,20,25,26,60,63,77,81,85" /><INIT seed="4,1,0,2,0,114" ten="343,190,317,150" oya="0" hai0="40,63,80,93,27,118,85,126,112,81,8,3,97" hai1="122,21,39,129,32,88,59,107,92,94,14,41,113" hai2="121,95,29,4,83,89,91,116,68,60,52,1,20" hai3="84,87,130,9,54,18,23,82,16,72,13,44,123"/><T102/><D112/><U135/><E113/><V67/><F121/><W131/><G123/><T62/><D126/><U38/><E107/><V86/><F4/><W105/><G105/><T106/><D3/><U109/><E32/><V77/><F1/><W75/><G54/><T42/><D106/><U119/><E109/><V33/><F33/><W0/><G44/><T103/><D8/><U17/><E129/><N who="3" m="49162" /><G0/><T127/><D27/><U43/><E135/><V110/><F110/><W96/><G96/><T6/><D127/><U57/><E122/><V134/><F134/><W66/><G66/><T98/><D6/><U58/><E119/><V2/><F2/><W76/><G87/><T34/><D85/><U5/><E5/><V74/><F91/><W69/><G69/><T26/><D26/><AGARI ba="1,0" hai="9,13,16,18,23,26,72,75,76,82,84" m="49162" machi="26" ten="30,2000,0" yaku="19,1,54,1" doraHai="114" who="3" fromWho="0" sc="343,-23,190,0,317,0,150,23" /><INIT seed="5,0,0,2,2,127" ten="320,190,317,173" oya="1" hai0="126,90,5,16,38,47,95,29,37,118,107,101,79" hai1="23,20,82,100,4,116,97,135,111,84,67,74,13" hai2="59,51,88,15,10,104,22,89,86,45,50,44,8" hai3="56,71,57,64,14,91,17,61,53,121,49,112,36"/><U28/><E116/><V27/><F104/><W119/><G121/><T102/><D118/><U98/><E74/><V81/><F89/><W129/><G119/><T110/><D110/><U60/><E135/><V9/><F59/><W52/><G91/><T123/><D123/><U35/><E35/><V105/><F105/><W48/><G17/><T66/><D126/><U19/><E111/><V26/><F15/><W1/><G1/><T3/><D107/><U117/><E4/><V94/><F94/><W73/><G73/><T132/><D132/><U78/><E117/><V41/><F22/><W40/><G14/><T39/><D79/><U115/><E115/><V11/><N who="2" m="2048" /><DORA hai="6" /><V18/><F18/><W30/><G30/><T21/><D66/><U76/><E78/><V103/><F103/><W72/><G72/><T69/><D69/><U77/><E77/><V25/><REACH who="2" step="1"/><F25/><REACH who="2" ten="320,190,307,173" step="2"/><W63/><G112/><T42/><D102/><U0/><E100/><V125/><F125/><W120/><G120/><T128/><D101/><U24/><REACH who="1" step="1"/><E0/><REACH who="1" ten="320,180,307,173" step="2"/><V54/><AGARI ba="0,2" hai="26,27,41,44,45,50,51,54,81,86,88" m="2048" machi="54" ten="40,24000,4" yaku="1,1,0,1,8,1,52,4,54,1,53,4" doraHai="127,6" doraHaiUra="134,7" who="2" fromWho="2" sc="320,-60,180,-120,307,260,173,-60" /><INIT seed="6,0,0,0,0,63" ten="260,60,567,113" oya="2" hai0="49,106,67,104,130,133,108,57,107,88,37,41,27" hai1="74,93,131,87,135,48,124,80,43,1,79,7,90" hai2="95,45,35,39,19,111,20,102,42,62,122,86,101" hai3="3,109,4,123,29,72,44,71,46,75,31,22,5"/><V97/><F122/><W64/><G109/><T91/><D108/><U21/><E124/><V103/><F111/><W116/><G123/><T17/><D130/><U38/><E131/><V11/><F35/><W15/><G116/><T89/><D133/><U32/><E32/><V51/><F11/><W0/><G71/><T33/><D37/><U12/><E135/><V47/><F39/><W98/><G98/><T52/><D41/><U132/><E132/><V23/><F47/><W24/><G64/><T126/><D126/><U18/><E38/><V14/><F23/><W105/><G105/><T53/><D53/><U94/><E1/><V68/><F86/><W2/><G15/><T56/><D33/><U55/><E7/><V58/><F68/><W81/><G81/><T54/><D54/><AGARI ba="0,0" hai="14,19,20,42,45,51,54,58,62,95,97,101,102,103" machi="54" ten="30,2900,0" yaku="7,1,8,1" doraHai="63" who="2" fromWho="0" sc="260,-29,60,0,567,29,113,0" /><INIT seed="6,1,0,1,0,51" ten="231,60,596,113" oya="2" hai0="71,121,85,66,41,12,44,119,133,39,37,77,43" hai1="120,89,69,2,61,98,124,60,73,95,8,67,116" hai2="104,30,68,42,79,62,86,99,16,75,92,24,53" hai3="113,29,63,58,55,111,22,81,78,56,4,11,129"/><V27/><F75/><W18/><G111/><T65/><D121/><U32/><E120/><V59/><F42/><W103/><G129/><T13/><D77/><U70/><E32/><V131/><F68/><W115/><G103/><T31/><D31/><U128/><E124/><V107/><F131/><W10/><G29/><T47/><D85/><U127/><E127/><V110/><F110/><W94/><G94/><T112/><D112/><N who="3" m="43081" /><G4/><T114/><D114/><U88/><E116/><V123/><F123/><W72/><G58/><T14/><D119/><U96/><E128/><V97/><F107/><W90/><G90/><T106/><D106/><U40/><E89/><V52/><F104/><W9/><G9/><T50/><D133/><U135/><E135/><V7/><F7/><W122/><G122/><T126/><D126/><U34/><E34/><V48/><F79/><W20/><G20/><T36/><D71/><U54/><E70/><V0/><F0/><W19/><G19/><T101/><D101/><U23/><E23/><N who="2" m="15743" /><F86/><W105/><G105/><T28/><D28/><U33/><E33/><V15/><F24/><AGARI ba="1,0" hai="10,11,18,22,24,55,56,63,72,78,81" m="43081" machi="24" ten="30,3900,0" yaku="15,1,11,1,52,1" doraHai="51" who="3" fromWho="2" sc="231,0,60,0,596,-42,113,42" /><INIT seed="7,0,0,4,3,42" ten="231,60,554,155" oya="3" hai0="72,49,36,76,55,130,123,46,124,80,125,52,43" hai1="99,110,51,16,89,81,62,10,56,115,96,83,7" hai2="24,75,33,106,135,79,26,9,102,20,27,39,65" hai3="128,25,133,53,44,111,100,127,41,8,40,6,50"/><W5/><G133/><T131/><D123/><U58/><E110/><V11/><F135/><W93/><G128/><N who="0" m="49195" /><D36/><U1/><E115/><V84/><F65/><W0/><G127/><AGARI ba="0,0" hai="43,46,49,52,55,72,76,80,124,125,127" m="49195" machi="127" ten="30,7700,0" yaku="18,1,19,1,52,1,54,1" doraHai="42" who="0" fromWho="3" sc="231,77,60,0,554,0,155,-77" owari="308,10.8,60,-44.0,554,65.4,78,-32.2" /></mjloggm>