<mjloggm ver="2.3"><GO type="41" lobby="0"/><UN n0="%E9%9D%92%E3%82%A2%E3%83%8A%E3%82%B0%E3%83%A9%E3%83%A0%E6%B2%96" n1="%6B%75%6E%6F%72%69" n2="%E2%93%9D%4C%75%63%6B%79%4A" n3="%E3%81%8A%E3%81%8B%E3%82%82%E3%82%8D%E3%82%93" dan="17,13,16,15" rate="2116.82,1869.10,2158.99,2081.93" sx="F,M,M,M"/><TAIKYOKU oya="0"/><INIT seed="0,0,0,0,2,43" ten="250,250,250,250" oya="0" hai0="78,110,119,28,47,132,112,48,90,46,30,122,113" hai1="75,135,32,102,108,101,36,104,126,95,130,67,129" hai2="96,37,114,93,80,68,66,20,3,51,116,82,115" hai3="18,103,10,49,85,69,128,73,117,55,7,79,29"/><T17/><D119/><U13/><E32/><V124/><F37/><W5/><G117/><T44/><D122/><U31/><E31/><V71/><F116/><W87/><G69/><T121/><D121/><U125/><E36/><V12/><F3/><W14/><G128/><N who="1" m="49258" /><E67/><V19/><F124/><N who="1" m="47721" /><E75/><V105/><F105/><W24/><G103/><T11/><D30/><U53/><E108/><V106/><F106/><W74/><G74/><T91/><D110/><U4/><E53/><V100/><F71/><W83/><G85/><T54/><D28/><U109/><E109/><V63/><REACH who="2" step="1"/><F51/><REACH who="2" ten="250,250,240,250" step="2"/><W52/><G49/><T77/><D48/><U25/><E135/><V9/><F9/><W42/><G42/><T0/><D11/><U118/><E104/><V6/><F6/><W120/><G120/><T2/><D132/><U107/><E118/><V21/><F21/><W56/><G7/><T15/><D0/><U97/><E25/><V8/><F8/><W23/><G5/><T60/><D2/><U50/><E4/><V61/><F61/><W39/><G39/><T45/><D60/><U127/><E127/><V76/><F76/><W70/><G70/><T57/><D77/><U134/><E134/><V33/><F33/><W26/><G26/><T98/><D78/><U133/><E133/><V72/><F72/><W111/><G73/><T86/><D15/><U94/><E50/><V40/><F40/><W99/><G111/><T1/><D1/><U58/><E107/><V88/><F88/><W92/><G56/><T123/><N who="0" m="11264" /><DORA hai="65" /><T84/><D123/><U62/><E58/><RYUUKYOKU ba="0,1" sc="250,-15,250,-15,240,15,250,15" hai2="12,19,20,63,66,68,80,82,93,96,100,114,115" hai3="10,14,18,23,24,29,52,55,79,83,87,92,99" /><INIT seed="1,1,1,0,4,83" ten="235,235,255,265" oya="1" hai0="88,132,119,89,30,29,71,107,95,33,135,52,102" hai1="9,96,16,63,59,114,94,13,36,120,101,22,32" hai2="60,51,61,12,122,123,3,110,78,42,53,70,6" hai3="91,92,112,75,38,49,97,128,109,131,117,113,26"/><U55/><E120/><V44/><F3/><W54/><G38/><T47/><D119/><U80/><E114/><V41/><F78/><W121/><G75/><T133/><D71/><U100/><E32/><V85/><F6/><W5/><G121/><N who="2" m="46089" /><F12/><W15/><G109/><T10/><D107/><U50/><E36/><V18/><F18/><W23/><G117/><T45/><D10/><U105/><E105/><V79/><F79/><W46/><G5/><T34/><D102/><U103/><E80/><V7/><F85/><W27/><G27/><T8/><D8/><U57/><REACH who="1" step="1"/><E9/><REACH who="1" ten="235,225,255,265" step="2"/><V0/><F110/><W82/><G82/><T37/><D37/><U25/><E25/><V62/><F7/><W31/><REACH who="3" step="1"/><G15/><REACH who="3" ten="235,225,255,255" step="2"/><T126/><D135/><U127/><E127/><V14/><F14/><W134/><G134/><T98/><D126/><U35/><E35/><V115/><F115/><AGARI ba="1,3" hai="23,26,31,46,49,54,91,92,97,112,113,115,128,131" machi="115" ten="40,2600,0" yaku="1,1,53,1" doraHai="83" doraHaiUra="17" who="3" fromWho="2" sc="235,0,225,0,255,-29,255,59" /><INIT seed="2,0,0,0,1,102" ten="235,225,226,314" oya="2" hai0="55,3,20,106,56,14,17,88,32,81,8,26,110" hai1="82,16,105,62,133,23,58,79,18,134,41,78,73" hai2="131,84,30,43,112,95,21,87,121,22,36,103,6" hai3="53,109,5,47,33,9,124,50,83,113,80,99,4"/><V24/><F121/><W7/><G33/><T67/><D110/><U63/><E41/><V98/><F112/><W108/><G113/><T12/><D67/><U28/><E28/><V114/><F114/><W107/><G9/><T46/><D46/><U130/><E130/><V42/><F131/><W48/><G50/><T74/><D106/><U135/><E105/><V15/><F36/><W72/><G124/><T59/><D32/><U128/><E128/><V123/><F123/><W126/><G126/><T85/><D74/><U89/><E89/><V61/><F61/><W10/><G10/><T75/><D75/><U13/><E79/><V19/><REACH who="2" step="1"/><F6/><REACH who="2" ten="235,225,216,314" step="2"/><W34/><G7/><T68/><D68/><U49/><E49/><V116/><F116/><W122/><G5/><N who="0" m="3087" /><D3/><U29/><E63/><V77/><F77/><W2/><G2/><T120/><D120/><U92/><E13/><V44/><F44/><W25/><G4/><T64/><D14/><U100/><E133/><V119/><F119/><W86/><G122/><T132/><D132/><U115/><E115/><V76/><F76/><W101/><G109/><T118/><D118/><U0/><E0/><V65/><F65/><W96/><G108/><T31/><D64/><N who="1" m="38999" /><E134/><V60/><F60/><W90/><G47/><T127/><D127/><U111/><E135/><V129/><F129/><W91/><G48/><N who="0" m="30823" /><D59/><U51/><E51/><V35/><F35/><W37/><G37/><T45/><D45/><U70/><E111/><V117/><F117/><W27/><G34/><T69/><D69/><U39/><E70/><V94/><F94/><RYUUKYOKU ba="0,1" sc="235,15,225,-15,216,15,314,-15" hai0="17,20,26,31,81,85,88" hai2="15,19,21,22,24,30,42,43,84,87,95,98,103" /><INIT seed="2,1,1,4,2,109" ten="250,210,231,299" oya="2" hai0="45,43,117,55,83,130,56,62,116,134,44,40,49" hai1="103,82,135,7,106,115,53,126,13,107,48,8,51" hai2="121,21,26,20,46,0,78,119,120,67,88,60,11" hai3="94,34,47,74,100,23,10,66,89,132,97,36,104"/><V90/><F119/><N who="0" m="45642" /><D83/><U16/><E115/><V61/><F46/><W52/><G34/><T59/><D134/><U50/><E135/><V4/><F78/><W133/><G74/><T25/><D25/><U128/><E128/><V31/><F61/><W129/><G129/><T29/><D29/><U127/><E53/><V17/><F121/><W123/><G123/><T91/><D91/><U77/><E103/><V58/><REACH who="2" step="1"/><F120/><REACH who="2" ten="250,210,221,299" step="2"/><W105/><G133/><T81/><D130/><U111/><E111/><V65/><F65/><W38/><G66/><N who="0" m="39239" /><D81/><U69/><E69/><V22/><F22/><W2/><G23/><T54/><D59/><U131/><E131/><V68/><F68/><W85/><G132/><T39/><AGARI ba="1,2" hai="39,40,43,44,45,49,54,55" m="39239,45642" machi="39" ten="30,4000,0" yaku="12,1,34,2" doraHai="109" who="0" fromWho="0" sc="250,63,210,-11,221,-21,299,-11" /><INIT seed="3,0,0,4,5,26" ten="313,199,200,288" oya="3" hai0="4,82,129,103,77,42,44,127,99,38,57,59,88" hai1="111,124,52,85,118,83,40,68,63,19,12,21,37" hai2="39,71,60,133,45,14,121,16,109,67,134,29,22" hai3="11,114,87,125,96,76,2,55,34,69,112,100,64"/><W119/><G119/><T102/><D129/><U101/><E111/><V49/><F109/><W117/><G117/><T78/><D127/><U120/><E120/><V108/><F108/><W43/><G125/><T122/><D122/><U10/><E124/><V25/><F121/><W48/><G43/><T106/><D4/><U132/><E132/><V27/><F39/><W135/><G135/><T9/><D9/><U81/><E101/><V107/><F107/><W47/><G64/><T94/><D78/><U7/><E118/><V61/><F61/><W53/><G69/><T32/><D32/><U75/><E40/><V5/><F5/><W18/><G34/><T95/><D95/><U28/><E28/><V91/><F91/><W84/><G55/><T15/><D15/><U130/><E130/><V31/><F134/><W72/><G72/><N who="0" m="43303" /><D102/><U41/><E75/><V20/><F133/><W97/><G97/><T131/><D131/><U54/><E83/><V113/><F113/><W79/><G79/><T73/><D73/><U93/><E93/><V70/><F71/><W89/><G84/><AGARI ba="0,0" hai="38,42,44,57,59,84,88,94,99,103,106" m="43303" machi="84" ten="30,2000,0" yaku="24,1,54,1" doraHai="26" who="0" fromWho="3" sc="313,20,199,0,200,0,288,-20" /><INIT seed="4,0,0,3,4,72" ten="333,199,200,268" oya="0" hai0="69,93,3,66,27,125,1,33,92,38,123,100,128" hai1="37,87,0,109,9,22,31,98,17,14,28,78,118" hai2="65,23,21,131,53,63,105,85,110,79,16,29,10" hai3="15,119,32,61,82,35,51,90,47,101,43,54,48"/><T121/><D38/><U75/><E109/><V42/><F110/><W26/><G119/><T12/><D66/><U81/><E37/><V70/><F105/><W89/><G101/><T95/><D69/><U130/><E130/><V88/><F131/><W58/><G15/><T117/><D117/><U133/><E133/><V77/><F42/><W20/><G61/><T122/><D128/><U74/><E118/><V112/><F112/><W5/><G5/><T126/><D100/><U114/><E114/><V64/><F29/><W67/><G67/><N who="2" m="25673" /><F10/><W115/><G115/><T124/><D12/><U113/><E113/><V52/><F23/><W84/><REACH who="3" step="1"/><G89/><REACH who="3" ten="333,199,200,258" step="2"/><T127/><D126/><U6/><E31/><AGARI ba="0,1" hai="20,26,31,32,35,43,47,48,51,54,58,82,84,90" machi="31" ten="30,7700,0" yaku="1,1,2,1,7,1,53,1" doraHai="72" doraHaiUra="86" who="3" fromWho="1" sc="333,0,199,-77,200,0,258,87" /><AGARI ba="0,0" hai="1,3,27,31,33,92,93,95,121,122,123,124,125,127" machi="31" ten="60,11600,0" yaku="29,2,18,1" doraHai="72" who="0" fromWho="1" sc="333,116,122,-116,200,0,345,0" /><INIT seed="4,1,0,0,5,105" ten="449,6,200,345" oya="0" hai0="94,56,27,128,65,71,30,51,108,41,133,88,23" hai1="63,132,57,32,121,53,39,101,15,25,107,115,18" hai2="44,98,34,90,58,116,118,19,62,40,33,130,134" hai3="42,55,125,28,122,20,9,46,120,117,54,6,60"/><T91/><D128/><U96/><E115/><V85/><F98/><W1/><G117/><N who="2" m="45161" /><F19/><W8/><G125/><T82/><D133/><U73/><E132/><V31/><F31/><W16/><G28/><T135/><D135/><U111/><E39/><N who="2" m="21535" /><F134/><W21/><G20/><T119/><D119/><U14/><E121/><N who="3" m="46698" /><G9/><T52/><D108/><U123/><E123/><V43/><F43/><W45/><G60/><T86/><D41/><U89/><E111/><V124/><F130/><W7/><G7/><T66/><D71/><U50/><E73/><V69/><F69/><W72/><G72/><T106/><D106/><U84/><E32/><V3/><F3/><W24/><G45/><T79/><D91/><U10/><E25/><V104/><F104/><W22/><G22/><T127/><D127/><U129/><E129/><V109/><F109/><W68/><G68/><T11/><D11/><U64/><E15/><V87/><F124/><W38/><AGARI ba="1,0" hai="1,6,8,16,21,24,38,42,46,54,55" m="46698" machi="38" ten="30,2000,0" yaku="13,1,54,1" doraHai="105" who="3" fromWho="3" sc="449,-11,6,-6,200,-6,345,23" /><INIT seed="5,0,0,1,5,114" ten="438,0,194,368" oya="1" hai0="119,102,68,88,6,62,83,23,69,89,123,104,31" hai1="53,11,63,97,94,3,43,42,35,4,7,18,111" hai2="90,118,86,54,77,133,60,130,36,93,26,56,50" hai3="103,12,51,121,34,17,24,70,76,75,126,71,28"/><U66/><E111/><V57/><F36/><W2/><G121/><T124/><D119/><U30/><E53/><V99/><F130/><W10/><G126/><T44/><D124/><U55/><E55/><V87/><F133/><W48/><G103/><T61/><D6/><U100/><E7/><V58/><F118/><W1/><G48/><T107/><D102/><U79/><E79/><V32/><F32/><W117/><G117/><T29/><D23/><U72/><E72/><V67/><F26/><W52/><G76/><T65/><D83/><U135/><E135/><V112/><F112/><W14/><G75/><T131/><D65/><U5/><E5/><V125/><F125/><W132/><G132/><T38/><D38/><U47/><E47/><V25/><F25/><W128/><G128/><T46/><D131/><U105/><E30/><V120/><F120/><AGARI ba="0,0" hai="29,31,44,46,61,62,68,69,88,89,104,107,120,123" machi="120" ten="25,3200,0" yaku="22,2,54,1" doraHai="114" who="0" fromWho="2" sc="438,32,0,0,194,-32,368,0" /><INIT seed="6,0,0,1,0,68" ten="470,0,162,368" oya="2" hai0="81,56,133,1,6,2,20,65,88,16,124,94,73" hai1="61,31,34,96,24,33,18,75,30,98,55,118,9" hai2="130,108,78,53,37,66,103,51,35,114,113,77,28" hai3="4,38,46,101,14,120,10,64,40,59,36,47,41"/><V106/><F66/><W107/><G120/><T84/><D133/><U3/><E75/><V63/><F63/><W109/><G109/><T83/><D124/><U123/><E118/><V39/><F108/><W15/><G101/><T74/><D74/><U50/><E123/><V117/><F117/><W89/><G107/><T102/><D6/><U49/><E61/><V72/><F130/><W131/><G131/><T134/><D134/><U87/><E87/><V67/><F67/><W80/><G64/><T0/><D102/><U82/><E82/><V90/><F90/><W104/><G104/><T115/><D115/><N who="2" m="44042" /><F28/><W132/><G132/><T125/><D125/><U7/><E50/><V126/><F35/><W128/><G59/><T105/><D105/><U100/><E18/><V119/><F119/><W19/><G128/><T32/><D32/><U48/><E48/><V22/><F22/><W86/><G19/><T26/><D73/><U54/><E54/><V8/><F8/><W92/><G80/><T21/><D20/><U45/><E100/><V13/><F13/><AGARI ba="0,0" hai="4,10,13,14,15,36,38,40,41,46,47,86,89,92" machi="13" ten="30,7700,0" yaku="7,1,9,1,52,2" doraHai="68" who="3" fromWho="2" sc="470,0,0,0,162,-77,368,77" /><INIT seed="7,0,0,0,0,97" ten="470,0,85,445" oya="3" hai0="61,105,100,120,103,102,1,12,29,9,63,124,90" hai1="121,129,134,37,83,135,85,54,45,10,50,72,71" hai2="42,115,133,131,55,87,62,78,76,99,81,93,16" hai3="19,13,60,110,28,127,2,11,49,123,53,114,25"/><W79/><G123/><T80/><D124/><U26/><E72/><V43/><F133/><N who="1" m="50697" /><E10/><V22/><F115/><W41/><G127/><T15/><D105/><U109/><E26/><V6/><F131/><W3/><G114/><T106/><D106/><U7/><E7/><V101/><F6/><W51/><G110/><T35/><D120/><U14/><E121/><V126/><F126/><W38/><G60/><N who="0" m="23115" /><D35/><U34/><E34/><V21/><F78/><W23/><G38/><T36/><D36/><U88/><E14/><N who="0" m="5161" /><D1/><U48/><E71/><V113/><F113/><W74/><G74/><T64/><D64/><U118/><E109/><V47/><F22/><W69/><G79/><T104/><D104/><U66/><E66/><V94/><F94/><W40/><G69/><T112/><D112/><U59/><E37/><V82/><F82/><W33/><G51/><T27/><D9/><U107/><E107/><V86/><F87/><W46/><G2/><T18/><D29/><U5/><E5/><AGARI ba="0,0" hai="3,5,11,13,19,23,25,28,33,40,41,46,49,53" machi="5" ten="40,3900,0" yaku="24,2" doraHai="97" who="3" fromWho="1" sc="470,0,0,-39,85,0,445,39" owari="470,27.0,-39,-53.9,85,-31.5,484,58.4" /></mjloggm>