<mjloggm ver="2.3"><GO type="41" lobby="0"/><UN n0="%E3%81%8D%E3%82%88%E3%81%97%6B%6E" n1="%E5%A4%A7%E5%89%8D%E7%94%B0%E5%B8%8C%E5%8D%83%E4%BB%A3" n2="%E2%93%9D%4C%75%63%6B%79%4A" n3="%E3%83%AA%E3%83%A5%E3%82%A6%E3%82%AB%E3%83%B3" dan="14,13,18,13" rate="1820.58,1821.49,2190.84,1839.73" sx="M,M,M,M"/><TAIKYOKU oya="0"/><INIT seed="0,0,0,1,3,100" ten="250,250,250,250" oya="0" hai0="104,60,122,68,51,6,66,114,135,74,73,106,59" hai1="34,134,63,78,55,80,81,120,29,111,123,67,32" hai2="118,77,16,94,131,102,25,116,76,89,90,20,103" hai3="92,121,38,129,23,115,1,107,46,17,43,65,35"/><T42/><D122/><U58/><E134/><V85/><F131/><W18/><G121/><T126/><D114/><U0/><E111/><V88/><F103/><W31/><G115/><T37/><D6/><U108/><E108/><V72/><F72/><W27/><G1/><T119/><D119/><N who="2" m="45610" /><F85/><W15/><G129/><T93/><D93/><U124/><E124/><V49/><F49/><W84/><G65/><T98/><D98/><AGARI ba="0,0" hai="16,20,25,76,77,88,89,90,94,98,102" m="45610" machi="98" ten="30,3900,0" yaku="12,1,54,2" doraHai="100" who="2" fromWho="0" sc="250,-39,250,0,250,39,250,0" /><INIT seed="1,0,0,1,0,45" ten="211,250,289,250" oya="1" hai0="23,112,96,32,91,134,135,106,133,47,71,73,102" hai1="86,69,119,16,30,121,76,81,34,85,26,21,126" hai2="37,125,113,25,1,12,51,108,104,33,95,39,90" hai3="41,40,77,61,116,50,49,6,94,89,70,46,13"/><U84/><E126/><V123/><F1/><W78/><G116/><T97/><D32/><U11/><E121/><V53/><F104/><W120/><G120/><T117/><D71/><U114/><E114/><V38/><F123/><W20/><G70/><T110/><D23/><U132/><E132/><V28/><F125/><W56/><G40/><T36/><D112/><U100/><E69/><V109/><F12/><W29/><G29/><T88/><D117/><U9/><E119/><V87/><REACH who="2" step="1"/><F113/><REACH who="2" ten="211,250,279,250" step="2"/><W79/><G6/><T93/><D110/><U67/><E67/><V130/><F130/><W7/><G7/><T82/><D36/><U92/><E85/><V5/><F5/><W2/><G2/><T111/><D111/><U48/><E86/><V4/><F4/><W80/><G13/><T44/><D91/><U0/><E0/><V129/><F129/><W27/><G89/><T57/><D57/><AGARI ba="0,1" hai="25,28,33,37,38,39,51,53,57,87,90,95,108,109" machi="57" ten="40,2600,0" yaku="1,1,52,1,53,0" doraHai="45" doraHaiUra="66" who="2" fromWho="0" sc="211,-26,250,0,279,36,250,0" /><INIT seed="2,0,0,4,5,6" ten="185,250,315,250" oya="2" hai0="95,112,38,28,58,55,116,65,13,75,130,64,123" hai1="76,85,68,91,48,26,121,101,115,100,90,84,81" hai2="78,133,33,15,30,37,108,8,40,96,16,4,29" hai3="134,63,98,60,110,52,99,56,113,79,107,88,45"/><V23/><F133/><W27/><G134/><T94/><D75/><U77/><E68/><V66/><F37/><W120/><G120/><T61/><D123/><U93/><E48/><V5/><F40/><W70/><G110/><T10/><D112/><U104/><E121/><V73/><F66/><W132/><G132/><T46/><D28/><N who="2" m="10858" /><F73/><W9/><G113/><T131/><D116/><U119/><E115/><V14/><F78/><N who="1" m="30313" /><E119/><V135/><F96/><W125/><G125/><T54/><D38/><U3/><E3/><V71/><F71/><W34/><G34/><T24/><D24/><U67/><E67/><N who="0" m="25673" /><D46/><U109/><E26/><V41/><F41/><W89/><G27/><T62/><D95/><U122/><E122/><V97/><F97/><W47/><G79/><T44/><D94/><N who="1" m="54599" /><E109/><V35/><F135/><W36/><G36/><T103/><D103/><N who="1" m="39499" /><E104/><V21/><F108/><W31/><G70/><T18/><D44/><U17/><E17/><N who="2" m="10687" /><F5/><W106/><G31/><T105/><D105/><U20/><E20/><V39/><F39/><W49/><G49/><T42/><D42/><U43/><E43/><V74/><F74/><W32/><G32/><T117/><D117/><U7/><E7/><V11/><F21/><W118/><G118/><T128/><D55/><U86/><E86/><V57/><F57/><W72/><G72/><T124/><D124/><U19/><E19/><V51/><F51/><AGARI ba="0,0" hai="10,13,18,51,54,58,61,62,128,130,131" m="25673" machi="51" ten="30,2000,0" yaku="19,1,52,1" doraHai="6" who="0" fromWho="2" sc="185,20,250,0,315,-20,250,0" /><INIT seed="3,0,0,3,1,19" ten="205,250,295,250" oya="3" hai0="17,61,75,64,105,79,71,122,89,107,101,62,21" hai1="100,31,14,78,81,95,111,10,54,47,121,35,128" hai2="133,65,40,49,72,114,26,58,60,7,39,84,97" hai3="50,20,30,5,9,69,63,6,126,125,22,18,23"/><W98/><G30/><T108/><D122/><U68/><E68/><V27/><F72/><W41/><G98/><T36/><D36/><U117/><E117/><V130/><F114/><W102/><G102/><T44/><D44/><U55/><E121/><V94/><F130/><W43/><G18/><T83/><D108/><U119/><E128/><V127/><F127/><N who="3" m="48651" /><G50/><T56/><D89/><U42/><E31/><V86/><F133/><W115/><G115/><T70/><D101/><U8/><E35/><V66/><F7/><N who="3" m="2571" /><G9/><T32/><D32/><U87/><E14/><V96/><F97/><W116/><G116/><T80/><D83/><U112/><E112/><V120/><F96/><W67/><AGARI ba="0,0" hai="20,22,23,41,43,63,67,69" m="2571,48651" machi="67" ten="40,12000,1" yaku="18,1,52,3" doraHai="19" who="3" fromWho="3" sc="205,-40,250,-40,295,-40,250,120" /><INIT seed="3,1,0,5,5,86" ten="165,210,255,370" oya="3" hai0="13,83,60,91,29,81,133,112,7,96,122,57,98" hai1="97,49,102,19,78,93,77,106,135,65,87,88,68" hai2="31,38,3,41,47,70,110,35,109,14,126,44,99" hai3="72,17,75,94,89,52,61,21,5,113,90,4,119"/><W111/><G113/><T32/><D122/><U11/><E135/><V129/><F3/><W12/><G119/><T37/><D37/><U30/><E30/><V1/><F1/><W26/><G111/><N who="2" m="42505" /><F47/><W16/><G75/><T118/><D118/><U121/><E121/><V64/><F14/><W114/><G72/><T55/><D112/><U108/><E108/><V74/><F74/><W10/><G114/><T115/><D115/><U27/><E49/><V59/><F99/><N who="3" m="57807" /><G90/><T131/><D133/><U48/><E48/><V8/><F70/><W69/><G69/><T43/><D43/><U15/><REACH who="1" step="1"/><E27/><REACH who="1" ten="165,200,255,370" step="2"/><V20/><F41/><W40/><G40/><T67/><D29/><U50/><E50/><V79/><F31/><W95/><G95/><T25/><D32/><U46/><E46/><V66/><F44/><W56/><AGARI ba="1,1" hai="4,5,10,12,16,17,21,26,52,56,61" m="57807" machi="56" ten="30,12000,1" yaku="25,1,8,1,52,1,54,2" doraHai="86" who="3" fromWho="3" sc="165,-41,200,-41,255,-41,370,133" /><INIT seed="3,2,0,5,4,33" ten="124,159,214,503" oya="3" hai0="132,41,100,122,80,119,117,84,88,46,75,89,85" hai1="58,4,123,19,74,22,11,95,57,93,60,101,59" hai2="50,113,97,37,32,31,128,104,130,29,62,135,103" hai3="110,66,20,38,14,94,52,36,83,55,10,7,76"/><W125/><G125/><T48/><D122/><U61/><E74/><V118/><F113/><W105/><G105/><T120/><D120/><U107/><E107/><V43/><F50/><W26/><G110/><T78/><D132/><U45/><E45/><N who="2" m="23791" /><F118/><W53/><G94/><T99/><D48/><U108/><E108/><V44/><F44/><W72/><REACH who="3" step="1"/><G66/><REACH who="3" ten="124,159,214,493" step="2"/><T15/><D41/><U70/><E95/><V131/><F135/><W81/><G81/><N who="0" m="45279" /><D46/><U129/><E93/><V56/><F32/><W54/><N who="3" m="13312" /><DORA hai="13" /><W134/><G134/><T23/><D23/><U67/><E22/><V40/><F40/><W102/><G102/><T25/><D25/><U111/><E101/><V16/><F103/><W21/><G21/><T92/><D80/><U17/><E111/><V49/><F104/><W127/><G127/><T35/><D35/><U112/><E123/><V90/><F131/><W5/><G5/><T126/><D126/><U12/><E129/><V27/><F130/><W86/><G86/><N who="0" m="33387" /><D15/><U109/><E109/><V96/><F128/><W18/><AGARI ba="2,1" hai="7,10,14,18,20,26,36,38,72,76,83" m="13312" machi="18" ten="40,12000,1" yaku="1,1,0,1,52,1,54,1,53,1" doraHai="33,13" doraHaiUra="1,87" who="3" fromWho="3" sc="124,-42,159,-42,214,-42,493,136" /><INIT seed="3,3,0,1,4,0" ten="82,117,172,629" oya="3" hai0="25,130,15,110,107,14,118,100,126,65,87,97,8" hai1="88,44,121,33,91,115,40,94,7,132,99,74,28" hai2="51,3,114,69,127,53,131,34,72,16,101,59,83" hai3="68,102,19,113,61,104,46,85,23,129,37,135,106"/><W117/><G113/><T41/><D118/><U48/><E121/><V21/><F34/><W128/><G117/><T134/><D41/><U49/><E115/><V9/><F69/><W60/><G85/><T93/><D65/><U5/><E132/><V122/><F127/><W109/><G135/><T2/><D134/><U81/><E33/><V56/><F101/><W112/><G112/><T92/><D126/><U11/><E28/><V35/><F35/><W10/><G10/><T124/><D124/><U47/><E11/><V29/><F131/><W123/><G123/><T39/><D39/><U82/><E74/><V80/><F72/><W58/><G58/><T32/><D2/><U78/><E78/><V24/><F122/><W84/><G84/><T108/><D130/><U111/><E111/><N who="0" m="42537" /><D25/><U90/><E82/><N who="2" m="31275" /><F3/><W79/><G79/><T71/><D71/><U36/><E36/><V20/><F9/><W30/><G37/><T38/><D38/><U52/><E81/><V42/><F42/><W119/><G68/><T96/><D32/><U105/><E105/><V98/><F98/><W57/><G106/><T13/><D87/><U31/><E31/><V103/><F114/><W66/><G30/><T50/><D50/><U133/><E133/><V67/><F29/><W77/><G128/><T70/><D70/><U55/><E40/><V17/><F67/><W1/><G129/><T45/><D45/><U116/><E116/><V125/><F125/><W12/><G1/><T26/><D26/><U120/><E120/><V89/><F24/><W22/><G119/><T62/><D62/><RYUUKYOKU ba="3,0" sc="82,-10,117,30,172,-10,629,-10" hai1="5,7,44,47,48,49,52,55,88,90,91,94,99" /><INIT seed="4,4,0,5,2,87" ten="72,147,162,619" oya="0" hai0="27,73,117,8,10,121,42,23,94,50,118,48,132" hai1="66,39,56,133,84,114,25,70,0,57,77,59,68" hai2="13,108,131,95,67,30,76,33,12,128,53,52,44" hai3="100,2,129,69,46,102,6,37,124,3,26,38,19"/><T91/><D73/><U105/><E105/><V110/><F67/><W86/><G86/><T99/><D121/><U72/><E72/><V54/><F30/><W97/><G19/><T74/><D74/><U109/><E0/><V49/><F33/><W104/><G97/><T112/><D112/><U96/><E114/><V83/><F83/><W4/><G46/><T63/><D132/><U32/><E39/><V34/><F34/><W60/><G60/><T81/><D117/><U29/><E133/><V41/><F76/><W28/><G124/><T98/><D118/><U21/><E109/><N who="2" m="42091" /><F95/><W101/><G129/><AGARI ba="4,0" hai="12,13,41,44,49,52,53,54,128,129,131" m="42091" machi="129" ten="40,2600,0" yaku="19,1,54,1" doraHai="87" who="2" fromWho="3" sc="72,0,147,0,162,38,619,-38" /><INIT seed="5,0,0,2,0,35" ten="72,147,200,581" oya="1" hai0="47,29,67,56,40,83,91,17,113,3,50,118,133" hai1="110,84,86,22,108,71,97,102,100,41,14,60,52" hai2="88,16,18,6,10,4,23,135,104,98,121,77,74" hai3="61,65,78,57,85,75,28,134,109,54,89,129,36"/><U51/><E41/><V37/><F121/><W48/><G109/><N who="1" m="42090" /><E60/><V21/><F74/><W79/><G36/><T107/><D107/><N who="1" m="63887" /><E71/><V19/><F77/><W123/><G129/><T39/><D118/><U7/><E102/><V69/><F135/><W116/><G134/><T90/><D133/><U1/><E1/><V72/><F72/><W117/><G123/><T132/><D132/><U99/><E99/><V63/><F37/><W15/><G61/><T34/><D113/><U131/><E131/><V105/><F69/><W93/><G75/><T95/><D34/><U11/><E22/><V12/><F105/><W101/><G48/><T96/><D29/><U44/><AGARI ba="0,0" hai="7,11,14,44,51,52,84,86" m="63887,42090" machi="44" ten="30,3000,0" yaku="10,1,54,1" doraHai="35" who="1" fromWho="1" sc="72,-10,147,30,200,-10,581,-10" /><INIT seed="5,1,0,0,5,34" ten="62,177,190,571" oya="1" hai0="120,22,20,49,128,113,6,60,82,1,0,81,43" hai1="36,21,84,46,14,39,135,130,33,26,134,47,88" hai2="126,16,105,5,52,115,114,23,75,116,18,123,112" hai3="74,109,67,9,29,53,76,110,94,102,100,71,62"/><U8/><E130/><V63/><F123/><W25/><G74/><T133/><D43/><U40/><E33/><V44/><F116/><W83/><G53/><T41/><D6/><U78/><E78/><V104/><F126/><W118/><G118/><T30/><D30/><U70/><E70/><V107/><F75/><W92/><G92/><T64/><D128/><U80/><E46/><V91/><F5/><W132/><G132/><T38/><D38/><U3/><E39/><V12/><F91/><W111/><G94/><T119/><D119/><U24/><E24/><V19/><F63/><W50/><G50/><AGARI ba="1,0" hai="12,16,18,19,23,44,50,52,104,105,107,112,114,115" machi="50" ten="50,8000,1" yaku="15,1,11,1,54,2" doraHai="34" who="2" fromWho="3" sc="62,0,177,0,190,83,571,-83" /><INIT seed="6,0,0,5,1,63" ten="62,177,273,488" oya="2" hai0="124,56,22,6,60,20,54,45,1,3,131,8,100" hai1="28,7,15,65,118,105,132,97,122,49,32,115,59" hai2="66,41,101,133,102,62,42,94,57,19,71,51,126" hai3="109,35,121,55,70,123,5,86,0,91,61,44,52"/><V107/><F107/><W25/><G109/><T90/><D100/><U129/><E105/><V37/><F133/><W14/><G0/><T110/><D3/><U112/><E97/><V98/><F126/><W117/><G117/><T78/><D78/><U119/><E132/><V72/><F72/><W125/><G125/><T87/><D110/><U67/><E49/><V17/><F102/><W76/><G76/><T40/><D124/><U43/><E43/><V85/><F42/><W84/><G84/><T11/><D131/><U93/><E59/><V33/><F33/><W116/><G116/><N who="1" m="44586" /><E93/><V74/><F74/><W50/><G35/><T103/><D103/><U31/><E129/><V99/><F99/><W68/><G70/><T88/><D90/><U4/><E122/><V2/><F2/><W80/><G25/><T128/><D128/><U89/><E89/><V26/><F26/><W95/><G95/><T24/><D11/><N who="1" m="4583" /><E7/><V53/><F85/><W83/><G83/><T34/><D34/><U96/><E96/><V30/><F30/><N who="1" m="11305" /><E32/><V23/><F23/><W135/><G135/><T114/><D114/><AGARI ba="0,0" hai="65,67,112,114,115" m="11305,4583,44586" machi="114" ten="30,3900,0" yaku="15,1,52,2" doraHai="63" who="1" fromWho="0" sc="62,-39,177,39,273,0,488,0" /><INIT seed="7,0,0,4,4,64" ten="23,216,273,488" oya="3" hai0="117,48,73,32,11,39,104,29,76,7,92,74,86" hai1="20,40,93,5,123,131,10,45,50,55,16,13,1" hai2="37,102,110,106,0,135,75,31,24,89,113,100,58" hai3="114,97,77,43,57,19,83,36,44,15,95,3,130"/><W59/><G114/><T53/><D39/><U54/><E131/><V4/><F89/><W99/><G3/><T71/><D117/><U61/><E123/><V52/><F37/><W30/><G30/><T81/><D32/><U132/><E132/><V96/><F102/><W68/><G68/><T27/><D104/><U41/><E1/><V133/><F113/><W98/><G95/><T79/><D79/><U88/><E61/><V72/><F4/><W90/><G90/><T129/><D129/><U127/><E127/><V116/><F116/><W35/><G35/><T34/><D92/><U65/><E65/><V119/><F0/><W63/><G130/><T120/><D120/><U60/><E60/><V70/><F110/><W103/><G63/><T108/><D108/><U47/><E5/><V80/><F80/><W21/><REACH who="3" step="1"/><G103/><REACH who="3" ten="23,216,273,478" step="2"/><T112/><D112/><U18/><E54/><V78/><F119/><W111/><G111/><T28/><D28/><U67/><E67/><V22/><F70/><W62/><G62/><T12/><REACH who="0" step="1"/><D71/><REACH who="0" ten="13,216,273,478" step="2"/><U122/><E122/><V17/><F31/><W8/><G8/><T134/><D134/><U25/><E41/><V85/><F135/><W121/><G121/><T126/><D126/><U51/><E93/><V128/><F128/><W69/><G69/><T107/><D107/><U26/><E88/><V9/><F133/><W42/><G42/><T105/><D105/><U56/><E45/><AGARI ba="0,2" hai="7,11,12,27,29,34,45,48,53,73,74,76,81,86" machi="45" ten="30,2000,0" yaku="1,1,7,1,53,0" doraHai="64" doraHaiUra="109" who="0" fromWho="1" sc="13,40,216,-20,273,0,478,0" owari="53,-44.7,196,-20.4,273,7.3,478,57.8" /></mjloggm>