<mjloggm ver="2.3"><GO type="41" lobby="0"/><UN n0="%E2%93%9D%4C%75%63%6B%79%4A" n1="%E8%8E%89%E4%BB%81" n2="%61%6C%65%78%61%6E%64" n3="%E3%82%A2%E3%83%89%E3%83%90%E3%83%BC%E3%82%B0" dan="17,14,14,15" rate="2142.99,1959.53,1830.10,1985.09" sx="M,M,F,M"/><TAIKYOKU oya="0"/><INIT seed="0,0,0,4,1,77" ten="250,250,250,250" oya="0" hai0="27,90,112,65,54,38,31,32,42,76,82,122,29" hai1="97,7,101,88,56,64,100,127,5,2,9,0,79" hai2="30,130,33,19,131,55,60,18,35,126,36,86,11" hai3="128,41,6,12,95,78,110,57,132,37,98,116,25"/><T24/><D122/><U62/><BYE who="2" /><E127/><V94/><F94/><W108/><G116/><T83/><D112/><U47/><E47/><V135/><F135/><W119/><G119/><T70/><D38/><U4/><E79/><V44/><F44/><N who="3" m="23599" /><G132/><T114/><D114/><U120/><E120/><V106/><F106/><W69/><G69/><T46/><D76/><U113/><E113/><V10/><F10/><N who="3" m="4183" /><G25/><T93/><D65/><U75/><E75/><V80/><F80/><W68/><G68/><T3/><D3/><U67/><E67/><V20/><F20/><W63/><G78/><T117/><D70/><U49/><E49/><V8/><F8/><W50/><G50/><T133/><D133/><U121/><E121/><V81/><F81/><W52/><G95/><T115/><D115/><U89/><E100/><V23/><F23/><W40/><G98/><T109/><D117/><U96/><E96/><V102/><F102/><W129/><G40/><T123/><D123/><U22/><E22/><V87/><F87/><W51/><G51/><T1/><D42/><U85/><E0/><V61/><F61/><W103/><G103/><T107/><D1/><U72/><E72/><V125/><F125/><W99/><G99/><T73/><D73/><U21/><E21/><V84/><F84/><W66/><G66/><T71/><D71/><U105/><REACH who="1" step="1"/><E89/><REACH who="1" ten="250,240,250,250" step="2"/><V17/><F17/><W34/><G34/><T48/><D32/><U43/><E43/><V124/><F124/><W74/><G74/><T91/><D46/><U15/><E15/><V16/><F16/><W58/><G58/><RYUUKYOKU ba="0,1" sc="250,-15,240,15,250,-15,250,15" hai1="2,4,5,7,9,56,62,64,85,88,97,101,105" hai3="52,57,63,108,110,128,129" /><INIT seed="1,1,1,2,1,34" ten="235,255,235,265" oya="1" hai0="55,60,57,4,17,85,127,9,101,14,58,109,44" hai1="96,113,51,135,128,21,24,10,65,89,108,105,39" hai2="121,28,78,66,26,130,87,123,92,35,74,46,124" hai3="37,71,126,93,53,29,20,59,19,25,23,90,83"/><U106/><E113/><V129/><F129/><W63/><G126/><T77/><D127/><U18/><E39/><V33/><F33/><W69/><G83/><T134/><D109/><U88/><E128/><V49/><F49/><W1/><G37/><T50/><D134/><U76/><E135/><V73/><F73/><W61/><G61/><T72/><D72/><U3/><E108/><V13/><F13/><W43/><G43/><T36/><D101/><U116/><E116/><V99/><F99/><W80/><G80/><N who="0" m="47247" /><D36/><U91/><E76/><V32/><F32/><W115/><G1/><T45/><D4/><U7/><E65/><AGARI ba="1,1" hai="9,14,17,44,45,50,55,57,58,60,65" m="47247" machi="65" ten="30,1000,0" yaku="8,1" doraHai="34" who="0" fromWho="1" sc="235,23,255,-13,235,0,265,0" /><INIT seed="2,0,0,3,3,61" ten="258,242,235,265" oya="2" hai0="68,113,28,49,72,16,101,85,57,0,111,40,99" hai1="27,60,17,95,135,15,134,110,56,88,79,89,53" hai2="98,122,81,65,37,19,78,87,117,82,84,20,121" hai3="45,96,73,126,76,48,41,5,1,51,94,109,6"/><V102/><F102/><W103/><G109/><T9/><D68/><U31/><E79/><V33/><F33/><W71/><G126/><T100/><D113/><U91/><E110/><V13/><F13/><W129/><G129/><T44/><D72/><U112/><E112/><V127/><F127/><W130/><G130/><T11/><D28/><U106/><E106/><V119/><F119/><W123/><G123/><T18/><D111/><U23/><E134/><V63/><F63/><W43/><G71/><T116/><D116/><U35/><REACH who="1" step="1"/><E135/><REACH who="1" ten="258,232,235,265" step="2"/><V133/><F133/><W90/><G76/><T64/><D101/><U38/><E38/><V124/><F124/><W54/><G73/><T69/><D100/><U120/><E120/><V10/><F10/><W22/><G103/><T104/><D11/><U74/><E74/><V62/><F62/><W30/><G1/><T21/><D0/><U67/><E67/><V108/><F108/><W97/><G51/><T4/><D49/><U7/><E7/><V12/><F12/><W80/><G5/><T59/><D4/><U77/><E77/><V115/><F115/><W36/><G6/><T114/><D114/><U86/><AGARI ba="0,1" hai="15,17,23,27,31,35,53,56,60,86,88,89,91,95" machi="86" ten="20,5200,0" yaku="1,1,0,1,7,1,54,1,53,0" doraHai="61" doraHaiUra="107" who="1" fromWho="1" sc="258,-13,232,62,235,-26,265,-13" /><INIT seed="3,0,0,5,0,93" ten="245,294,209,252" oya="3" hai0="8,31,0,27,15,94,81,36,123,53,55,120,41" hai1="108,113,59,44,88,118,40,111,110,85,80,74,17" hai2="4,72,109,133,22,5,25,99,86,51,100,67,97" hai3="65,90,33,10,75,63,130,114,119,3,128,127,73"/><W32/><G114/><T105/><D105/><U6/><E113/><V9/><F9/><W125/><G119/><T122/><D0/><U47/><E6/><V68/><F68/><W124/><G90/><T76/><D41/><U49/><E118/><V129/><F129/><N who="3" m="49771" /><G10/><T45/><D36/><U66/><E74/><N who="3" m="28170" /><G3/><T50/><D55/><U96/><E17/><V19/><F19/><W12/><G12/><T131/><D131/><U52/><E66/><V43/><F43/><W38/><G38/><T82/><D76/><U48/><REACH who="1" step="1"/><E96/><REACH who="1" ten="245,284,209,252" step="2"/><V60/><F60/><W112/><G112/><T21/><D123/><U14/><E14/><V78/><F78/><W98/><G98/><T34/><D122/><U106/><E106/><V77/><F77/><W29/><G29/><T61/><D31/><U84/><E84/><V83/><F83/><W132/><G132/><T104/><D82/><U42/><E42/><V107/><F107/><W18/><G18/><T87/><D104/><U16/><E16/><V24/><F24/><W30/><G30/><T70/><D27/><U46/><AGARI ba="0,1" hai="40,44,46,47,48,49,52,59,80,85,88,108,110,111" machi="46" ten="40,8000,1" yaku="1,1,0,1,14,1,54,2,53,0" doraHai="93" doraHaiUra="62" who="1" fromWho="1" sc="245,-20,284,90,209,-20,252,-40" /><INIT seed="4,0,0,2,0,61" ten="225,374,189,212" oya="0" hai0="57,63,110,27,43,79,20,12,24,2,89,55,25" hai1="134,33,19,86,17,44,51,133,4,93,105,90,35" hai2="91,75,32,38,16,74,84,126,60,127,72,113,130" hai3="66,5,54,125,64,106,128,46,49,41,98,112,31"/><T119/><D119/><U39/><E105/><V94/><F94/><W69/><G69/><T100/><D2/><U8/><E39/><V7/><F7/><W62/><G125/><T101/><D110/><U78/><E78/><V70/><F70/><W82/><G112/><T132/><D132/><N who="1" m="50795" /><E33/><V67/><F67/><N who="3" m="25643" /><G106/><T95/><D43/><N who="1" m="24991" /><E35/><V103/><F103/><W87/><G31/><T83/><D12/><AGARI ba="0,0" hai="4,8,12,17,19,86,90,93" m="24991,50795" machi="12" ten="30,1000,0" yaku="20,1" doraHai="61" who="1" fromWho="0" sc="225,-10,374,10,189,0,212,0" /><INIT seed="5,0,0,1,1,9" ten="215,384,189,212" oya="1" hai0="124,50,0,3,79,123,95,44,2,5,114,71,25" hai1="35,37,93,103,127,55,19,106,8,122,41,78,85" hai2="104,34,102,115,23,20,63,68,129,80,36,52,97" hai3="10,70,32,84,131,76,120,15,54,18,82,69,86"/><U92/><E122/><V119/><F119/><W48/><G120/><T133/><D123/><U98/><E127/><V117/><F117/><W6/><G32/><T46/><D71/><U110/><E35/><V118/><F118/><W21/><G84/><T47/><D124/><U1/><E110/><V11/><F11/><W73/><G73/><T14/><D114/><U75/><E55/><V64/><F64/><W112/><G131/><T74/><D25/><U81/><E37/><V16/><F16/><W96/><G96/><T72/><D95/><U12/><E41/><V53/><F53/><W66/><G66/><T59/><D133/><U27/><E1/><V4/><F4/><W22/><G22/><T7/><D79/><U56/><E56/><V49/><F49/><W13/><REACH who="3" step="1"/><G112/><REACH who="3" ten="215,384,189,202" step="2"/><T39/><D74/><U67/><E67/><V57/><F57/><AGARI ba="0,1" hai="6,10,13,15,18,21,48,54,57,69,70,76,82,86" machi="57" ten="30,8000,1" yaku="1,1,2,1,7,1,52,2,53,0" doraHai="9" doraHaiUra="135" who="3" fromWho="2" sc="215,0,384,0,189,-80,202,90" /><INIT seed="6,0,0,0,3,5" ten="215,384,109,292" oya="2" hai0="72,53,73,40,110,122,88,92,90,83,78,79,70" hai1="49,35,68,36,33,14,65,1,106,2,124,101,27" hai2="81,133,102,97,54,119,3,45,132,38,25,32,94" hai3="66,80,84,82,52,130,31,134,57,24,60,99,107"/><V67/><F67/><W85/><G130/><T125/><D40/><U28/><E33/><V86/><F86/><W123/><G123/><T75/><D70/><U4/><E36/><V116/><F116/><W105/><G134/><T93/><D53/><U55/><E124/><V51/><F51/><W87/><G107/><T23/><D23/><U121/><E121/><V30/><F30/><W20/><G105/><T34/><D34/><U131/><E131/><V26/><F26/><W113/><G113/><T103/><D110/><U16/><E101/><V7/><F7/><W127/><G127/><T96/><D125/><U59/><E106/><V100/><F100/><W22/><G99/><N who="0" m="57783" /><D122/><U12/><E12/><V41/><F41/><W29/><G66/><T118/><D118/><U56/><E68/><V15/><F15/><W19/><REACH who="3" step="1"/><G31/><REACH who="3" ten="215,384,109,282" step="2"/><T13/><D13/><AGARI ba="0,1" hai="13,19,20,22,24,29,52,57,60,80,82,84,85,87" machi="13" ten="40,8000,1" yaku="1,1,2,1,8,1,54,1,53,1" doraHai="5" doraHaiUra="48" who="3" fromWho="0" sc="215,-80,384,0,109,0,282,90" /><INIT seed="7,0,0,3,2,16" ten="135,384,109,372" oya="3" hai0="75,38,71,130,17,2,23,127,26,54,25,135,52" hai1="125,93,95,100,121,106,80,105,19,15,70,22,27" hai2="104,113,44,35,11,69,29,65,117,46,79,3,94" hai3="129,31,88,43,107,123,67,66,134,74,108,36,78"/><W63/><G123/><T90/><D75/><U103/><E121/><V118/><F118/><W97/><G129/><T62/><D38/><U39/><E39/><V119/><F119/><W56/><G134/><T96/><D2/><U57/><E70/><V133/><F133/><W24/><G108/><T4/><D135/><U10/><E125/><V40/><F40/><W99/><G107/><T85/><D4/><U7/><E80/><V32/><F32/><W73/><G66/><T49/><D130/><U122/><E122/><V76/><F76/><W20/><G74/><T91/><D127/><U72/><E72/><V101/><F101/><N who="1" m="38985" /><E105/><V81/><F81/><W13/><G13/><T48/><D71/><U45/><E106/><V34/><F34/><W51/><G36/><T41/><D62/><U115/><E115/><V114/><F114/><W126/><G126/><T14/><D96/><U98/><E45/><V111/><F111/><W33/><G33/><T61/><D61/><U47/><E47/><V112/><F112/><W86/><G78/><T30/><D41/><U131/><E131/><V102/><F102/><W9/><G9/><N who="0" m="6351" /><D26/><U110/><E110/><V18/><F18/><W58/><G73/><T132/><D132/><U8/><E8/><V59/><F59/><W1/><G1/><T128/><D128/><U6/><E57/><V68/><F68/><W89/><G58/><N who="0" m="33103" /><D85/><U82/><E98/><N who="3" m="37386" /><G86/><T53/><D48/><U84/><E6/><V116/><F116/><W28/><G28/><T60/><D60/><U77/><AGARI ba="0,0" hai="7,10,15,19,22,27,77,82,84,93,95" m="38985" machi="77" ten="30,2000,0" yaku="8,1,52,1" doraHai="16" who="1" fromWho="1" sc="135,-5,384,20,109,-5,372,-10" owari="130,-27.0,404,50.4,104,-39.6,362,16.2" /></mjloggm>