<mjloggm ver="2.3"><GO type="41" lobby="0"/><UN n0="%E3%82%8F%E3%81%A3%E3%81%A4%EF%BC%95" n1="%E2%93%9D%4C%75%63%6B%79%4A" n2="%6B%69%79%6F%6B%32" n3="%E8%B8%8A%E3%82%8B%E8%82%B4" dan="13,18,16,14" rate="1848.31,2229.64,2041.37,1923.06" sx="M,M,M,M"/><TAIKYOKU oya="0"/><INIT seed="0,0,0,5,4,132" ten="250,250,250,250" oya="0" hai0="64,118,78,71,30,77,73,92,89,114,42,95,21" hai1="15,23,97,7,94,122,135,121,6,14,40,115,13" hai2="102,113,70,74,47,119,24,99,46,69,101,9,88" hai3="60,79,3,106,83,44,35,31,109,126,53,4,22"/><T127/><D114/><U51/><E115/><V96/><F113/><W81/><G106/><T39/><D118/><U107/><E107/><V59/><F74/><W120/><G35/><T110/><D95/><U133/><E40/><V17/><F119/><W28/><G109/><T129/><D129/><U25/><E51/><V130/><F130/><W52/><G22/><T104/><D104/><U62/><E62/><V41/><F59/><W65/><G4/><N who="1" m="1578" /><E97/><V34/><F34/><W57/><G3/><T58/><D71/><U19/><E94/><V29/><F29/><W67/><G44/><T11/><D39/><U48/><E48/><V98/><F70/><W72/><G79/><T91/><D110/><U117/><E117/><V0/><F0/><W84/><G84/><T103/><D73/><U33/><E33/><V12/><F69/><W2/><G60/><T112/><D42/><U56/><E56/><V87/><F24/><W134/><G2/><T49/><D112/><U26/><E26/><V36/><REACH who="2" step="1"/><F47/><REACH who="2" ten="250,250,240,250" step="2"/><W100/><G57/><T86/><D58/><U55/><E55/><V82/><AGARI ba="0,1" hai="9,12,17,36,41,46,82,87,88,96,98,99,101,102" machi="82" ten="30,8000,1" yaku="1,1,2,1,0,1,54,1,53,1" doraHai="132" doraHaiUra="5" who="2" fromWho="2" sc="250,-40,250,-20,240,90,250,-20" /><INIT seed="1,0,0,5,0,123" ten="210,230,330,230" oya="1" hai0="130,131,128,117,21,91,93,65,57,104,18,34,90" hai1="51,35,25,38,43,119,47,46,124,110,100,49,129" hai2="31,22,33,94,7,50,95,80,109,81,86,79,63" hai3="58,13,113,52,71,10,61,77,87,60,72,85,36"/><U82/><E119/><V135/><F33/><W69/><G113/><T12/><D104/><U23/><E35/><V96/><F7/><W45/><G72/><T20/><D34/><U53/><E124/><V29/><F135/><W6/><G77/><T132/><D132/><U44/><E129/><V32/><F32/><W101/><G101/><T122/><D117/><U3/><E3/><V56/><F50/><W98/><G98/><T42/><D42/><U55/><E100/><V97/><F81/><W127/><G127/><T67/><D122/><U17/><REACH who="1" step="1"/><E82/><REACH who="1" ten="210,220,330,230" step="2"/><V112/><F80/><W41/><REACH who="3" step="1"/><G60/><REACH who="3" ten="210,220,330,220" step="2"/><T84/><D131/><U88/><E88/><V4/><F63/><W76/><G76/><T103/><D103/><U108/><AGARI ba="0,2" hai="17,23,25,38,43,44,46,47,49,51,53,55,108,110" machi="108" ten="30,18000,2" yaku="1,1,0,1,9,1,52,2,53,1" doraHai="123" doraHaiUra="15" who="1" fromWho="1" sc="210,-60,220,200,330,-60,220,-60" /><INIT seed="1,1,0,1,1,11" ten="150,420,270,160" oya="1" hai0="44,125,90,109,47,15,100,61,33,42,118,27,131" hai1="129,91,77,83,24,1,103,9,115,81,0,112,18" hai2="5,46,134,121,126,78,51,4,3,17,54,93,41" hai3="14,99,86,8,105,87,35,128,104,37,133,49,107"/><U59/><E103/><V71/><F121/><W80/><G37/><T31/><D118/><U2/><E59/><V65/><F126/><W120/><G133/><T28/><D109/><U30/><E91/><V124/><F124/><W106/><G128/><T12/><D125/><U23/><E83/><V22/><F134/><W32/><G120/><T95/><D100/><U10/><E81/><V50/><F3/><W7/><N who="3" m="26624" /><DORA hai="19" /><W55/><G99/><T123/><D123/><U88/><E77/><V60/><F78/><W13/><G13/><T132/><D132/><U45/><E45/><V85/><F85/><W127/><G127/><T110/><D110/><U56/><E56/><V68/><F68/><W116/><G116/><T58/><D131/><U70/><E70/><V69/><F69/><W114/><G114/><N who="1" m="43562" /><E88/><V130/><F130/><W6/><G6/><T113/><D31/><U67/><E67/><V34/><F34/><W96/><G96/><T101/><D47/><U102/><E102/><V135/><F135/><W119/><G119/><T26/><D101/><U108/><E108/><V64/><F64/><W66/><G66/><T48/><D113/><U75/><E75/><V16/><F93/><W39/><G39/><T117/><D117/><U79/><E79/><V73/><F73/><W38/><G38/><T94/><D94/><U89/><E89/><V72/><F72/><W122/><G122/><T43/><D95/><U97/><E97/><V92/><F92/><W20/><G80/><T63/><D90/><U57/><E129/><V53/><F71/><W52/><G86/><RYUUKYOKU ba="1,0" sc="150,0,420,0,270,0,160,0" /><INIT seed="2,2,0,3,0,93" ten="150,420,270,160" oya="2" hai0="58,30,54,123,94,19,56,124,118,101,117,64,47" hai1="113,74,25,57,73,72,67,76,134,95,18,48,69" hai2="2,13,0,33,135,22,104,71,97,102,129,130,105" hai3="44,111,61,51,4,122,132,8,43,3,29,11,40"/><V45/><F33/><W80/><G122/><T99/><D123/><U12/><E113/><V68/><F105/><W15/><G111/><T5/><D5/><U21/><E69/><N who="2" m="26699" /><F135/><W46/><G132/><T83/><D83/><U38/><E38/><V55/><F22/><W63/><G80/><T17/><D124/><U75/><E134/><V62/><F13/><W10/><G29/><T115/><D115/><U6/><E76/><V77/><F77/><W65/><G65/><T26/><D47/><U90/><E67/><V41/><F55/><W9/><REACH who="3" step="1"/><G3/><REACH who="3" ten="150,420,270,150" step="2"/><N who="2" m="1065" /><F62/><W20/><G20/><T34/><D64/><U89/><E21/><V27/><F27/><W128/><G128/><N who="2" m="49257" /><F45/><W32/><G32/><T36/><D58/><U52/><E57/><V126/><F41/><W131/><G131/><T50/><REACH who="0" step="1"/><D36/><AGARI ba="2,1" hai="4,8,9,10,11,15,36,40,43,44,46,51,61,63" machi="36" ten="40,1300,0" yaku="1,1,53,0" doraHai="93" doraHaiUra="82" who="3" fromWho="0" sc="150,-19,420,0,270,0,150,29" /><INIT seed="3,0,0,4,0,108" ten="131,420,270,179" oya="3" hai0="96,119,48,117,76,82,36,45,61,114,107,101,113" hai1="94,106,64,125,16,73,14,118,51,70,121,97,68" hai2="123,72,4,112,62,77,17,135,20,32,75,29,6" hai3="2,33,13,79,105,90,67,21,81,100,63,127,69"/><W60/><G33/><T87/><D61/><U15/><E121/><V85/><F123/><W120/><G2/><T89/><D36/><U71/><E73/><V1/><F135/><W57/><G127/><T133/><D133/><U95/><E125/><V23/><F62/><W9/><G21/><T39/><D39/><U93/><E118/><V25/><F85/><W91/><G100/><T78/><D45/><U22/><E64/><V58/><F58/><W99/><G105/><T34/><D48/><U3/><E3/><V104/><F104/><W103/><G103/><T134/><D134/><U129/><E129/><V130/><F130/><W98/><G98/><T35/><D35/><U116/><E116/><N who="0" m="44617" /><D34/><U8/><E51/><V47/><F47/><W18/><G99/><T26/><D26/><U41/><E41/><V54/><F54/><W30/><G30/><T55/><D55/><U44/><E44/><V5/><F77/><AGARI ba="0,0" hai="76,77,78,82,87,89,96,101,107,113,114" m="44617" machi="77" ten="30,7700,0" yaku="34,2,52,2" doraHai="108" who="0" fromWho="2" sc="131,77,420,0,270,-77,179,0" /><INIT seed="4,0,0,2,2,9" ten="208,420,193,179" oya="0" hai0="35,36,73,123,74,117,21,2,107,10,16,55,67" hai1="101,41,72,33,8,118,69,32,99,56,11,24,23" hai2="83,113,128,98,29,47,97,90,91,84,51,48,105" hai3="65,133,80,62,100,34,22,115,124,93,28,77,95"/><T43/><D107/><U1/><E69/><V92/><F113/><W60/><G133/><T102/><D117/><U40/><E72/><V78/><F128/><W17/><G115/><T44/><D123/><U122/><E122/><V4/><F29/><W88/><G124/><T3/><D102/><U109/><E56/><V59/><F59/><W89/><G100/><T54/><D67/><U112/><E118/><V132/><F132/><W130/><G28/><T110/><D35/><U82/><E82/><V0/><F0/><W26/><G34/><T70/><D70/><U127/><E109/><V104/><F4/><W19/><G130/><T75/><D110/><U129/><E127/><V126/><F51/><W96/><G19/><T42/><D42/><U116/><E1/><V50/><F50/><W46/><G46/><T106/><D106/><N who="2" m="41066" /><F48/><W49/><G49/><T5/><REACH who="0" step="1"/><D2/><REACH who="0" ten="198,420,193,179" step="2"/><U7/><E116/><V6/><F126/><W37/><G65/><T53/><D53/><U30/><E33/><V13/><F47/><W134/><G134/><T64/><D64/><U86/><E32/><V120/><F120/><W135/><G135/><T18/><D18/><U57/><E41/><V31/><F31/><W39/><G39/><T119/><D119/><U79/><E40/><V58/><F6/><W94/><G37/><T52/><D52/><U71/><E7/><V108/><F108/><W66/><G66/><T38/><D38/><U103/><E71/><V14/><F58/><W63/><REACH who="3" step="1"/><G96/><REACH who="3" ten="198,420,193,169" step="2"/><T45/><D45/><U12/><E57/><V68/><F68/><W85/><AGARI ba="0,2" hai="17,22,26,60,62,63,77,80,85,88,89,93,94,95" machi="85" ten="30,12000,2" yaku="1,1,2,1,5,1,0,1,8,1,54,1,53,1" doraHai="9" doraHaiUra="20" who="3" fromWho="3" sc="198,-60,420,-30,193,-30,169,140" /><INIT seed="5,0,0,1,3,53" ten="138,390,163,309" oya="1" hai0="35,63,104,75,80,44,127,45,105,60,10,114,83" hai1="11,122,19,58,132,4,100,88,16,79,85,74,9" hai2="64,61,81,113,102,121,8,133,99,59,17,70,120" hai3="43,5,116,111,115,78,14,31,12,77,86,36,23"/><U71/><E122/><V66/><F133/><W103/><G111/><T135/><D114/><U92/><E71/><V30/><F113/><W98/><G115/><T94/><D135/><U101/><E132/><V89/><F30/><W18/><G31/><T40/><D127/><U91/><E74/><V112/><F112/><W65/><G65/><T25/><D25/><U24/><E79/><V110/><F110/><W96/><G98/><T21/><D21/><N who="1" m="13375" /><E4/><V69/><F121/><W48/><G36/><T49/><D94/><N who="1" m="54639" /><E58/><V3/><F120/><W42/><G78/><T124/><D124/><U28/><E28/><V50/><F3/><W52/><G5/><T39/><D35/><U134/><E134/><V84/><F66/><W51/><G116/><T130/><D75/><U2/><E2/><V87/><F87/><W1/><G1/><T73/><D73/><U62/><E62/><V126/><F126/><W90/><G77/><T46/><D105/><U20/><E101/><V13/><REACH who="2" step="1"/><F50/><REACH who="2" ten="138,390,153,309" step="2"/><W109/><G51/><T33/><D33/><U68/><E100/><V76/><F76/><W95/><G109/><T34/><D34/><U67/><E67/><V32/><F32/><W97/><G96/><T82/><D39/><U26/><E68/><V57/><F57/><N who="3" m="32903" /><G12/><T119/><D119/><U22/><E26/><V123/><F123/><W29/><G29/><T27/><D27/><N who="1" m="14791" /><E20/><V56/><F56/><W129/><G129/><T47/><D130/><U106/><E106/><AGARI ba="0,1" hai="8,13,17,59,61,64,69,70,81,84,89,99,102,106" machi="106" ten="30,3900,0" yaku="1,1,7,1,52,1,53,0" doraHai="53" doraHaiUra="107" who="2" fromWho="1" sc="138,0,390,-39,153,49,309,0" /><AGARI ba="0,0" hai="14,18,23,42,43,86,90,95,97,103,106" m="32903" machi="106" ten="30,3900,0" yaku="25,1,52,1,54,1" doraHai="53" who="3" fromWho="1" sc="138,0,351,-39,202,0,309,39" /><INIT seed="6,0,0,1,4,98" ten="138,312,202,348" oya="2" hai0="74,30,77,81,85,104,90,94,23,47,86,61,130" hai1="42,25,48,124,67,122,65,114,28,24,60,125,111" hai2="73,129,11,68,117,128,1,121,70,105,134,22,97" hai3="46,50,12,40,59,8,78,87,110,84,66,80,63"/><V127/><RYUUKYOKU type="yao9" ba="0,0" sc="138,0,312,0,202,0,348,0" hai2="1,11,22,68,70,73,97,105,117,121,127,128,129,134" /><INIT seed="6,1,0,1,0,5" ten="138,312,202,348" oya="2" hai0="103,81,39,89,125,24,133,121,131,106,46,51,115" hai1="9,12,49,87,129,43,60,124,105,91,126,63,6" hai2="96,116,20,53,117,77,88,22,2,57,98,100,114" hai3="79,83,27,70,65,109,25,95,30,58,75,11,104"/><V97/><F2/><W82/><G104/><T94/><D39/><U28/><E105/><V120/><F120/><W32/><G70/><T108/><D121/><U134/><E28/><V34/><F34/><W73/><G109/><T90/><D108/><U16/><E134/><V64/><F117/><W118/><G95/><T38/><D38/><U37/><E37/><V72/><F116/><W132/><G132/><T44/><D133/><U45/><E129/><V76/><F72/><W14/><G27/><T61/><D131/><U122/><E6/><V0/><F0/><W74/><G82/><T8/><D24/><U42/><E43/><V99/><F114/><W123/><G123/><T119/><D115/><U54/><E42/><V33/><F33/><W71/><G71/><T31/><D31/><U18/><E18/><V40/><F40/><W3/><G3/><T29/><D29/><U35/><E35/><V59/><F100/><W62/><REACH who="3" step="1"/><G118/><REACH who="3" ten="138,312,202,338" step="2"/><T47/><D119/><U93/><REACH who="1" step="1"/><E122/><REACH who="1" ten="138,302,202,338" step="2"/><V101/><F101/><W10/><G10/><T92/><D106/><U7/><E7/><AGARI ba="1,2" hai="7,11,14,25,30,32,58,62,65,73,74,75,79,83" machi="7" ten="30,3900,0" yaku="1,1,7,1,52,1,53,0" doraHai="5" doraHaiUra="111" who="3" fromWho="1" sc="138,0,302,-42,202,0,338,62" /><INIT seed="7,0,0,0,1,13" ten="138,260,202,400" oya="3" hai0="126,37,14,74,89,33,6,49,130,50,1,7,41" hai1="95,26,68,61,114,133,23,12,38,31,70,113,108" hai2="19,106,60,119,66,59,129,8,53,78,107,91,83" hai3="86,75,43,103,111,104,73,69,22,80,79,110,29"/><W0/><G22/><T34/><D126/><U56/><E38/><V46/><F119/><W40/><G29/><T62/><D130/><U84/><E108/><N who="3" m="41514" /><G69/><T99/><D74/><N who="3" m="28169" /><G0/><T76/><D76/><U123/><E12/><V71/><F129/><W117/><G117/><T135/><D135/><U115/><E123/><V16/><F107/><W28/><G28/><T52/><D1/><U77/><E133/><V57/><F106/><W88/><G88/><T93/><D34/><U96/><E77/><V44/><F71/><W81/><G81/><T24/><D24/><U72/><E72/><V82/><F8/><W109/><N who="3" m="41522" /><W35/><DORA hai="11" /><G35/><T32/><D32/><U18/><E84/><V132/><F132/><W9/><G9/><N who="0" m="4407" /><D33/><U85/><E85/><N who="2" m="50615" /><F83/><W20/><G20/><T4/><D37/><U55/><REACH who="1" step="1"/><E31/><REACH who="1" ten="138,250,202,400" step="2"/><V131/><F131/><W116/><G116/><T125/><D125/><U42/><E42/><V128/><F128/><W92/><G43/><T90/><D41/><U127/><E127/><V64/><F78/><W101/><G40/><T102/><D90/><AGARI ba="0,1" hai="18,23,26,55,56,61,68,70,90,95,96,113,114,115" machi="90" ten="40,12000,2" yaku="1,1,25,2,15,1,52,1,53,1" doraHai="13,11" doraHaiUra="118,17" who="1" fromWho="0" sc="138,-120,250,130,202,0,400,0" owari="18,-48.2,380,18.0,202,-19.8,400,50.0" /></mjloggm>