<mjloggm ver="2.3"><GO type="41" lobby="0"/><UN n0="%47%6F%6F%64%59%65%61%72" n1="%E2%93%9D%4C%75%63%6B%79%4A" n2="%E2%98%85%48%4F%50%45%E2%98%85" n3="%E8%BE%9B%E3%83%9F%E3%82%A2%E3%83%AB%E3%83%8A" dan="14,18,15,14" rate="1925.11,2197.79,2017.32,1825.32" sx="M,M,M,M"/><TAIKYOKU oya="0"/><INIT seed="0,0,0,0,2,39" ten="250,250,250,250" oya="0" hai0="88,2,34,48,76,19,71,131,102,65,64,45,67" hai1="18,54,53,126,4,79,100,83,55,17,60,125,42" hai2="91,8,26,61,20,35,21,7,63,119,93,70,112" hai3="49,31,52,105,57,0,13,128,114,58,68,73,24"/><T56/><D34/><U117/><E117/><V51/><F112/><W9/><G114/><T107/><D2/><U37/><E100/><V59/><F70/><W15/><G73/><T134/><D71/><U46/><E4/><V23/><F35/><W129/><G68/><T32/><D32/><U72/><REACH who="1" step="1"/><E60/><REACH who="1" ten="250,240,250,250" step="2"/><V10/><F63/><W66/><G128/><T85/><D131/><U29/><E29/><V22/><F119/><W132/><G129/><T113/><D113/><U80/><E80/><V1/><F26/><W38/><G24/><T25/><D102/><U92/><E92/><V11/><F61/><W16/><G31/><T127/><D107/><U118/><E118/><V116/><F116/><W36/><G105/><T5/><D5/><U50/><E50/><V41/><F7/><W123/><G49/><T124/><D25/><U33/><E33/><V98/><F1/><W82/><G0/><T81/><D19/><AGARI ba="0,1" hai="17,18,19,37,42,46,53,54,55,72,79,83,125,126" machi="19" ten="40,5200,0" yaku="1,1,52,1,53,1" doraHai="39" doraHaiUra="77" who="1" fromWho="0" sc="250,-52,240,62,250,0,250,0" /><INIT seed="1,0,0,3,2,21" ten="198,302,250,250" oya="1" hai0="101,92,79,106,57,72,56,103,128,70,52,1,24" hai1="121,20,6,93,134,18,97,31,87,88,132,29,47" hai2="116,25,17,15,91,100,49,110,78,89,107,95,63" hai3="122,69,113,112,51,80,119,46,120,62,23,84,67"/><U59/><E121/><N who="3" m="46698" /><G23/><T28/><D70/><U125/><E6/><V115/><F116/><W117/><G84/><T12/><D1/><U27/><E125/><V65/><F110/><W129/><G80/><T123/><D123/><U54/><E47/><V37/><F37/><W66/><G67/><T10/><D128/><U64/><E64/><V118/><F118/><N who="3" m="45067" /><G129/><T90/><D106/><U30/><REACH who="1" step="1"/><E87/><REACH who="1" ten="198,292,250,250" step="2"/><V73/><F65/><W58/><G69/><T2/><D2/><U40/><E40/><AGARI ba="0,1" hai="40,46,51,58,62,66,112,113" m="45067,46698" machi="40" ten="30,3900,0" yaku="12,1,34,2" doraHai="21" who="3" fromWho="1" sc="198,0,292,-39,250,0,250,49" /><INIT seed="2,0,0,4,4,81" ten="198,253,250,299" oya="2" hai0="65,63,66,128,60,57,94,13,64,129,112,8,96" hai1="28,2,68,16,34,11,55,135,23,5,72,27,6" hai2="110,121,77,0,134,98,61,17,10,132,30,3,21" hai3="9,122,32,14,95,70,22,124,97,53,15,58,104"/><V29/><F121/><W86/><G122/><T85/><D112/><U101/><E68/><V83/><F98/><W123/><G70/><T26/><D26/><N who="1" m="18711" /><E55/><V87/><F61/><W125/><G32/><T54/><D63/><U82/><E82/><V4/><F3/><W133/><G104/><T71/><D71/><U69/><E72/><V36/><F36/><W79/><G133/><N who="2" m="51305" /><F110/><W105/><G105/><T103/><REACH who="0" step="1"/><D85/><REACH who="0" ten="188,253,250,299" step="2"/><U88/><E69/><V99/><F99/><W52/><G86/><T48/><D48/><U78/><E135/><V44/><F44/><W12/><G97/><T89/><D89/><U108/><E88/><V100/><F100/><W130/><G124/><T109/><D109/><U127/><E108/><V51/><F51/><W25/><G123/><T119/><D119/><U114/><E114/><V73/><F73/><W47/><G125/><T75/><D75/><U93/><E127/><V59/><F59/><W7/><G58/><T106/><D106/><U116/><E116/><V92/><F92/><W35/><G95/><T76/><D76/><U102/><E78/><V117/><F117/><W120/><G79/><T42/><D42/><U113/><E113/><V31/><F77/><W111/><G120/><T49/><D49/><U1/><E93/><V67/><F87/><W74/><G74/><T131/><D131/><U50/><E50/><V38/><F83/><W19/><G130/><T56/><D56/><U107/><E107/><V126/><F126/><W41/><G41/><T43/><D43/><U18/><E102/><V80/><F80/><W46/><G111/><RYUUKYOKU ba="0,1" sc="188,30,253,-10,250,-10,299,-10" hai0="8,13,54,57,60,64,65,66,94,96,103,128,129" /><INIT seed="3,1,1,5,2,100" ten="218,243,240,289" oya="3" hai0="110,123,128,130,119,117,98,49,84,53,32,111,56" hai1="65,22,108,120,103,40,135,42,9,102,86,69,129" hai2="54,83,124,91,55,58,99,31,77,107,0,21,68" hai3="64,112,66,118,70,97,95,26,52,29,81,15,87"/><W41/><G112/><T134/><D32/><U50/><E120/><V30/><F68/><W46/><G118/><T5/><D5/><U116/><E129/><N who="0" m="49769" /><D123/><U92/><E69/><V10/><F124/><W121/><G70/><T11/><D11/><U96/><E65/><V2/><F55/><W101/><G121/><T90/><D98/><U3/><E135/><V67/><F67/><W133/><G133/><T126/><D134/><U44/><E108/><N who="0" m="41513" /><D126/><U14/><E3/><V94/><F107/><W73/><G73/><T63/><D63/><U13/><E9/><V20/><F10/><W105/><G15/><T47/><D47/><U1/><E14/><V39/><F2/><W12/><G12/><T80/><AGARI ba="1,1" hai="49,53,56,80,84,90,117,119" m="41513,49769" machi="80" ten="30,2000,0" yaku="19,1,14,1" doraHai="100" who="0" fromWho="0" sc="218,33,243,-6,240,-6,289,-11" /><INIT seed="4,0,0,2,3,84" ten="251,237,234,278" oya="0" hai0="94,86,123,82,30,5,25,75,49,51,88,27,74" hai1="135,76,85,80,130,14,69,17,72,129,67,29,96" hai2="42,113,48,52,32,64,102,28,122,70,45,15,20" hai3="124,50,101,18,95,65,24,93,91,43,71,8,116"/><T35/><D123/><U104/><E29/><V31/><F122/><W133/><G116/><T3/><D3/><U44/><E67/><V6/><F32/><W34/><G34/><T22/><D5/><U77/><E69/><V33/><F33/><W90/><G71/><T68/><D68/><U53/><E53/><V46/><F113/><W55/><G65/><T97/><D75/><U16/><E44/><V38/><F102/><W115/><G115/><T19/><REACH who="0" step="1"/><D74/><REACH who="0" ten="241,237,234,278" step="2"/><U12/><E72/><V57/><F6/><W2/><G2/><T83/><D83/><U9/><E135/><V117/><F117/><W121/><G133/><T114/><D114/><U87/><E80/><V13/><F70/><W119/><G121/><T108/><D108/><U62/><E130/><V103/><F64/><W60/><G119/><T0/><D0/><U126/><E129/><V39/><F39/><W66/><G66/><T120/><D120/><U125/><E126/><V107/><F38/><W111/><G124/><T37/><D37/><U73/><E73/><V11/><F107/><W58/><G111/><T106/><D106/><U109/><E109/><V47/><F42/><W100/><G43/><T36/><D36/><U78/><E125/><V23/><F52/><W21/><G55/><T134/><D134/><U40/><E40/><V1/><F1/><W26/><G8/><T118/><D118/><U56/><E9/><V131/><F11/><W112/><G112/><T110/><D110/><U61/><E104/><V63/><F131/><W4/><G4/><T105/><D105/><U7/><E7/><RYUUKYOKU ba="0,1" sc="241,30,237,-10,234,-10,278,-10" hai0="19,22,25,27,30,35,49,51,82,86,88,94,97" /><INIT seed="4,1,1,0,5,105" ten="271,227,224,268" oya="0" hai0="21,63,2,18,62,135,29,125,25,106,90,127,118" hai1="1,85,98,11,119,91,123,122,113,78,69,82,97" hai2="111,43,76,14,99,83,48,120,60,71,13,89,92" hai3="38,54,70,115,126,100,0,129,27,96,22,45,61"/><T59/><D118/><U102/><E69/><V88/><F111/><W87/><G129/><T30/><D106/><N who="1" m="63831" /><E11/><V56/><F71/><W114/><G126/><N who="0" m="48139" /><D135/><U49/><E49/><V124/><F120/><N who="1" m="46121" /><E1/><V80/><F80/><W20/><G0/><T103/><D2/><U35/><E35/><V55/><F89/><W86/><G22/><T15/><D103/><U132/><E119/><V33/><F33/><W8/><G8/><T51/><D30/><U42/><E42/><V93/><F93/><W6/><G6/><T23/><D90/><U84/><E113/><V128/><F128/><W46/><G70/><T116/><D116/><U37/><E37/><V81/><F81/><W109/><G38/><T44/><D59/><U94/><E132/><V31/><F31/><W10/><G10/><T34/><D23/><U130/><E130/><V24/><F124/><W72/><G20/><T53/><AGARI ba="1,1" hai="15,18,21,25,29,34,44,51,53,62,63" m="48139" machi="53" ten="30,1500,0" yaku="18,1" doraHai="105" who="0" fromWho="0" sc="271,28,227,-6,224,-6,268,-6" /><INIT seed="4,2,0,3,2,83" ten="299,221,218,262" oya="0" hai0="85,120,41,93,0,117,108,52,17,92,40,72,3" hai1="79,38,82,65,73,44,23,131,118,125,129,15,35" hai2="2,12,47,20,77,45,102,70,25,122,106,5,57" hai3="81,121,132,98,59,13,112,113,69,90,31,66,62"/><T24/><D120/><U68/><E118/><V100/><F70/><W75/><G121/><T124/><D117/><U4/><E35/><V74/><F106/><W115/><G132/><T14/><D72/><U67/><E68/><V127/><F122/><W101/><G31/><T32/><D124/><U43/><E125/><V105/><F2/><W89/><G69/><T34/><D108/><U60/><E60/><V26/><F26/><W94/><G13/><T71/><D71/><U29/><E29/><V16/><F105/><W53/><G66/><T56/><D0/><U19/><REACH who="1" step="1"/><E4/><REACH who="1" ten="299,211,218,262" step="2"/><V133/><F127/><W96/><G75/><T104/><D32/><U84/><E84/><V87/><F74/><W128/><G128/><AGARI ba="2,1" hai="15,19,23,38,43,44,65,67,73,79,82,128,129,131" machi="128" ten="40,5200,0" yaku="1,1,19,1,53,1" doraHai="83" doraHaiUra="42" who="1" fromWho="3" sc="299,0,211,68,218,0,262,-58" /><INIT seed="5,0,0,5,2,40" ten="299,279,218,204" oya="1" hai0="111,102,63,95,74,51,17,101,62,1,78,125,124" hai1="109,86,91,131,82,0,49,132,103,32,9,67,18" hai2="58,33,133,34,38,12,29,66,77,90,11,126,134" hai3="14,127,114,104,8,45,10,16,71,88,21,42,107"/><U129/><E32/><V4/><F38/><W7/><G127/><N who="0" m="48715" /><D111/><U31/><E31/><V22/><F126/><W89/><G71/><T57/><D1/><U27/><E103/><N who="0" m="39433" /><D95/><U13/><E132/><N who="2" m="50795" /><F77/><W59/><G59/><T37/><D37/><U79/><E0/><V39/><F39/><W115/><G10/><T83/><D17/><U68/><E109/><V5/><F90/><W61/><G61/><T84/><D74/><U53/><E27/><N who="2" m="16631" /><F58/><W96/><G104/><T128/><D128/><U20/><E20/><V69/><F66/><W112/><G107/><T135/><D135/><U94/><E67/><V70/><F70/><W3/><REACH who="3" step="1"/><G96/><REACH who="3" ten="299,279,218,194" step="2"/><T60/><D60/><U121/><E68/><V110/><F69/><W72/><G72/><T106/><D106/><U24/><E131/><V36/><F110/><W108/><G108/><T117/><D117/><U23/><E129/><V80/><F11/><W54/><G54/><AGARI ba="0,1" hai="51,54,57,62,63,78,83,84" m="39433,48715" machi="54" ten="30,1000,0" yaku="18,1" doraHai="40" who="0" fromWho="3" sc="299,20,279,0,218,0,194,-10" /><INIT seed="6,0,0,2,0,73" ten="319,279,218,184" oya="2" hai0="126,81,111,88,8,28,103,91,89,32,74,55,68" hai1="94,58,118,7,131,23,59,63,102,99,100,26,96" hai2="42,53,39,21,45,90,123,2,5,6,92,37,27" hai3="117,57,12,61,113,43,46,31,127,105,18,84,70"/><V33/><F33/><W83/><G117/><T98/><D68/><U110/><E118/><V60/><F123/><W52/><G127/><T64/><D64/><U134/><E110/><V36/><F2/><W30/><G113/><T50/><D111/><U1/><E131/><V49/><F60/><W76/><G105/><T38/><D38/><U79/><E134/><V17/><REACH who="2" step="1"/><F42/><REACH who="2" ten="319,279,208,184" step="2"/><W19/><G70/><T24/><D32/><U104/><E63/><V65/><F65/><W44/><G43/><T66/><D66/><U101/><E1/><V80/><F80/><W130/><G130/><T87/><D81/><U77/><E102/><V72/><F72/><W35/><G35/><T20/><D74/><U97/><E101/><V109/><F109/><W106/><G106/><T0/><D0/><U69/><E104/><V11/><F11/><W4/><G4/><T93/><D8/><U85/><E7/><V95/><F95/><W48/><G61/><T10/><D10/><U135/><E100/><V78/><F78/><N who="1" m="29705" /><E135/><V51/><F51/><W75/><G75/><T16/><D103/><U56/><E69/><V40/><F40/><W120/><G120/><T107/><D107/><U3/><E3/><V71/><F71/><W9/><REACH who="3" step="1"/><G19/><REACH who="3" ten="319,279,208,174" step="2"/><T13/><D16/><N who="1" m="12647" /><E94/><V124/><F124/><W47/><AGARI ba="0,2" hai="9,12,18,30,31,44,46,47,48,52,57,76,83,84" machi="47" ten="30,12000,2" yaku="1,1,0,1,8,1,52,1,54,1,53,2" doraHai="73" doraHaiUra="25" who="3" fromWho="3" sc="319,-30,279,-30,208,-60,174,140" /><INIT seed="7,0,0,0,2,109" ten="289,249,148,314" oya="3" hai0="81,64,2,6,14,86,98,29,34,20,47,45,69" hai1="113,38,85,73,12,95,54,51,71,128,101,83,33" hai2="120,123,49,108,7,89,28,50,79,74,127,11,129" hai3="60,112,40,59,133,93,92,67,53,58,76,115,63"/><W90/><G133/><T22/><D2/><U97/><E38/><V106/><F108/><W41/><G76/><T84/><D34/><U18/><E33/><V24/><F106/><W70/><G70/><T75/><D75/><U32/><E32/><V23/><F127/><W114/><G92/><T66/><D69/><U72/><E71/><V77/><F129/><W48/><G63/><T13/><D98/><AGARI ba="0,0" hai="40,41,48,53,58,59,60,67,90,93,98,112,114,115" machi="98" ten="40,12000,1" yaku="15,1,52,3" doraHai="109" who="3" fromWho="0" sc="289,-120,249,0,148,0,314,120" owari="169,-23.1,249,4.9,148,-35.2,434,53.4" /></mjloggm>