<mjloggm ver="2.3"><GO type="41" lobby="0"/><UN n0="%6B%6F%75%72%69%6E%30%33" n1="%6F%72%64%65%72%50" n2="%E2%93%9D%4C%75%63%6B%79%4A" n3="%E5%96%A7%E5%98%A9%E4%B8%A1%E6%88%90%E6%95%97" dan="14,13,18,13" rate="1980.74,1864.92,2202.34,1909.98" sx="M,M,M,F"/><TAIKYOKU oya="0"/><BYE who="3" /><UN n3="%E5%96%A7%E5%98%A9%E4%B8%A1%E6%88%90%E6%95%97" /><INIT seed="0,0,0,1,0,14" ten="250,250,250,250" oya="0" hai0="51,29,16,47,11,92,75,63,48,3,99,85,8" hai1="123,83,54,96,19,12,34,57,13,102,110,119,70" hai2="42,32,90,10,114,22,93,36,43,53,130,60,106" hai3="124,20,81,118,35,116,18,79,103,115,74,27,59"/><T111/><D75/><U9/><E119/><V133/><F32/><W127/><G115/><T61/><D29/><U112/><E123/><V62/><F106/><W88/><G103/><T86/><D3/><U41/><E70/><V107/><F107/><W28/><G59/><T37/><D37/><U40/><E34/><V15/><F133/><W117/><REACH who="3" step="1"/><G88/><REACH who="3" ten="250,250,250,240" step="2"/><N who="0" m="55687" /><D111/><U100/><E112/><V2/><F90/><W128/><G128/><T91/><D85/><U132/><E110/><V134/><F114/><W69/><G69/><T105/><D105/><U26/><E102/><V87/><F130/><W1/><G1/><T131/><D131/><U72/><E132/><V56/><F2/><W39/><G39/><T98/><D98/><U23/><E100/><V31/><F36/><W52/><G52/><N who="0" m="29727" /><D51/><U67/><E96/><V95/><F134/><W33/><G33/><T25/><D63/><U17/><E67/><V73/><F62/><W0/><G0/><T38/><D61/><U77/><REACH who="1" step="1"/><E26/><AGARI ba="0,1" hai="18,20,26,27,28,35,74,79,81,116,117,118,124,127" machi="26" ten="50,3200,0" yaku="1,1,52,1,53,0" doraHai="14" doraHaiUra="68" who="3" fromWho="1" sc="250,0,250,-32,250,0,240,42" /><INIT seed="1,0,0,1,3,70" ten="250,218,250,282" oya="1" hai0="120,64,91,23,76,4,83,27,29,71,52,92,60" hai1="133,127,25,58,126,119,19,106,123,56,36,108,65" hai2="112,88,117,75,93,121,73,113,63,59,54,12,46" hai3="109,105,61,90,86,62,34,129,51,44,16,102,79"/><U116/><E106/><V14/><F121/><W48/><G34/><T110/><D110/><U3/><E3/><V57/><F117/><W128/><G109/><T101/><D101/><U72/><E72/><N who="2" m="27723" /><F46/><W33/><G33/><T69/><D4/><U37/><E108/><V89/><F59/><N who="1" m="22569" /><E65/><V132/><F132/><W43/><G79/><T74/><D120/><U82/><E123/><V0/><F0/><W11/><G51/><T95/><D92/><U118/><E82/><V66/><F66/><W134/><G102/><T55/><REACH who="0" step="1"/><D71/><REACH who="0" ten="240,218,250,282" step="2"/><U77/><E77/><V103/><F103/><W87/><G105/><T49/><D49/><U125/><E133/><V10/><F93/><W67/><G134/><T85/><AGARI ba="0,1" hai="23,27,29,52,55,60,64,69,74,76,83,85,91,95" machi="85" ten="20,5200,0" yaku="1,1,0,1,7,1,54,1,53,0" doraHai="70" doraHaiUra="6" who="0" fromWho="0" sc="240,62,218,-26,250,-13,282,-13" /><INIT seed="2,0,0,1,0,119" ten="302,192,237,269" oya="2" hai0="65,60,95,91,129,8,130,131,104,29,38,23,19" hai1="105,0,74,25,108,71,82,4,40,94,39,72,83" hai2="14,122,34,50,121,9,59,58,32,75,66,5,109" hai3="113,10,110,22,53,46,124,67,47,77,51,52,70"/><V100/><F75/><W96/><G110/><T133/><D104/><U88/><E71/><V55/><F109/><W80/><G124/><T20/><D38/><U3/><E105/><V87/><F100/><W120/><G113/><T11/><D29/><U86/><E108/><V36/><F36/><W30/><G70/><T37/><D37/><U54/><E25/><V42/><F42/><W48/><G67/><T116/><D133/><U73/><E54/><V128/><F128/><W76/><G120/><T35/><D35/><U99/><E4/><V103/><F103/><W118/><G118/><T1/><D1/><U31/><E31/><V18/><F87/><W97/><G10/><N who="0" m="3627" /><D19/><U13/><E13/><V64/><F66/><W127/><G127/><T27/><D27/><U106/><E40/><V117/><F117/><W49/><G49/><T26/><D26/><U63/><E63/><V33/><REACH who="2" step="1"/><F5/><REACH who="2" ten="302,192,227,269" step="2"/><W85/><G76/><T125/><D116/><U24/><E39/><V17/><F17/><W57/><G30/><T111/><D111/><U21/><E106/><V2/><F2/><N who="1" m="553" /><E86/><V15/><F15/><W28/><G28/><T16/><D16/><N who="1" m="12327" /><E72/><V79/><F79/><W114/><G77/><T41/><D41/><U101/><E101/><V115/><F115/><W44/><G114/><T102/><D102/><U6/><E6/><V78/><F78/><W89/><G22/><T134/><D125/><U92/><E73/><V84/><F84/><W135/><G135/><T98/><D134/><U112/><E112/><V107/><F107/><W126/><G126/><T68/><AGARI ba="0,1" hai="20,23,60,65,68,91,95,98,129,130,131" m="3627" machi="68" ten="40,2700,0" yaku="5,1,19,1" doraHai="119" who="0" fromWho="0" sc="302,37,192,-7,227,-13,269,-7" /><INIT seed="3,0,0,3,1,85" ten="339,185,214,262" oya="3" hai0="52,135,15,91,62,94,48,22,37,126,108,3,2" hai1="21,8,82,43,133,9,36,103,28,129,57,1,17" hai2="98,56,119,105,125,86,132,34,19,123,121,23,31" hai3="96,64,97,10,11,72,45,122,130,90,42,41,75"/><W32/><G32/><T70/><D37/><U55/><E133/><V51/><F119/><W69/><G122/><N who="2" m="46601" /><F34/><W76/><G130/><T66/><D108/><U111/><E111/><V92/><F31/><W20/><G20/><T73/><D73/><U13/><E129/><V18/><F105/><W112/><G112/><T65/><D65/><U33/><E103/><V117/><F86/><W50/><G76/><T99/><D135/><U120/><E120/><V93/><F93/><W38/><G38/><T124/><D15/><U80/><E43/><V118/><F125/><N who="0" m="48234" /><D22/><U7/><E36/><V102/><F132/><W110/><G110/><T127/><N who="0" m="48242" /><T30/><DORA hai="25" /><D30/><U134/><E134/><V95/><F95/><W113/><G113/><T83/><D83/><U12/><E57/><AGARI ba="0,0" hai="2,3,48,52,57,62,66,70,91,94,99" m="48242" machi="57" ten="40,5200,0" yaku="18,1,52,1,54,1" doraHai="85,25" who="0" fromWho="1" sc="339,52,185,-52,214,0,262,0" /><INIT seed="4,0,0,2,4,77" ten="391,133,214,262" oya="0" hai0="6,64,107,100,103,54,13,105,94,5,61,16,66" hai1="65,132,83,97,45,53,17,75,58,59,117,33,22" hai2="78,26,32,114,21,51,101,44,130,95,60,109,112" hai3="2,42,63,122,104,27,115,99,19,29,133,36,129"/><T0/><D0/><U14/><E33/><V93/><F32/><W41/><G2/><T69/><D64/><U50/><E117/><V72/><F109/><W128/><G115/><N who="2" m="44073" /><F101/><W102/><G133/><T118/><D118/><U52/><E132/><V98/><F60/><W116/><G116/><T125/><D125/><U40/><E97/><V56/><F56/><W106/><G122/><T4/><D54/><U124/><E124/><V55/><F130/><N who="3" m="50283" /><G63/><T8/><REACH who="0" step="1"/><D94/><REACH who="0" ten="381,133,214,262" step="2"/><U62/><E75/><V23/><F95/><W31/><G106/><AGARI ba="0,1" hai="4,5,6,8,13,16,61,66,69,100,103,105,106,107" machi="106" ten="40,7700,0" yaku="1,1,2,1,54,1,53,0" doraHai="77" doraHaiUra="74" who="0" fromWho="3" sc="381,87,133,0,214,0,262,-77" /><INIT seed="4,1,0,4,5,80" ten="468,133,214,185" oya="0" hai0="35,60,132,12,30,120,106,89,55,58,71,127,36" hai1="99,8,52,29,82,114,101,86,40,83,81,107,28" hai2="67,118,65,108,39,61,25,134,47,92,1,14,116" hai3="87,15,4,103,95,97,34,5,94,133,70,96,59"/><T121/><D36/><U102/><E40/><V56/><F1/><W2/><G70/><T98/><D127/><U126/><E8/><V93/><F25/><W73/><G73/><T11/><D132/><U41/><E41/><N who="2" m="22975" /><F14/><W38/><G38/><T91/><D71/><U43/><E43/><V115/><F93/><W26/><G2/><T109/><D109/><U123/><E123/><V90/><F108/><W75/><G75/><T113/><D113/><U69/><E69/><V84/><F115/><W128/><G128/><T62/><D60/><U135/><E114/><V19/><F19/><W51/><G15/><T42/><D42/><U68/><E68/><V7/><F7/><W88/><G133/><T54/><D54/><U20/><E135/><V31/><F31/><W13/><G13/><T77/><D77/><U124/><E102/><V22/><F22/><W17/><G96/><T85/><D30/><U6/><E6/><V18/><F18/><W64/><G34/><T57/><D58/><U110/><E110/><V131/><F131/><W72/><G72/><T0/><D0/><U49/><E28/><V76/><F76/><W112/><G112/><T66/><D66/><U111/><E111/><V119/><F134/><W63/><G51/><T24/><D24/><U125/><E20/><AGARI ba="1,0" hai="4,5,17,20,26,59,63,64,87,88,94,95,97,103" machi="20" ten="40,5200,0" yaku="8,1,52,1,54,1" doraHai="80" who="3" fromWho="1" sc="468,0,133,-55,214,0,185,55" /><INIT seed="5,0,0,5,1,52" ten="468,78,214,240" oya="1" hai0="10,82,133,89,109,68,94,98,29,40,11,47,102" hai1="121,51,124,131,30,107,9,35,13,125,38,117,128" hai2="123,26,81,45,119,8,25,129,36,91,28,73,53" hai3="19,49,132,88,34,80,134,79,59,27,120,32,60"/><U62/><E117/><V113/><F119/><W135/><G120/><T100/><D109/><U7/><E121/><V14/><F123/><W101/><G101/><T71/><D133/><U90/><E107/><V5/><F129/><N who="1" m="49737" /><E38/><V96/><F113/><W44/><G19/><T122/><D122/><U105/><E105/><V3/><F14/><W54/><G27/><T22/><D68/><U114/><E90/><V15/><F15/><W93/><G80/><T84/><D71/><U116/><E116/><V50/><F36/><W55/><G79/><T111/><D111/><U104/><E104/><V72/><F26/><W18/><G18/><T115/><D115/><U106/><E106/><V57/><F45/><W75/><G75/><T112/><D112/><U63/><E51/><V74/><F96/><AGARI ba="0,0" hai="32,34,44,49,54,55,59,60,88,93,96,132,134,135" machi="96" ten="40,5200,0" yaku="20,1,52,1,54,1" doraHai="52" who="3" fromWho="2" sc="468,0,78,0,214,-52,240,52" /><INIT seed="6,0,0,5,3,75" ten="468,78,162,292" oya="2" hai0="130,38,105,40,55,127,76,109,123,56,45,93,50" hai1="70,89,81,103,117,58,120,108,63,0,1,82,107" hai2="30,80,112,26,72,27,61,29,99,15,86,5,54" hai3="37,126,124,21,131,118,17,34,3,16,46,114,48"/><V68/><F72/><W51/><G118/><T135/><D105/><U84/><E117/><V101/><F112/><W43/><G34/><T28/><D109/><U6/><E108/><V88/><F5/><W59/><G3/><T10/><D123/><U92/><E70/><V19/><F68/><W106/><G106/><T23/><D127/><N who="3" m="48681" /><G131/><T94/><D135/><U83/><E120/><V96/><F61/><W67/><G17/><T60/><D130/><U102/><E6/><V62/><F62/><N who="3" m="38367" /><G114/><T14/><D38/><U24/><E24/><AGARI ba="0,0" hai="16,21,24,37,43,46,48,51" m="38367,48681" machi="24" ten="30,2000,0" yaku="18,1,54,1" doraHai="75" who="3" fromWho="1" sc="468,0,78,-20,162,0,292,20" /><INIT seed="7,0,0,3,4,107" ten="468,58,162,312" oya="3" hai0="67,70,46,34,64,124,22,87,38,33,16,52,20" hai1="23,102,60,122,27,53,113,10,43,135,114,17,77" hai2="101,4,57,89,94,69,68,106,54,0,100,62,85" hai3="119,3,37,123,29,81,51,12,65,104,97,15,115"/><W129/><G123/><T130/><D130/><U41/><E122/><V49/><F106/><W31/><G37/><T18/><D124/><U39/><E135/><V19/><F0/><W6/><G119/><T58/><D70/><U126/><E126/><V108/><F108/><W72/><G129/><T59/><D87/><U35/><E102/><V98/><F4/><W45/><G3/><T74/><D74/><U61/><E10/><V80/><F101/><W133/><G133/><T25/><D46/><U96/><E96/><V90/><F19/><W103/><G115/><T7/><D7/><U50/><E77/><V73/><F73/><W127/><G65/><T26/><D38/><U36/><E35/><V76/><F69/><W32/><G32/><T1/><D1/><U109/><E109/><V121/><F121/><W86/><G72/><T84/><D84/><U66/><E23/><V13/><F13/><W11/><G15/><T78/><D78/><U128/><E27/><V117/><F117/><W112/><G112/><T120/><D120/><U116/><E17/><V8/><F8/><W14/><G14/><T47/><D47/><U42/><E128/><V63/><F68/><W28/><G127/><T99/><D99/><U132/><E132/><V48/><F49/><W118/><G118/><T95/><D95/><U111/><E116/><V44/><F63/><W24/><G24/><T82/><D82/><U56/><E111/><V71/><F71/><W93/><G104/><T55/><AGARI ba="0,0" hai="16,18,20,22,25,26,33,34,52,55,58,59,64,67" machi="55" ten="25,8000,1" yaku="0,1,22,2,54,2" doraHai="107" who="0" fromWho="0" sc="468,80,58,-20,162,-20,312,-40" owari="548,64.8,38,-46.2,142,-25.8,272,7.2" /></mjloggm>