<mjloggm ver="2.3"><GO type="41" lobby="0"/><UN n0="%66%69%73%68%39" n1="%E2%93%9D%4C%75%63%6B%79%4A" n2="%E9%99%B8%E5%A5%A5%E4%B9%9D%E5%8D%81%E4%B9%9D" n3="%2F%52%73" dan="13,17,14,13" rate="1947.19,2131.77,1890.76,1938.10" sx="M,M,M,F"/><TAIKYOKU oya="0"/><INIT seed="0,0,0,0,5,108" ten="250,250,250,250" oya="0" hai0="91,17,29,41,56,125,131,75,94,111,88,51,2" hai1="33,79,20,99,96,123,65,55,3,122,6,83,107" hai2="119,8,120,73,134,103,10,71,132,87,42,116,72" hai3="37,36,114,57,38,7,39,124,126,133,4,11,92"/><T60/><D2/><U58/><E33/><V81/><F103/><W100/><G92/><T49/><D75/><N who="2" m="28746" /><F87/><W22/><G100/><T19/><D125/><N who="3" m="48233" /><G114/><T53/><D29/><U95/><E65/><V30/><F42/><W52/><N who="3" m="9216" /><DORA hai="1" /><W50/><G133/><N who="2" m="51305" /><F120/><W24/><G11/><N who="2" m="4137" /><F30/><AGARI ba="0,0" hai="4,7,22,24,30,50,52,57" m="9216,48233" machi="30" ten="60,8000,1" yaku="18,1,52,2,54,1" doraHai="108,1" who="3" fromWho="2" sc="250,0,250,0,250,-80,250,80" /><INIT seed="1,0,0,1,5,42" ten="250,250,170,330" oya="1" hai0="102,133,29,52,45,48,24,98,130,10,28,0,49" hai1="41,44,1,77,94,7,66,128,67,53,103,105,131" hai2="11,125,110,108,34,82,27,115,65,104,106,31,21" hai3="59,58,92,91,83,4,93,119,71,22,73,132,57"/><U15/><E1/><V68/><F125/><W25/><G71/><T62/><D62/><U86/><E105/><V114/><F82/><W112/><G112/><N who="2" m="43049" /><F65/><W99/><G73/><T117/><D117/><U19/><E7/><V78/><F78/><W13/><G83/><T76/><D76/><U101/><E53/><V61/><F21/><W88/><G4/><T118/><D118/><U55/><E55/><V85/><F85/><N who="3" m="52239" /><G13/><T84/><D130/><N who="1" m="49707" /><E77/><V47/><F47/><W30/><G132/><T63/><D63/><U60/><E67/><N who="2" m="41071" /><F11/><W8/><G119/><T64/><D64/><U89/><E66/><V9/><F9/><AGARI ba="0,0" hai="8,9,22,25,30,57,58,59,91,93,99" m="52239" machi="9" ten="30,2000,0" yaku="8,1,54,1" doraHai="42" who="3" fromWho="2" sc="250,0,250,0,170,-20,330,20" /><INIT seed="2,0,0,5,3,94" ten="250,250,150,350" oya="2" hai0="122,7,112,42,84,28,73,89,29,76,66,121,127" hai1="26,126,25,38,23,24,59,124,18,82,106,45,62" hai2="71,93,31,130,13,107,32,47,56,114,2,78,67" hai3="120,83,20,105,116,88,97,21,87,40,118,109,37"/><V6/><F107/><W51/><G37/><T48/><D112/><U91/><E106/><V131/><F71/><W54/><G40/><T134/><D127/><N who="1" m="48683" /><E45/><V49/><F114/><W12/><G109/><T100/><D66/><N who="1" m="39263" /><E38/><V79/><F2/><W129/><G120/><T85/><D85/><AGARI ba="0,0" hai="18,23,24,25,26,82,85,91" m="39263,48683" machi="85" ten="30,1000,0" yaku="18,1" doraHai="94" who="1" fromWho="0" sc="250,-10,250,10,150,0,350,0" /><INIT seed="3,0,0,4,1,69" ten="240,260,150,350" oya="3" hai0="130,39,93,13,54,88,5,47,23,26,60,111,120" hai1="59,94,18,25,19,117,28,51,17,113,61,43,126" hai2="76,118,83,135,33,21,7,49,71,131,66,62,1" hai3="65,52,57,9,107,90,79,89,77,53,20,97,134"/><W112/><G112/><T106/><D106/><U45/><E113/><V40/><F33/><W109/><G107/><T129/><D120/><U127/><E117/><V82/><F118/><W63/><G134/><T44/><D111/><U38/><E94/><V35/><F35/><W84/><G9/><T29/><D39/><U122/><E122/><V70/><F135/><W125/><G125/><N who="1" m="47626" /><E51/><V24/><F131/><N who="0" m="50186" /><D60/><U2/><E2/><V75/><F83/><N who="3" m="49311" /><G20/><T103/><D103/><U121/><E121/><V68/><F7/><W37/><G37/><T110/><D110/><U133/><E133/><V114/><F1/><W81/><G109/><T85/><D54/><N who="3" m="21097" /><G97/><T98/><D98/><U119/><E119/><V22/><F114/><W8/><G8/><AGARI ba="0,0" hai="5,8,13,23,26,29,44,47,85,88,93" m="50186" machi="8" ten="30,2000,0" yaku="19,1,54,1" doraHai="69" who="0" fromWho="3" sc="240,20,260,0,150,0,350,-20" /><INIT seed="4,0,0,5,2,98" ten="260,260,150,330" oya="0" hai0="65,87,48,125,71,44,15,94,47,25,102,133,111" hai1="88,106,121,75,40,12,101,59,89,37,81,22,82" hai2="52,86,90,32,14,72,7,62,78,55,108,66,5" hai3="119,50,29,67,8,112,110,134,130,31,123,126,85"/><T38/><D38/><U122/><E59/><V83/><F32/><W2/><G67/><T57/><D71/><U64/><E12/><V46/><F108/><W79/><G50/><T39/><D39/><U56/><E22/><V135/><F135/><W114/><G79/><T53/><D133/><U124/><E56/><V105/><F105/><W1/><G85/><T73/><D73/><U16/><E16/><V96/><F96/><W103/><G103/><T23/><D125/><U20/><E20/><V17/><F66/><W77/><G77/><T69/><D15/><U0/><E0/><V51/><F62/><W43/><G43/><T107/><D107/><U99/><E64/><V21/><REACH who="2" step="1"/><F55/><REACH who="2" ten="260,260,140,330" step="2"/><W104/><G31/><N who="0" m="17855" /><D111/><U58/><E106/><V24/><F24/><W117/><G29/><T127/><D69/><U45/><E124/><V132/><F132/><W63/><G63/><T100/><D127/><U6/><E122/><V54/><F54/><W128/><G128/><T49/><D65/><U91/><E121/><V13/><F13/><W28/><G28/><T92/><D47/><U11/><E45/><V115/><F115/><W129/><G112/><T30/><D30/><U76/><E58/><V4/><F4/><W41/><G130/><T42/><D87/><U10/><E6/><V80/><AGARI ba="0,1" hai="5,7,14,17,21,46,51,52,72,78,80,83,86,90" machi="80" ten="20,5200,0" yaku="1,1,0,1,7,1,54,1,53,0" doraHai="98" doraHaiUra="34" who="2" fromWho="2" sc="260,-26,260,-13,140,62,330,-13" /><INIT seed="5,0,0,5,3,106" ten="234,247,202,317" oya="1" hai0="20,135,101,21,133,30,90,124,98,61,102,85,46" hai1="91,29,77,2,74,24,65,108,123,116,87,25,62" hai2="83,71,23,54,109,134,13,42,107,4,10,115,128" hai3="33,99,132,131,1,39,93,8,96,44,73,56,32"/><U130/><E123/><V103/><F109/><W126/><G56/><T100/><D124/><U75/><E116/><V53/><F134/><N who="0" m="51210" /><D98/><U69/><E2/><V121/><F121/><W22/><G99/><T52/><D30/><U120/><E120/><V19/><F71/><W27/><G22/><T40/><D40/><U11/><E77/><V64/><F64/><W7/><G93/><N who="0" m="54479" /><D61/><U119/><E119/><V84/><F128/><W45/><G45/><T114/><D114/><U38/><E130/><V92/><F107/><W70/><G27/><T6/><D6/><U43/><E25/><V111/><F42/><N who="3" m="22623" /><G132/><T125/><D125/><U28/><E29/><V60/><F60/><W67/><G96/><T49/><AGARI ba="0,0" hai="20,21,46,49,52,100,101,102" m="54479,51210" machi="49" ten="40,2700,0" yaku="20,1,54,1" doraHai="106" who="0" fromWho="0" sc="234,27,247,-13,202,-7,317,-7" /><INIT seed="6,0,0,5,2,96" ten="261,234,195,310" oya="2" hai0="68,1,37,85,61,16,10,74,118,81,5,35,41" hai1="121,120,115,116,7,32,122,11,101,47,57,98,53" hai2="107,84,26,44,110,66,59,89,114,135,48,70,67" hai3="21,51,8,125,40,103,86,117,63,106,14,124,24"/><V113/><F70/><W29/><G63/><T36/><D118/><U22/><E32/><V77/><F135/><W0/><G0/><T134/><D134/><U65/><E116/><V131/><F131/><W4/><G106/><T69/><D35/><U80/><E80/><V60/><F77/><W17/><G86/><T2/><D2/><U119/><E22/><V97/><F66/><W64/><G103/><T72/><D37/><U95/><E115/><N who="2" m="44043" /><F26/><W133/><G64/><T105/><D105/><U102/><E47/><V93/><F110/><W56/><G133/><T130/><D130/><U58/><E65/><V126/><F126/><N who="3" m="48747" /><G117/><T111/><D111/><U54/><E119/><V75/><F75/><W39/><G39/><T83/><D74/><U104/><E104/><V28/><F28/><W31/><G56/><N who="1" m="21610" /><E102/><N who="2" m="62927" /><F44/><AGARI ba="0,0" hai="4,8,14,17,21,24,29,31,40,44,51" m="48747" machi="44" ten="30,1000,0" yaku="18,1" doraHai="96" who="3" fromWho="2" sc="261,0,234,0,195,-10,310,10" /><INIT seed="7,0,0,4,4,82" ten="261,234,185,320" oya="3" hai0="92,133,132,3,109,40,106,34,80,134,120,41,88" hai1="64,14,58,89,7,129,68,38,4,28,118,128,36" hai2="122,97,23,72,84,0,43,44,90,127,75,24,2" hai3="78,35,86,104,21,62,49,27,16,31,77,52,45"/><W91/><G104/><T116/><D34/><U85/><E68/><V59/><F127/><W6/><G6/><N who="1" m="2090" /><E28/><V114/><F114/><W39/><G39/><T73/><D3/><U96/><E96/><V76/><F122/><W15/><G62/><T51/><D109/><U65/><E14/><V18/><F59/><W32/><G35/><T55/><D116/><U110/><E110/><V47/><F47/><W61/><G61/><T25/><D106/><U125/><E125/><V105/><F76/><W123/><REACH who="3" step="1"/><G123/><REACH who="3" ten="261,234,185,310" step="2"/><T107/><D120/><U94/><E38/><V10/><F0/><W67/><G67/><T108/><D107/><U12/><E65/><V66/><F66/><W99/><G99/><T13/><D108/><U119/><E36/><V131/><F131/><W100/><G100/><T83/><D133/><U74/><E64/><V71/><F71/><W130/><G130/><T95/><D134/><U63/><E63/><V33/><F33/><W20/><G20/><T19/><D132/><U101/><E101/><V126/><F126/><W121/><G121/><T102/><D102/><U48/><E129/><V22/><F105/><W93/><AGARI ba="0,1" hai="15,16,21,27,31,32,45,49,52,77,78,86,91,93" machi="93" ten="20,18000,2" yaku="1,1,0,1,7,1,52,1,54,2,53,0" doraHai="82" doraHaiUra="1" who="3" fromWho="3" sc="261,-60,234,-60,185,-60,310,190" owari="201,0.1,174,-22.6,125,-37.5,500,60.0" /></mjloggm>