<mjloggm ver="2.3"><GO type="41" lobby="0"/><UN n0="%E2%93%9D%4C%75%63%6B%79%4A" n1="%62%61%62%61%73%75%62%61" n2="%6D%75%69%6F%75%79" n3="%E3%82%B8%E3%83%A7%E3%83%B3%E3%83%AC%E3%83%8E%E3%83%B3" dan="18,13,13,14" rate="2211.68,1820.58,1831.62,1963.71" sx="M,M,M,M"/><TAIKYOKU oya="0"/><INIT seed="0,0,0,2,5,89" ten="250,250,250,250" oya="0" hai0="128,123,94,69,63,60,59,31,45,95,135,113,47" hai1="12,91,104,125,132,22,116,32,87,98,108,18,35" hai2="30,14,86,27,75,54,81,19,82,62,36,39,64" hai3="66,134,124,61,70,7,24,110,126,122,6,73,77"/><T84/><D123/><U29/><E116/><V37/><F75/><W119/><G119/><T1/><D1/><U117/><E117/><V4/><F4/><W109/><G73/><T40/><D113/><U97/><E108/><N who="3" m="41578" /><G77/><T105/><D105/><U115/><E132/><V16/><F54/><W48/><G24/><T11/><D128/><U114/><E125/><N who="3" m="48234" /><G6/><T28/><D69/><U9/><E29/><N who="0" m="11337" /><D63/><U92/><E104/><V88/><F81/><W120/><G7/><T102/><D135/><U103/><E98/><V43/><F43/><W15/><G15/><T85/><D11/><U52/><E9/><V67/><F67/><W33/><G33/><T99/><D40/><U79/><E79/><V100/><F100/><W121/><G48/><T25/><D25/><U96/><E96/><V106/><F14/><W101/><G101/><T34/><D34/><U65/><E65/><V55/><F64/><W83/><G83/><T93/><D99/><U2/><E2/><V51/><F62/><W20/><G20/><T78/><D102/><U80/><E35/><V49/><F49/><W8/><G8/><T68/><D68/><U56/><REACH who="1" step="1"/><E32/><REACH who="1" ten="250,240,250,250" step="2"/><V23/><REACH who="2" step="1"/><F106/><REACH who="2" ten="250,240,240,250" step="2"/><W42/><G42/><T10/><D10/><U112/><E112/><V17/><F17/><W76/><G76/><T107/><D78/><U13/><E13/><V111/><F111/><W0/><G0/><T58/><D107/><U46/><E46/><AGARI ba="0,2" hai="16,19,23,27,30,36,37,39,46,51,55,82,86,88" machi="46" ten="40,5200,0" yaku="1,1,54,2,53,0" doraHai="89" doraHaiUra="130" who="2" fromWho="1" sc="250,0,240,-52,240,72,250,0" /><INIT seed="1,0,0,0,2,117" ten="250,188,312,250" oya="1" hai0="116,67,60,110,66,105,118,91,75,6,41,7,78" hai1="102,19,35,86,79,85,68,99,125,122,76,93,23" hai2="16,1,51,109,121,54,24,72,107,77,25,13,62" hai3="98,47,104,69,2,4,108,128,126,112,26,70,32"/><U36/><E35/><V101/><F1/><W33/><G112/><T11/><D105/><U96/><E68/><V82/><F109/><W64/><G108/><T3/><D110/><U21/><E36/><V84/><F62/><W90/><G126/><T130/><D91/><U0/><E0/><V61/><F61/><W133/><G133/><T89/><D89/><U71/><E71/><V30/><F30/><W58/><G58/><T39/><D7/><U55/><E125/><V63/><F63/><W40/><G90/><T88/><D130/><U10/><E122/><V50/><F50/><W135/><G135/><T97/><D67/><U100/><E55/><V17/><F17/><W134/><G134/><T52/><D66/><U56/><E10/><V95/><F107/><W94/><G128/><T29/><D29/><U42/><E42/><V46/><F121/><W81/><G81/><N who="0" m="45279" /><D60/><U48/><E48/><V15/><F15/><W119/><G94/><N who="0" m="56519" /><D52/><U31/><E31/><V38/><F54/><W45/><G119/><T111/><D111/><U12/><E56/><V123/><F51/><W124/><G64/><T28/><D28/><U87/><REACH who="1" step="1"/><E21/><REACH who="1" ten="250,178,312,250" step="2"/><V106/><F38/><W14/><G124/><T59/><D59/><U5/><E5/><V83/><F46/><AGARI ba="0,1" hai="3,6,11,39,41,46,116,118" m="56519,45279" machi="46" ten="30,2000,0" yaku="25,1,54,1" doraHai="117" who="0" fromWho="2" sc="250,30,178,0,312,-20,250,0" /><INIT seed="2,0,0,0,3,131" ten="280,178,292,250" oya="2" hai0="55,2,95,122,30,72,53,63,3,98,8,76,27" hai1="4,89,47,75,100,7,101,46,85,56,25,18,103" hai2="17,123,50,110,84,33,22,113,23,74,26,79,111" hai3="77,99,60,126,34,43,6,118,107,93,44,58,117"/><V16/><F123/><W65/><G107/><T5/><D122/><U135/><E75/><V70/><F113/><W86/><G126/><T80/><D3/><U88/><E135/><V121/><F74/><W40/><G34/><T133/><D63/><U90/><E85/><V45/><F70/><W109/><G109/><N who="2" m="41481" /><F121/><W14/><G43/><T9/><D9/><U15/><E25/><V35/><F84/><W1/><G1/><T48/><D48/><U81/><E81/><V96/><F96/><W115/><G115/><T28/><D133/><U69/><E69/><V37/><F37/><W106/><G106/><T42/><D42/><U51/><E56/><V132/><F79/><W29/><G29/><T73/><D30/><U102/><N who="1" m="25600" /><DORA hai="82" /><U92/><E92/><V129/><F129/><W0/><G0/><T52/><D73/><U12/><E51/><V78/><F78/><W120/><G120/><T24/><REACH who="0" step="1"/><D28/><REACH who="0" ten="270,178,292,250" step="2"/><U114/><E114/><V124/><F132/><W91/><G40/><T112/><D112/><U31/><E31/><V83/><F35/><W10/><G44/><N who="1" m="16938" /><E18/><V127/><F33/><W49/><G49/><T38/><D38/><U32/><E32/><V116/><F50/><W125/><G125/><T108/><D108/><U36/><E36/><V130/><F45/><W119/><G119/><T104/><D104/><U94/><E94/><V66/><F116/><W64/><G118/><T105/><D105/><U61/><E61/><V21/><F124/><W128/><G117/><T54/><N who="0" m="13312" /><DORA hai="39" /><T19/><D19/><U11/><E11/><V134/><F127/><RYUUKYOKU ba="0,1" sc="270,15,178,15,292,-15,250,-15" hai0="2,5,8,24,27,72,76,80,95,98" hai1="4,7,12,15,88,89,90" /><INIT seed="3,1,1,5,4,116" ten="285,193,277,235" oya="3" hai0="62,110,12,61,100,50,109,14,15,131,33,134,39" hai1="127,124,46,83,81,128,48,11,126,96,37,30,97" hai2="90,112,1,47,40,18,85,51,16,10,24,63,119" hai3="65,125,86,52,132,38,34,77,92,31,9,58,114"/><W135/><G38/><T120/><D39/><U69/><E69/><V67/><F112/><W36/><G36/><T3/><D3/><U72/><E128/><V115/><F115/><W82/><G114/><T0/><D0/><U121/><E37/><V91/><F119/><W17/><G65/><T29/><D100/><U79/><E30/><V22/><F1/><W75/><G125/><T21/><D131/><U55/><E121/><V44/><F44/><W7/><G17/><T5/><D5/><U68/><E68/><V133/><F133/><W20/><G34/><T54/><D120/><U13/><REACH who="1" step="1"/><E81/><REACH who="1" ten="285,183,277,235" step="2"/><V80/><F67/><W111/><G135/><T102/><D134/><U26/><E26/><V32/><F32/><W129/><G132/><T94/><D33/><U108/><E108/><V107/><F63/><W25/><G111/><T6/><D62/><U45/><E45/><V35/><F35/><W70/><G70/><T53/><D61/><U66/><E66/><V76/><F107/><W71/><G71/><T106/><D106/><U118/><E118/><V64/><F64/><W104/><G104/><T19/><D110/><U59/><E59/><V49/><F51/><W95/><G129/><T98/><D109/><U73/><E73/><V88/><F76/><W123/><G75/><T74/><D74/><U103/><E103/><V113/><F113/><W4/><G123/><T28/><D50/><U2/><E2/><V42/><F42/><W56/><G56/><T8/><D15/><AGARI ba="1,2" hai="10,15,16,18,22,24,40,47,49,80,85,88,90,91" machi="15" ten="40,5200,0" yaku="8,1,54,2" doraHai="116" who="2" fromWho="0" sc="285,-55,183,0,277,75,235,0" /><INIT seed="4,0,0,3,3,119" ten="230,183,352,235" oya="0" hai0="20,91,110,38,28,86,108,128,6,117,37,8,89" hai1="29,125,81,101,84,58,133,115,113,103,2,5,18" hai2="76,61,109,80,66,0,22,130,111,124,82,4,21" hai3="53,94,77,95,40,35,9,62,105,17,114,16,57"/><T15/><D117/><U12/><E133/><V96/><F130/><W69/><G105/><T64/><D64/><U33/><E125/><V78/><F124/><W100/><G114/><N who="1" m="43530" /><E2/><V39/><F96/><W98/><G69/><T13/><D128/><U73/><E5/><V65/><F61/><W3/><G35/><T71/><D71/><U118/><E73/><V79/><F79/><W30/><G30/><T135/><D135/><U104/><E104/><V131/><F131/><W121/><G121/><T85/><D28/><U122/><E58/><V116/><F116/><W10/><G40/><T44/><D44/><U36/><E36/><V67/><F39/><W75/><G3/><T106/><D106/><U34/><E122/><V7/><F67/><W129/><G129/><T24/><D6/><U132/><E132/><V19/><F19/><W127/><G127/><T70/><D70/><U120/><E120/><V56/><F56/><W59/><G95/><T112/><D112/><U97/><E97/><V23/><F23/><W50/><G77/><T72/><D20/><N who="1" m="11335" /><E118/><V46/><F0/><W74/><G74/><T49/><D72/><U54/><E54/><V63/><F63/><W60/><G75/><T55/><D55/><U52/><E52/><V31/><F46/><W99/><G99/><T134/><D134/><U47/><E47/><V90/><F31/><W43/><G43/><T11/><D49/><U92/><E29/><V87/><F7/><W48/><G48/><T42/><D42/><U41/><E41/><V27/><F4/><W68/><G68/><T123/><D123/><RYUUKYOKU ba="0,0" sc="230,30,183,-10,352,-10,235,-10" hai0="8,11,13,15,24,37,38,85,86,89,91,108,110" /><INIT seed="4,1,0,2,3,11" ten="260,173,342,225" oya="0" hai0="106,82,123,18,4,40,54,126,0,12,87,21,119" hai1="6,32,50,24,93,56,83,134,27,75,28,53,90" hai2="19,8,118,97,55,81,78,77,125,89,23,3,52" hai3="26,74,84,34,64,2,69,95,111,76,36,58,133"/><T41/><D123/><U129/><E129/><V25/><F125/><W33/><G111/><T65/><D119/><U66/><E134/><V38/><F38/><W122/><G133/><T20/><D106/><U115/><E115/><V88/><F118/><W109/><G109/><T67/><D0/><U105/><E105/><V44/><F44/><W70/><G36/><T73/><D73/><U22/><E6/><V117/><F117/><W49/><G2/><T42/><D126/><U116/><E116/><V98/><F89/><W121/><G74/><T107/><D107/><U112/><E66/><N who="0" m="25097" /><D4/><U71/><E71/><V63/><F63/><W10/><G70/><T99/><D99/><U9/><E9/><V14/><F3/><W48/><G34/><T135/><D54/><N who="2" m="20522" /><F98/><W57/><G33/><T101/><D101/><U15/><E112/><V30/><F81/><W85/><G69/><T108/><D108/><U61/><E61/><V130/><F130/><W120/><G26/><T132/><D135/><U100/><E100/><V13/><F13/><W1/><G10/><N who="0" m="6423" /><D132/><U47/><E15/><V127/><F127/><W96/><G1/><T62/><D62/><U59/><E75/><V60/><F60/><N who="3" m="37903" /><G58/><T43/><N who="0" m="10240" /><DORA hai="80" /><T68/><D68/><U72/><E72/><V110/><F110/><W45/><G76/><AGARI ba="1,0" hai="20,21,76,82,87" m="10240,6423,25097" machi="76" ten="40,7700,0" yaku="8,1,52,2" doraHai="11,80" who="0" fromWho="3" sc="260,80,173,0,342,0,225,-80" /><INIT seed="4,2,0,4,2,122" ten="340,173,342,145" oya="0" hai0="16,10,111,84,94,58,44,77,97,37,64,6,19" hai1="34,26,48,120,130,107,73,17,90,78,66,24,69" hai2="102,106,21,81,134,41,87,109,55,70,38,75,35" hai3="3,45,85,22,18,126,132,54,117,76,12,100,116"/><T99/><D37/><U9/><E120/><V108/><F21/><W40/><G3/><T39/><D39/><U124/><E107/><V36/><F55/><W95/><G132/><T1/><D44/><U80/><E124/><V20/><F20/><W118/><G126/><T27/><D99/><U71/><E130/><V88/><F70/><W128/><G54/><T61/><D111/><U46/><E66/><V112/><F35/><W47/><G128/><T92/><D27/><U49/><E49/><V32/><F32/><W133/><G133/><T119/><D119/><U53/><E26/><V125/><F134/><W13/><G40/><T63/><D63/><U89/><E34/><V52/><F52/><W91/><G100/><T59/><D59/><U68/><REACH who="1" step="1"/><E9/><REACH who="1" ten="340,163,342,145" step="2"/><V30/><F125/><W15/><REACH who="3" step="1"/><G76/><REACH who="3" ten="340,163,342,135" step="2"/><T72/><D77/><U8/><E8/><V7/><F38/><W28/><G28/><T23/><D10/><U74/><E74/><V51/><F30/><W33/><G33/><T60/><D72/><U103/><E103/><V113/><F75/><W83/><G83/><T67/><D67/><U98/><E98/><N who="2" m="61783" /><F36/><W11/><G11/><T131/><D131/><U65/><E65/><V0/><F0/><W42/><G42/><T2/><D2/><U86/><E86/><V25/><F87/><W82/><G82/><T121/><D1/><U56/><E56/><V101/><F81/><W62/><G62/><T104/><D61/><U129/><E129/><V31/><F101/><W96/><G96/><T110/><D97/><U127/><E127/><V114/><F31/><RYUUKYOKU ba="2,2" sc="340,-15,163,15,342,-15,135,15" hai1="17,24,46,48,53,68,69,71,73,78,80,89,90" hai3="12,13,15,18,22,45,47,85,91,95,116,117,118" /><INIT seed="5,3,2,3,2,33" ten="325,178,327,150" oya="1" hai0="28,119,17,12,41,124,107,55,79,130,98,65,63" hai1="80,85,39,103,129,71,42,83,108,23,126,67,21" hai2="77,92,8,15,49,31,68,22,5,14,93,114,78" hai3="64,57,81,9,121,7,6,18,120,4,52,99,34"/><U46/><E126/><V105/><F68/><W2/><G64/><T62/><D119/><U89/><E129/><V51/><F105/><W36/><G36/><T131/><D28/><U110/><E103/><V43/><F114/><W44/><G44/><T94/><D79/><N who="2" m="30218" /><F43/><W1/><G34/><T104/><D41/><U91/><E67/><V11/><F22/><W84/><G99/><T54/><D124/><U86/><REACH who="1" step="1"/><E71/><REACH who="1" ten="325,168,327,150" step="2"/><V70/><F70/><W111/><G111/><AGARI ba="3,3" hai="21,23,39,42,46,80,83,85,86,89,91,108,110,111" machi="111" ten="40,12000,1" yaku="1,1,2,1,9,1,10,1,53,0" doraHai="33" doraHaiUra="95" who="1" fromWho="3" sc="325,0,168,159,327,0,150,-129" /><INIT seed="5,4,0,3,4,65" ten="325,327,327,21" oya="1" hai0="75,2,61,98,91,83,78,23,69,81,118,119,95" hai1="59,84,60,15,128,33,0,89,102,17,106,120,29" hai2="72,93,50,11,31,37,21,9,64,125,76,63,20" hai3="79,8,99,124,68,127,16,54,74,85,86,53,117"/><U70/><E120/><V19/><F37/><W104/><G74/><T51/><D2/><U28/><E0/><V39/><F39/><W109/><G109/><T97/><D23/><U12/><E128/><V38/><F38/><W57/><G117/><T129/><D51/><U116/><E116/><N who="0" m="44585" /><D61/><U36/><E36/><V132/><F72/><W14/><G104/><T101/><D69/><U82/><E33/><V24/><F76/><W90/><G99/><N who="0" m="59647" /><D129/><U10/><E102/><V67/><F64/><W110/><G110/><T48/><D48/><U73/><E106/><V135/><F50/><W40/><G40/><T30/><D30/><U5/><E73/><V42/><F42/><W41/><G41/><T27/><D27/><U121/><E121/><V80/><F63/><W22/><G68/><T114/><D114/><U130/><E70/><V92/><F67/><W26/><G79/><T115/><D115/><U3/><E130/><V122/><F122/><W108/><G108/><T49/><D49/><U44/><E44/><V94/><F9/><W88/><G57/><T32/><D32/><U7/><E3/><V46/><F11/><W34/><G34/><T58/><D58/><U87/><E87/><AGARI ba="4,0" hai="75,78,81,83,87,91,97,98" m="59647,44585" machi="87" ten="30,2000,0" yaku="34,2" doraHai="65" who="0" fromWho="1" sc="325,32,327,-32,327,0,21,0" /><INIT seed="6,0,0,0,2,74" ten="357,295,327,21" oya="2" hai0="27,1,88,101,8,91,124,56,5,54,6,113,130" hai1="102,123,62,11,26,100,107,110,79,98,69,50,12" hai2="72,117,2,17,23,105,30,81,99,65,20,28,43" hai3="31,86,82,119,32,76,89,95,57,58,131,44,48"/><V112/><F117/><W90/><G119/><T7/><D130/><U55/><E110/><V10/><F65/><W92/><G131/><T109/><D109/><U14/><E123/><V18/><F43/><W132/><G132/><T51/><D113/><U111/><E111/><V47/><F47/><W53/><G32/><T35/><D101/><U40/><E40/><V33/><F81/><W96/><REACH who="3" step="1"/><G31/><REACH who="3" ten="357,295,327,11" step="2"/><T49/><D35/><U75/><E69/><V39/><F33/><W106/><G106/><T59/><D124/><U116/><E116/><V120/><F105/><W36/><G36/><T78/><D1/><U4/><E107/><V103/><F39/><W29/><G29/><T108/><D108/><U104/><E104/><V0/><F30/><W67/><G67/><T19/><D7/><U134/><E134/><V24/><F28/><W122/><G122/><T133/><D6/><U126/><E126/><V115/><F120/><W68/><G68/><T70/><D5/><U37/><E37/><V52/><F2/><W64/><G64/><T25/><D70/><U73/><E4/><V87/><F0/><W60/><G60/><T38/><D38/><U16/><E62/><V34/><F34/><W121/><G121/><T9/><D133/><U93/><E50/><V135/><F135/><W84/><AGARI ba="0,1" hai="44,48,53,57,58,76,82,84,86,89,90,92,95,96" machi="84" ten="20,8000,1" yaku="1,1,0,1,7,1,8,1,52,1,53,0" doraHai="74" doraHaiUra="129" who="3" fromWho="3" sc="357,-20,295,-20,327,-40,11,90" /><INIT seed="7,0,0,3,2,26" ten="337,275,287,101" oya="3" hai0="47,3,84,113,50,77,82,57,115,51,129,48,10" hai1="120,15,8,89,104,30,11,7,126,63,32,87,44" hai2="54,16,6,33,101,28,109,41,46,58,70,98,103" hai3="13,92,118,64,29,19,0,72,21,81,105,1,43"/><W119/><G105/><T20/><D129/><U59/><E104/><V88/><F109/><W83/><G64/><T18/><D57/><U79/><E126/><V9/><F70/><W135/><G43/><T35/><D35/><U111/><E111/><V86/><F33/><W36/><G36/><T85/><D85/><U5/><E79/><V61/><F28/><W34/><G92/><T128/><D128/><U37/><E37/><V74/><F74/><W68/><G68/><T4/><D47/><U97/><E97/><V132/><F98/><W25/><G135/><T23/><D18/><U117/><E44/><V17/><F103/><W108/><G108/><T56/><D56/><U62/><E120/><V96/><F96/><W95/><G95/><T99/><D99/><U124/><E117/><V121/><F101/><W106/><G106/><T52/><D52/><U123/><E124/><V112/><F112/><AGARI ba="0,0" hai="3,4,10,20,23,48,50,51,77,82,84,112,113,115" machi="112" ten="40,2600,0" yaku="15,1,11,1" doraHai="26" who="0" fromWho="2" sc="337,26,275,0,287,-26,101,0" owari="363,46.3,275,7.5,261,-13.9,101,-39.9" /></mjloggm>