<mjloggm ver="2.3"><GO type="41" lobby="0"/><UN n0="%E4%B8%AD%E7%94%B0%E3%82%AF%E3%83%A0" n1="%E9%BB%92%E3%83%88%E3%83%AA%E3%82%AC%E3%83%BC" n2="%E3%81%8A%E3%81%BF%E3%82%88" n3="%E2%93%9D%4C%75%63%6B%79%4A" dan="14,13,14,18" rate="1910.48,1905.61,1975.67,2197.38" sx="M,M,F,M"/><TAIKYOKU oya="0"/><INIT seed="0,0,0,2,5,6" ten="250,250,250,250" oya="0" hai0="122,53,28,87,0,25,71,51,20,93,94,63,128" hai1="41,56,38,33,16,48,99,90,105,118,32,34,81" hai2="11,15,18,126,19,7,121,82,98,91,103,17,50" hai3="89,109,77,22,57,67,21,84,61,134,58,108,119"/><T45/><D122/><U60/><E118/><V31/><F121/><W9/><G77/><T120/><D120/><U44/><E105/><V69/><F69/><W23/><G119/><T8/><D128/><U2/><E2/><V123/><F123/><W73/><G73/><T116/><D116/><U35/><E81/><V74/><F126/><W12/><G58/><T4/><REACH who="0" step="1"/><D87/><REACH who="0" ten="240,250,250,250" step="2"/><U70/><E35/><V102/><F74/><W110/><G134/><T27/><D27/><U14/><E34/><V131/><F131/><W132/><G132/><T97/><D97/><U124/><E124/><V117/><F117/><W43/><G43/><T5/><D5/><U95/><E70/><V76/><F98/><W46/><G46/><T75/><D75/><U39/><E33/><V85/><F31/><W55/><G84/><T36/><D36/><U86/><E32/><V65/><F85/><W42/><G42/><T37/><D37/><U66/><REACH who="1" step="1"/><E99/><REACH who="1" ten="240,240,250,250" step="2"/><V10/><F76/><W130/><G130/><T133/><D133/><U115/><E115/><V30/><F30/><W3/><G110/><T135/><D135/><U88/><E88/><V127/><F127/><W106/><G89/><T49/><D49/><U96/><E96/><V26/><F50/><W68/><G109/><T100/><D100/><U101/><E101/><V62/><F91/><W29/><G108/><T54/><D54/><U104/><E104/><V13/><F102/><W107/><G107/><T47/><D47/><U72/><E72/><V52/><F52/><W112/><G106/><T125/><D125/><U113/><E113/><RYUUKYOKU ba="0,2" sc="240,15,240,15,250,-15,250,-15" hai0="0,4,8,20,25,28,45,51,53,63,71,93,94" hai1="14,16,38,39,41,44,48,56,60,66,86,90,95" /><INIT seed="0,1,2,4,5,124" ten="255,255,235,235" oya="0" hai0="130,119,42,12,109,110,38,63,34,56,111,85,104" hai1="113,45,112,59,84,43,86,51,27,91,20,47,49" hai2="135,58,24,22,4,128,48,39,74,100,65,107,44" hai3="114,83,73,102,129,1,77,60,13,33,96,9,30"/><T3/><D119/><U41/><E59/><V52/><F74/><W19/><G114/><T120/><D120/><U118/><E118/><V35/><F135/><W89/><G1/><T116/><D116/><U121/><E121/><V108/><F35/><W87/><G33/><T82/><D3/><U93/><REACH who="1" step="1"/><E86/><REACH who="1" ten="255,245,235,235" step="2"/><V32/><F58/><W71/><G87/><T37/><D34/><U11/><E11/><V68/><F68/><W95/><G71/><T61/><D104/><U54/><E54/><V16/><F52/><W127/><G9/><T8/><D42/><U28/><AGARI ba="1,3" hai="20,27,28,41,43,45,47,49,51,84,91,93,112,113" machi="28" ten="30,4000,0" yaku="1,1,0,1,9,1,53,0" doraHai="124" doraHaiUra="5" who="1" fromWho="1" sc="255,-21,245,73,235,-11,235,-11" /><INIT seed="1,0,0,3,1,106" ten="234,318,224,224" oya="1" hai0="115,25,78,30,2,79,54,126,43,47,60,98,8" hai1="20,1,37,100,41,58,18,112,40,87,96,72,59" hai2="19,46,94,77,84,29,31,120,90,9,118,5,36" hai3="65,34,69,103,125,17,63,0,108,110,91,119,45"/><U109/><E112/><V10/><F118/><W52/><G0/><T55/><D115/><U38/><E1/><V122/><F36/><W70/><G103/><T81/><D126/><U104/><E109/><N who="3" m="42090" /><G91/><T82/><D98/><U107/><E87/><V128/><F128/><W121/><G17/><T11/><D60/><U129/><E129/><V49/><F19/><W23/><G23/><T27/><D2/><U32/><E32/><V48/><F48/><N who="3" m="28687" /><G34/><T131/><D131/><U111/><E18/><V101/><F101/><W74/><G74/><T57/><D57/><U68/><E100/><V26/><F77/><W89/><G89/><T85/><D11/><U88/><E88/><V133/><F133/><W95/><G95/><T134/><D8/><U135/><E111/><V124/><F10/><W80/><G80/><T130/><D134/><U13/><E135/><V35/><F31/><W28/><G28/><T7/><D7/><U99/><E20/><V61/><F9/><W76/><G121/><T73/><D130/><U97/><E97/><V44/><F5/><W123/><G123/><T24/><REACH who="0" step="1"/><D30/><REACH who="0" ten="224,318,224,224" step="2"/><U113/><E113/><V39/><F29/><W83/><G125/><T75/><D75/><U15/><E72/><V127/><F124/><W66/><G63/><T53/><D53/><U105/><E105/><V14/><F61/><W6/><G6/><T114/><D114/><U93/><E93/><V51/><F127/><W12/><G66/><T21/><D21/><U117/><E117/><V62/><F35/><W42/><G119/><T92/><D92/><U3/><E3/><RYUUKYOKU ba="0,1" sc="224,15,318,15,224,-15,224,-15" hai0="24,25,27,43,47,54,55,73,78,79,81,82,85" hai1="13,15,37,38,40,41,58,59,68,96,99,104,107" /><INIT seed="1,1,1,1,0,11" ten="239,333,209,209" oya="1" hai0="121,32,52,56,9,133,102,27,88,21,73,18,48" hai1="20,58,118,0,95,90,65,92,62,63,29,115,91" hai2="112,13,123,132,36,14,131,2,26,49,134,128,127" hai3="76,7,10,40,81,5,86,135,46,85,34,110,125"/><U47/><E115/><V100/><F2/><W64/><G34/><T70/><D133/><N who="2" m="51306" /><F36/><W39/><G135/><T113/><D70/><U68/><E0/><V33/><F123/><W8/><G110/><T82/><D102/><U22/><E118/><V117/><F117/><W84/><G64/><T129/><D129/><N who="2" m="49738" /><F112/><W83/><G125/><T74/><D113/><U30/><E47/><V89/><F127/><W17/><G17/><T19/><D121/><U41/><E41/><V122/><F122/><W67/><G67/><T80/><D32/><U108/><E108/><V42/><F100/><W124/><G124/><T44/><D56/><U61/><E58/><V78/><F78/><W126/><G126/><T25/><D74/><U53/><E53/><V104/><F104/><W94/><G94/><N who="1" m="35882" /><E68/><V16/><F89/><N who="1" m="33801" /><E65/><V111/><F111/><W99/><G76/><T87/><D73/><U116/><E116/><V109/><F109/><W79/><G79/><T43/><D43/><U103/><E103/><V130/><F16/><W75/><G75/><T105/><D105/><U23/><AGARI ba="1,1" hai="20,22,23,29,30,61,62,63" m="33801,35882" machi="23" ten="40,7800,0" yaku="28,2,8,1" doraHai="11" who="1" fromWho="1" sc="239,-27,333,91,209,-27,209,-27" /><INIT seed="1,2,0,3,1,94" ten="212,424,182,182" oya="1" hai0="126,117,134,54,105,65,40,11,19,3,129,9,17" hai1="61,55,13,116,121,39,16,18,135,132,70,133,100" hai2="25,5,49,60,84,85,118,63,22,89,86,27,96" hai3="64,103,106,79,26,29,42,31,2,72,10,77,80"/><U113/><E113/><V51/><F118/><W21/><G79/><T30/><D117/><U120/><E116/><V46/><F5/><W87/><G64/><T98/><D129/><U8/><E39/><V101/><F89/><W32/><G42/><T110/><D110/><U44/><E100/><V111/><F111/><W73/><G31/><T36/><D65/><N who="1" m="41263" /><E18/><V69/><F69/><W104/><G21/><T48/><D30/><U34/><E34/><V107/><F27/><W35/><G35/><T58/><D134/><U43/><E43/><V56/><F46/><W50/><G50/><AGARI ba="2,0" hai="8,13,16,44,50,55,120,121,132,133,135" m="41263" machi="50" ten="30,2900,0" yaku="20,1,54,1" doraHai="94" who="1" fromWho="3" sc="212,0,424,35,182,0,182,-35" /><INIT seed="1,3,0,3,5,49" ten="212,459,182,147" oya="1" hai0="26,22,86,50,71,36,106,59,67,91,51,129,99" hai1="46,15,135,104,94,17,122,97,73,40,96,33,92" hai2="90,133,65,44,115,103,89,79,114,42,27,134,131" hai3="64,82,6,2,54,21,126,81,5,53,39,62,127"/><U16/><E122/><V58/><F79/><W113/><G39/><T13/><D36/><U84/><E73/><V23/><F103/><W87/><G113/><N who="2" m="43017" /><F65/><W102/><G21/><T111/><D111/><U125/><E33/><V76/><F76/><W121/><G121/><T120/><D71/><U37/><E125/><N who="3" m="47626" /><G102/><T66/><D129/><U11/><E135/><N who="2" m="51723" /><F131/><W63/><G82/><T1/><D1/><U7/><E84/><V9/><F58/><N who="3" m="36983" /><G62/><T75/><D75/><U83/><E83/><V128/><F9/><N who="3" m="2263" /><G5/><T45/><D106/><U85/><E104/><V105/><F105/><W57/><G57/><T29/><D13/><U25/><E25/><V101/><F101/><W77/><AGARI ba="3,0" hai="53,54,77,81,87" m="2263,36983,47626" machi="77" ten="30,4000,0" yaku="18,1,52,2" doraHai="49" who="3" fromWho="3" sc="212,-13,459,-23,182,-13,147,49" /><INIT seed="2,0,0,0,5,9" ten="199,436,169,196" oya="2" hai0="27,49,121,22,53,122,92,24,128,42,23,33,116" hai1="60,57,95,97,50,127,62,0,18,73,117,106,51" hai2="11,81,67,113,110,34,45,78,77,16,118,6,21" hai3="90,68,112,38,115,101,105,98,70,26,100,91,55"/><V47/><F113/><N who="3" m="43595" /><G38/><T63/><D33/><U109/><E0/><V89/><F118/><W83/><G55/><T15/><D128/><U69/><E117/><V80/><F34/><W36/><G36/><T94/><D116/><U41/><E109/><V124/><F124/><W35/><G101/><T107/><D107/><U20/><E106/><V40/><F67/><W131/><G83/><T48/><D63/><U46/><E73/><V72/><F89/><N who="3" m="33803" /><G131/><T71/><D53/><N who="1" m="31927" /><E69/><V123/><F123/><W56/><G56/><T52/><D52/><U99/><E127/><V130/><F130/><W88/><N who="3" m="33811" /><W104/><DORA hai="64" /><G105/><T74/><D74/><U119/><E119/><V125/><F40/><W126/><G126/><T43/><REACH who="0" step="1"/><D71/><REACH who="0" ten="189,436,169,196" step="2"/><U32/><E32/><V86/><F125/><W31/><AGARI ba="0,1" hai="26,31,35,68,70,98,100,104" m="33811,43595" machi="31" ten="40,8000,1" yaku="11,1,52,2,54,1" doraHai="9,64" who="3" fromWho="3" sc="189,-20,436,-20,169,-40,196,90" /><INIT seed="3,0,0,2,1,99" ten="169,416,129,286" oya="3" hai0="40,131,80,7,68,66,39,51,14,117,43,104,132" hai1="129,84,2,33,101,78,92,52,81,26,22,106,124" hai2="112,130,128,123,37,41,38,53,79,13,67,121,96" hai3="98,16,72,114,105,45,27,58,0,100,133,107,87"/><W69/><G114/><T70/><D117/><U127/><E2/><V11/><F79/><W21/><G69/><T54/><D104/><U76/><E33/><V63/><F112/><W17/><G72/><T62/><D80/><U73/><E106/><V95/><F53/><W77/><G0/><T113/><D7/><U1/><E1/><V94/><F94/><W134/><G107/><T47/><D14/><U6/><E6/><V9/><F9/><W5/><G58/><N who="0" m="37207" /><D131/><N who="2" m="50218" /><F13/><W111/><G111/><T20/><D20/><U122/><E122/><N who="2" m="46603" /><F11/><W32/><G32/><T83/><D132/><N who="3" m="50793" /><G5/><T8/><D8/><U12/><E12/><V31/><F31/><N who="3" m="17903" /><G45/><N who="0" m="23711" /><D83/><AGARI ba="0,0" hai="16,17,77,83,87,98,100,105" m="17903,50793" machi="83" ten="30,5800,0" yaku="20,1,52,1,54,1" doraHai="99" who="3" fromWho="0" sc="169,-58,416,0,129,0,286,58" /><INIT seed="3,1,0,2,5,118" ten="111,416,129,344" oya="3" hai0="126,60,42,28,109,110,14,18,112,1,130,82,64" hai1="84,106,111,131,95,4,71,121,10,68,128,79,99" hai2="67,80,0,7,85,134,70,25,22,100,123,117,127" hai3="58,77,94,54,66,49,30,45,61,97,17,129,90"/><W65/><G129/><N who="1" m="49738" /><E111/><V26/><F117/><W107/><G107/><T120/><D1/><U59/><E59/><V48/><F48/><W62/><G30/><T13/><D42/><U55/><E106/><V74/><F74/><W57/><G17/><T16/><D82/><N who="1" m="47199" /><E55/><V15/><F100/><W9/><G9/><N who="0" m="6191" /><D130/><U19/><E121/><V12/><F67/><W11/><G11/><N who="0" m="6495" /><D126/><U125/><E19/><V72/><F0/><W41/><REACH who="3" step="1"/><G77/><REACH who="3" ten="111,416,129,334" step="2"/><T75/><D112/><U6/><E125/><V88/><F127/><W24/><G24/><T102/><D110/><U105/><E105/><V35/><F25/><W135/><G135/><T8/><D109/><U104/><E104/><V114/><F134/><W101/><G101/><T21/><D102/><N who="1" m="60799" /><E10/><V86/><F7/><AGARI ba="1,1" hai="4,6,7,68,71" m="60799,47199,49738" machi="7" ten="30,1000,0" yaku="19,1" doraHai="118" who="1" fromWho="2" sc="111,0,416,23,129,-13,334,0" /><INIT seed="4,0,0,1,2,22" ten="111,439,116,334" oya="0" hai0="131,97,34,53,10,44,132,61,29,101,62,5,58" hai1="60,115,128,32,85,55,129,11,95,2,100,0,116" hai2="110,20,13,76,4,74,28,17,41,6,70,3,130" hai3="91,46,73,80,9,54,68,35,99,64,63,79,39"/><T107/><D131/><N who="1" m="50251" /><E116/><V81/><F70/><W119/><G119/><T96/><D132/><U14/><E115/><V38/><F130/><W69/><G35/><T77/><D77/><U26/><E60/><V86/><F110/><W90/><G69/><T108/><D108/><U126/><E126/><V42/><F6/><W57/><G99/><T8/><D97/><U56/><E100/><V103/><F103/><W83/><G83/><T36/><D36/><U1/><E85/><V82/><F38/><W30/><G30/><T50/><D5/><U48/><E95/><V27/><F3/><W125/><G9/><T71/><D62/><U33/><E26/><V114/><F4/><AGARI ba="0,0" hai="0,1,2,4,11,14,32,33,48,55,56" m="50251" machi="4" ten="40,1300,0" yaku="19,1" doraHai="22" who="1" fromWho="2" sc="111,0,439,13,116,-13,334,0" /><INIT seed="5,0,0,1,2,91" ten="111,452,103,334" oya="1" hai0="20,42,129,115,67,37,120,30,74,100,34,84,50" hai1="7,57,73,40,128,48,104,62,111,118,82,6,26" hai2="122,33,123,65,55,71,38,113,53,22,3,52,121" hai3="105,25,2,0,135,23,77,21,60,35,8,126,47"/><U86/><E118/><V124/><F33/><W90/><G77/><T107/><D74/><U63/><E128/><V103/><F3/><W80/><G105/><T31/><D37/><U64/><E73/><V39/><F103/><W99/><G47/><N who="0" m="25975" /><D34/><U46/><E104/><V89/><F89/><W101/><G90/><T108/><D108/><U18/><E63/><N who="2" m="40383" /><F22/><W79/><G23/><T87/><D67/><U58/><E58/><V70/><F124/><W81/><G135/><T1/><D1/><U56/><E56/><V102/><F102/><W45/><G2/><T43/><D43/><U36/><E111/><V76/><F76/><W92/><G126/><T69/><D69/><U27/><E36/><N who="2" m="13867" /><F113/><W51/><G35/><T119/><D107/><U132/><E132/><V72/><F72/><W109/><G79/><T75/><D20/><N who="1" m="13591" /><E27/><V32/><F32/><W117/><G109/><T28/><D75/><U114/><E114/><V9/><F9/><W83/><G8/><T49/><D115/><U4/><E86/><V98/><F98/><W93/><G99/><T131/><D87/><U59/><E59/><V106/><F106/><W134/><G134/><T88/><D31/><U61/><E61/><V11/><F11/><W44/><G0/><T133/><D28/><U16/><E82/><V41/><F70/><W85/><G83/><T24/><D133/><U15/><E15/><V78/><F78/><W54/><G81/><T5/><D24/><U97/><E97/><V96/><F96/><W110/><G110/><T14/><D14/><U127/><E127/><V12/><F12/><RYUUKYOKU ba="0,0" sc="111,-15,452,15,103,15,334,-15" hai1="4,6,7,16,40,46,48,57,62,64" hai2="41,52,53,55,121,122,123" /><INIT seed="5,1,0,1,4,77" ten="96,467,118,319" oya="1" hai0="78,81,23,95,2,16,25,112,7,47,66,62,127" hai1="5,27,24,6,9,65,55,1,67,87,126,70,103" hai2="84,134,36,40,75,85,43,109,120,11,46,54,99" hai3="71,44,63,96,108,121,117,104,73,118,74,93,42"/><U8/><E126/><V82/><F109/><W106/><G63/><T90/><D112/><U129/><E129/><V20/><F120/><W111/><G44/><T101/><D127/><U28/><E103/><V128/><F134/><W114/><G42/><T17/><D2/><U116/><E116/><N who="3" m="44650" /><G71/><T86/><D7/><U113/><E113/><V80/><F128/><W123/><G114/><T83/><D101/><U19/><E19/><N who="0" m="7241" /><D78/><U97/><E97/><V60/><F75/><N who="3" m="28683" /><G93/><T68/><D68/><U39/><E39/><V31/><F99/><W57/><G57/><N who="0" m="37199" /><D47/><U91/><E70/><V49/><F60/><W98/><G98/><T50/><D50/><U26/><E55/><V130/><F11/><W4/><G4/><T102/><D102/><U52/><E52/><N who="2" m="29751" /><F36/><W51/><G51/><T29/><AGARI ba="1,0" hai="23,25,29,81,83,86,90,95" m="37199,7241" machi="29" ten="30,7900,0" yaku="8,1,52,2,54,1" doraHai="77" who="0" fromWho="0" sc="96,82,467,-40,118,-21,319,-21" /><INIT seed="6,0,0,4,3,25" ten="178,427,97,298" oya="2" hai0="111,71,53,26,97,116,49,35,42,91,72,108,70" hai1="109,28,128,76,124,12,125,52,65,106,134,78,96" hai2="68,16,15,75,90,129,3,13,92,64,104,88,99" hai3="36,33,44,110,19,66,58,135,22,126,55,93,57"/><V45/><F129/><W74/><G33/><T102/><D72/><U115/><E109/><V83/><F3/><W9/><G74/><T107/><D42/><U98/><E128/><V11/><F104/><W14/><G110/><T114/><D114/><U127/><E115/><V48/><F64/><W105/><G105/><T24/><D91/><U39/><E65/><V1/><F68/><W113/><G135/><T32/><D116/><U50/><E39/><V6/><F1/><W5/><G126/><T77/><D77/><N who="1" m="29803" /><E106/><V81/><F90/><W133/><G133/><T30/><D108/><U38/><E38/><V73/><F75/><W84/><G36/><T60/><D60/><U46/><E134/><V18/><F73/><W2/><G66/><T112/><D112/><U121/><E121/><V123/><F123/><W80/><G93/><T23/><D111/><U61/><E61/><V67/><F67/><W17/><G19/><T89/><D89/><U8/><E28/><V43/><REACH who="2" step="1"/><F18/><AGARI ba="0,0" hai="8,12,18,46,50,52,96,98,124,125,127" m="29803" machi="18" ten="30,2000,0" yaku="18,1,54,1" doraHai="25" who="1" fromWho="2" sc="178,0,427,20,97,-20,298,0" /><INIT seed="7,0,0,3,4,4" ten="178,447,77,298" oya="3" hai0="43,94,37,90,19,7,111,89,102,11,70,49,117" hai1="47,13,64,46,67,118,95,34,87,16,121,131,9" hai2="109,112,51,38,50,97,55,119,127,24,68,8,71" hai3="27,73,132,123,114,128,33,31,104,81,93,41,56"/><W78/><G123/><T54/><D111/><U12/><E121/><V69/><F97/><W135/><G114/><T14/><D70/><U48/><E34/><V116/><F24/><W110/><G110/><T76/><D76/><U61/><E131/><V88/><F38/><W58/><G104/><T77/><D77/><U2/><E2/><V10/><F109/><W53/><G41/><T25/><D43/><U17/><E118/><N who="2" m="45099" /><F55/><W45/><G128/><T39/><D39/><U99/><E87/><V1/><F1/><W129/><G129/><T74/><D74/><U20/><E61/><V6/><F6/><W122/><G122/><T92/><D37/><U113/><E47/><V82/><F82/><W26/><G27/><T28/><D7/><U5/><E5/><V75/><F75/><W84/><G45/><T105/><D105/><U59/><E59/><V130/><F130/><W133/><G53/><T100/><D117/><U107/><E107/><V18/><F18/><W60/><G60/><T134/><D25/><U21/><E9/><N who="2" m="3691" /><F112/><W72/><G73/><T57/><D28/><U120/><E113/><V115/><F115/><W83/><G93/><T106/><D94/><U86/><E120/><V62/><F62/><W103/><G103/><T80/><D92/><U15/><E95/><V91/><F127/><W44/><G44/><T0/><D102/><U65/><E99/><V125/><F125/><W101/><G101/><T96/><D0/><U98/><E98/><V40/><F40/><W35/><G35/><T52/><D54/><N who="1" m="29975" /><E86/><V36/><F36/><W30/><G31/><RYUUKYOKU ba="0,0" sc="178,-30,447,10,77,10,298,10" hai1="12,13,15,16,17,20,21,64,65,67" hai2="50,51,68,69,71,88,91" hai3="26,30,33,56,58,72,78,81,83,84,132,133,135" /><INIT seed="7,1,0,0,0,1" ten="148,457,87,308" oya="3" hai0="67,36,31,108,12,90,35,83,57,42,28,52,11" hai1="20,60,123,45,124,99,27,71,89,84,118,41,104" hai2="93,132,38,33,135,75,29,69,117,78,101,134,43" hai3="19,26,21,87,91,68,61,72,15,55,129,109,106"/><W47/><G72/><T23/><D35/><U13/><E123/><V65/><F117/><W51/><G106/><T64/><D36/><U39/><E118/><V4/><F101/><W10/><G129/><T82/><D42/><U0/><E0/><V3/><F93/><W105/><G105/><T2/><D2/><U130/><E124/><V125/><F125/><W5/><G109/><T48/><D108/><U58/><E71/><V7/><F3/><W14/><G68/><T86/><D83/><U17/><E104/><V98/><F98/><W25/><G61/><T73/><D73/><U70/><E99/><V9/><F9/><W85/><G87/><T119/><D23/><U22/><E70/><V121/><F121/><W81/><AGARI ba="1,0" hai="5,10,14,15,19,21,25,26,47,51,55,81,85,91" machi="81" ten="20,7800,0" yaku="0,1,7,1,8,1,52,1" doraHai="1" who="3" fromWho="3" sc="148,-27,457,-27,87,-27,308,81" /><INIT seed="7,2,0,0,4,57" ten="121,430,60,389" oya="3" hai0="75,134,123,135,20,91,56,90,12,33,37,55,30" hai1="17,81,18,97,109,128,63,98,51,0,121,64,5" hai2="83,22,111,29,49,74,16,59,40,44,106,6,41" hai3="36,66,94,9,35,118,117,54,110,133,19,116,114"/><W79/><G66/><T101/><D123/><U15/><E121/><V28/><F106/><W129/><G36/><T26/><D37/><U62/><E109/><V65/><F111/><W99/><G110/><T126/><D75/><U122/><E122/><V10/><F74/><W88/><G35/><T14/><D101/><U50/><E0/><V70/><F70/><W119/><G79/><T120/><D120/><U60/><E128/><V77/><F40/><W11/><G129/><T85/><D126/><U21/><E5/><V45/><F45/><W43/><G43/><T124/><D124/><U34/><E34/><V89/><F77/><W113/><G133/><N who="0" m="50699" /><D33/><U107/><E81/><V48/><F89/><N who="0" m="33802" /><D85/><U82/><E82/><V38/><F83/><W67/><G67/><T69/><D69/><U13/><E107/><V23/><F38/><W32/><G32/><T131/><D131/><U86/><E86/><V130/><F130/><W125/><G125/><T8/><D8/><N who="3" m="3145" /><G119/><T72/><D72/><U102/><E64/><V1/><F23/><W93/><G94/><T87/><D87/><U100/><E62/><AGARI ba="2,0" hai="12,14,20,26,30,55,56,62" m="33802,50699" machi="62" ten="30,2000,0" yaku="20,1,52,1" doraHai="57" who="0" fromWho="1" sc="121,26,430,-26,60,0,389,0" owari="147,-25.3,404,50.4,60,-44.0,389,18.9" /></mjloggm>