<mjloggm ver="2.3"><GO type="41" lobby="0"/><UN n0="%E5%8E%AD%E5%A4%9C" n1="%65%6B%75%6E%35%30" n2="%E3%81%8D%E3%82%83%E3%82%8F%E3%81%93" n3="%E2%93%9D%4C%75%63%6B%79%4A" dan="15,13,13,18" rate="2046.00,1877.89,1912.57,2157.31" sx="M,M,M,M"/><TAIKYOKU oya="0"/><INIT seed="0,0,0,1,5,88" ten="250,250,250,250" oya="0" hai0="66,12,115,93,76,106,37,6,86,68,49,135,50" hai1="27,70,45,130,30,5,71,113,91,3,118,32,29" hai2="85,0,112,109,39,72,35,83,105,132,92,89,57" hai3="103,69,38,51,121,64,104,107,99,14,13,55,7"/><T18/><D115/><U97/><E118/><V41/><F57/><W62/><G121/><T19/><D106/><U123/><E123/><V77/><F41/><W21/><G38/><T59/><D37/><U56/><E113/><V46/><F46/><W43/><G43/><T54/><D68/><U82/><E130/><V127/><F39/><W75/><G75/><T108/><D135/><U87/><E30/><V4/><F4/><W134/><G134/><T79/><D108/><U20/><E45/><V42/><F42/><W90/><G107/><T2/><D2/><U119/><E119/><V94/><F35/><W61/><G62/><N who="0" m="38239" /><D6/><U11/><E56/><V40/><F40/><W34/><G34/><T52/><D50/><U31/><E97/><N who="2" m="57487" /><F0/><W128/><G7/><T48/><D48/><U84/><E31/><V60/><F60/><W10/><G51/><T98/><D86/><U16/><REACH who="1" step="1"/><E87/><REACH who="1" ten="250,240,250,250" step="2"/><V80/><F132/><W28/><G28/><T74/><D74/><U23/><E23/><V102/><F112/><W63/><G21/><N who="0" m="11463" /><D19/><U25/><AGARI ba="0,1" hai="3,5,11,16,20,25,27,29,32,70,71,82,84,91" machi="25" ten="20,5200,0" yaku="1,1,0,1,7,1,54,1,53,0" doraHai="88" doraHaiUra="95" who="1" fromWho="1" sc="250,-26,240,62,250,-13,250,-13" /><INIT seed="1,0,0,5,5,51" ten="224,302,237,237" oya="1" hai0="38,84,30,112,42,98,100,22,61,135,117,83,128" hai1="120,69,94,108,28,45,81,99,9,76,11,16,78" hai2="111,4,62,122,33,21,34,77,129,72,18,1,91" hai3="19,106,93,127,7,80,63,92,74,37,52,8,59"/><U68/><E120/><V126/><F122/><W46/><G106/><T105/><D117/><U102/><E28/><V96/><F129/><W131/><G131/><T103/><D112/><U32/><E32/><V40/><F111/><W101/><G101/><T114/><D128/><U133/><E133/><V3/><F126/><W55/><G127/><T10/><D114/><U48/><E108/><V134/><F40/><W89/><G19/><T87/><D135/><U60/><E78/><V54/><F134/><W35/><G35/><T90/><D100/><U132/><E132/><V27/><F1/><W29/><G29/><T13/><D38/><U57/><E68/><V110/><F110/><W15/><G74/><T39/><D39/><U67/><E60/><V82/><F4/><W20/><G20/><T23/><D42/><U44/><E69/><V14/><F3/><W66/><G37/><T75/><D75/><U118/><E118/><V107/><F14/><W65/><G80/><T50/><D50/><U71/><E71/><V70/><F107/><W12/><G15/><T115/><D115/><U119/><E119/><V116/><F70/><W49/><G93/><N who="0" m="54471" /><D61/><U124/><E124/><V104/><F104/><W47/><G47/><T88/><D30/><U125/><E125/><V5/><F5/><W86/><AGARI ba="0,0" hai="7,8,12,46,49,52,55,59,63,65,66,86,89,92" machi="86" ten="20,12000,2" yaku="0,1,7,1,8,1,52,2,54,1" doraHai="51" who="3" fromWho="3" sc="224,-30,302,-60,237,-30,237,120" /><INIT seed="2,0,0,2,3,53" ten="194,242,207,357" oya="2" hai0="77,49,57,20,70,47,68,87,15,80,135,99,91" hai1="132,5,105,71,14,85,25,119,101,131,9,83,110" hai2="108,59,76,106,126,95,10,4,12,26,29,11,18" hai3="111,30,78,123,125,64,124,75,84,51,107,37,23"/><V112/><F106/><W134/><G37/><T79/><D135/><U116/><E132/><V56/><F112/><W27/><G134/><T39/><D39/><U38/><E38/><V72/><F126/><W104/><G123/><T22/><D68/><U45/><E131/><V96/><F76/><W73/><G64/><T133/><D70/><U44/><E110/><V93/><F72/><N who="3" m="27723" /><G51/><T81/><D133/><U98/><E71/><V13/><F108/><W100/><G100/><T54/><D99/><U41/><E25/><V33/><REACH who="2" step="1"/><F95/><REACH who="2" ten="194,242,197,357" step="2"/><W36/><G111/><T1/><D79/><N who="1" m="46335" /><E116/><V118/><F118/><W122/><G107/><T67/><D77/><U58/><E119/><V6/><F6/><W32/><G104/><T50/><D80/><U82/><E82/><V24/><F24/><W17/><G27/><T8/><D1/><U114/><E114/><V102/><AGARI ba="0,1" hai="4,10,11,12,13,18,26,29,33,56,59,93,96,102" machi="102" ten="20,12000,1" yaku="1,1,0,1,7,1,52,2,53,0" doraHai="53" doraHaiUra="120" who="2" fromWho="2" sc="194,-40,242,-40,197,130,357,-40" /><INIT seed="2,1,0,2,3,6" ten="154,202,327,317" oya="2" hai0="90,129,74,93,84,3,18,112,16,42,122,43,30" hai1="29,28,76,47,33,9,113,67,55,26,94,81,54" hai2="50,134,105,11,135,52,39,132,4,53,131,88,10" hai3="92,34,101,108,100,96,14,22,85,77,127,130,61"/><V32/><F39/><W15/><G34/><T107/><D122/><U99/><E113/><V40/><F105/><W66/><G130/><T2/><D112/><U8/><E67/><V98/><F32/><W82/><G108/><T68/><D68/><U35/><E47/><N who="2" m="27743" /><F40/><W72/><G127/><T13/><D107/><U117/><E117/><V17/><F53/><W106/><G101/><T118/><D74/><U51/><E51/><V0/><F131/><W45/><G45/><T120/><D120/><U70/><E70/><V73/><F73/><W24/><G106/><T69/><D69/><U91/><E55/><V5/><F17/><W44/><G44/><T38/><D129/><U123/><E54/><V48/><F48/><W60/><G72/><T19/><D118/><U7/><E7/><N who="2" m="2635" /><F0/><W78/><G78/><T114/><D114/><U83/><E123/><V57/><F57/><W128/><G128/><T1/><D38/><U97/><E97/><V64/><F64/><W56/><REACH who="3" step="1"/><G61/><REACH who="3" ten="154,202,327,307" step="2"/><T111/><D111/><U41/><E41/><V110/><F110/><W23/><G23/><T119/><D119/><U21/><E21/><V104/><F88/><W95/><G95/><T62/><D1/><U126/><E126/><V102/><AGARI ba="1,1" hai="10,11,98,102,104,132,134,135" m="2635,27743" machi="102" ten="40,12000,1" yaku="20,1,52,2,54,1" doraHai="6" who="2" fromWho="2" sc="154,-41,202,-41,327,133,307,-41" /><INIT seed="2,2,0,2,0,99" ten="113,161,460,266" oya="2" hai0="87,25,60,4,67,122,50,88,77,64,72,12,76" hai1="36,20,61,130,28,54,106,92,134,62,85,104,117" hai2="107,84,78,2,119,79,55,74,111,66,126,38,71" hai3="9,123,19,18,41,110,23,97,132,89,108,44,120"/><V57/><F119/><W45/><G132/><T46/><D122/><N who="3" m="46633" /><G9/><T52/><D72/><U124/><E36/><V70/><F2/><W7/><G7/><T17/><D25/><U91/><E117/><V121/><F38/><W98/><G89/><T135/><D4/><U116/><E116/><V30/><F30/><W118/><G118/><T49/><D49/><U0/><E0/><V31/><F31/><W83/><G83/><T65/><D60/><U27/><E134/><V90/><F74/><W129/><G129/><T39/><D39/><U24/><E130/><V93/><F107/><W13/><G19/><T115/><D115/><U1/><E1/><V42/><F121/><W32/><G32/><T15/><D135/><U22/><E124/><V63/><F126/><W11/><G11/><N who="0" m="6303" /><D15/><U131/><E131/><V58/><F42/><W40/><G41/><T109/><D109/><N who="3" m="42089" /><G45/><T3/><D3/><U21/><E21/><V6/><F6/><W125/><G125/><T47/><D47/><U26/><E26/><V69/><REACH who="2" step="1"/><F111/><REACH who="2" ten="113,161,450,266" step="2"/><W56/><G40/><T102/><D102/><U128/><E128/><V43/><F43/><W53/><G44/><T96/><D96/><U48/><E106/><V10/><F10/><W127/><G127/><T101/><D101/><U103/><E103/><V34/><F34/><W100/><G100/><T35/><D35/><U75/><E75/><V59/><F59/><W86/><G86/><T73/><D73/><U8/><E8/><V80/><F80/><AGARI ba="2,1" hai="46,50,52,64,65,67,76,77,80,87,88" m="6303" machi="80" ten="30,7700,0" yaku="25,1,8,1,54,2" doraHai="99" who="0" fromWho="2" sc="113,93,161,0,450,-83,266,0" /><INIT seed="3,0,0,0,2,132" ten="206,161,367,266" oya="3" hai0="94,96,40,126,110,32,92,50,71,103,66,115,24" hai1="78,75,124,31,105,0,79,39,28,42,46,70,34" hai2="53,95,98,104,129,33,11,61,27,38,14,80,97" hai3="72,58,63,113,21,37,10,114,135,54,84,6,119"/><W81/><G119/><T57/><D71/><U55/><E79/><V4/><F38/><W45/><G135/><T68/><D110/><U88/><E31/><V89/><F104/><W111/><G111/><T67/><D115/><U26/><E55/><V102/><F80/><W85/><G72/><T83/><D68/><U91/><E70/><V16/><F129/><W107/><G107/><T9/><D83/><U44/><E44/><V112/><F112/><W35/><G35/><T108/><D108/><U25/><E25/><V133/><F133/><W73/><G21/><T7/><D126/><U101/><E124/><V56/><F98/><W47/><G47/><T17/><D94/><U12/><E12/><V60/><F60/><W106/><G106/><T62/><D40/><U127/><E127/><V29/><REACH who="2" step="1"/><F102/><REACH who="2" ten="206,161,357,266" step="2"/><W1/><G114/><T20/><D50/><U123/><E101/><V8/><F8/><W125/><G113/><T99/><D99/><U118/><E105/><V130/><F130/><W87/><G125/><T43/><D103/><U90/><E118/><V5/><AGARI ba="0,1" hai="4,5,11,14,16,27,29,33,53,56,61,89,95,97" machi="5" ten="30,4000,0" yaku="1,1,0,1,54,1,53,0" doraHai="132" doraHaiUra="121" who="2" fromWho="2" sc="206,-10,161,-10,357,50,266,-20" /><INIT seed="4,0,0,2,0,70" ten="196,151,407,246" oya="0" hai0="62,91,49,41,27,9,105,121,114,47,101,31,99" hai1="94,118,75,108,59,77,12,65,32,74,43,18,95" hai2="24,0,51,127,126,106,72,128,102,89,92,35,100" hai3="15,56,14,109,134,73,38,107,3,42,90,33,93"/><T110/><D121/><U119/><E108/><V130/><F51/><W8/><G107/><T78/><D114/><U79/><E32/><V88/><F24/><W96/><G109/><T83/><D110/><U76/><E43/><V122/><F35/><W97/><G73/><T37/><D91/><N who="2" m="34890" /><F0/><W69/><G134/><T22/><D62/><U111/><E111/><V17/><F17/><W48/><G97/><T104/><D9/><U50/><E65/><V4/><F4/><W66/><G33/><T82/><D105/><U45/><E59/><V98/><F72/><N who="1" m="27689" /><E50/><V10/><F10/><W13/><G69/><T84/><D82/><U54/><E54/><V55/><F55/><W120/><G120/><T44/><REACH who="0" step="1"/><D44/><REACH who="0" ten="186,151,407,246" step="2"/><U53/><E45/><V135/><F122/><W129/><G8/><T133/><D133/><U16/><E53/><V19/><F135/><W112/><G112/><T68/><D68/><U23/><E23/><V1/><F1/><W117/><G3/><T80/><D80/><U60/><E60/><V125/><F19/><N who="1" m="7209" /><E12/><V26/><F26/><W46/><G15/><T124/><D124/><U115/><E115/><V131/><F106/><W25/><G14/><T28/><D28/><U85/><E85/><V30/><F30/><W71/><G71/><T123/><D123/><U116/><AGARI ba="0,1" hai="76,77,79,94,95,116,118,119" m="7209,27689" machi="116" ten="40,5200,0" yaku="28,2,54,1" doraHai="70" who="1" fromWho="1" sc="186,-26,151,62,407,-13,246,-13" /><INIT seed="5,0,0,1,1,130" ten="160,213,394,233" oya="1" hai0="96,119,47,28,5,115,13,43,88,62,38,114,129" hai1="54,123,16,15,70,113,99,91,133,23,103,52,107" hai2="76,132,117,93,98,64,126,105,80,34,14,40,74" hai3="57,128,49,31,78,121,110,82,112,75,68,45,65"/><U35/><E123/><V9/><F34/><W7/><G121/><T87/><D119/><U30/><E70/><V11/><F117/><W72/><G110/><T19/><D129/><U1/><E1/><V83/><F126/><W24/><G128/><T61/><D96/><U86/><E113/><V3/><F105/><W6/><G75/><T26/><D5/><U8/><E35/><V111/><F111/><W84/><G72/><T44/><D44/><U60/><E60/><V63/><F3/><W17/><G17/><T58/><D58/><U59/><E59/><V90/><F83/><W94/><G94/><T33/><D114/><U102/><E102/><V108/><F108/><W22/><G68/><T29/><D29/><U66/><E66/><V36/><F36/><W101/><G101/><T56/><D56/><U124/><E124/><V0/><F0/><W77/><G78/><T67/><D67/><U79/><E79/><V97/><F40/><N who="3" m="24743" /><G112/><T100/><D100/><U42/><E42/><V106/><F106/><W81/><G82/><T134/><D115/><U92/><E133/><V104/><F104/><W120/><G120/><T116/><D134/><U55/><E30/><V21/><F132/><W18/><G31/><T69/><D69/><U89/><E89/><V131/><F131/><W118/><G118/><T48/><D38/><U46/><E46/><V51/><F90/><W12/><G24/><T135/><D135/><U20/><AGARI ba="0,0" hai="8,15,16,20,23,52,54,55,86,91,92,99,103,107" machi="20" ten="30,6000,0" yaku="0,1,54,2" doraHai="130" who="1" fromWho="1" sc="160,-20,213,60,394,-20,233,-20" /><INIT seed="5,1,0,5,2,49" ten="140,273,374,213" oya="1" hai0="84,101,95,60,29,70,68,77,62,18,19,46,16" hai1="129,90,118,130,57,27,107,75,111,89,72,36,82" hai2="5,37,7,96,40,110,69,24,26,91,4,13,21" hai3="47,100,20,61,6,127,104,34,59,113,58,83,108"/><U99/><E36/><V109/><F69/><W135/><G34/><T134/><D134/><U105/><E27/><N who="2" m="10283" /><F40/><W131/><G6/><T120/><D120/><U14/><E14/><V112/><F37/><W9/><G127/><T8/><D29/><U31/><E31/><V52/><F52/><W79/><G131/><N who="1" m="50186" /><E57/><V65/><F65/><W132/><G59/><T66/><D46/><U56/><E56/><V44/><F91/><W87/><G47/><T94/><D101/><U30/><E30/><V2/><F96/><W93/><G58/><T86/><D8/><U78/><E118/><V53/><F53/><W54/><G54/><T121/><D121/><U103/><E72/><V114/><F44/><W122/><G122/><T1/><D1/><U15/><E15/><V119/><F119/><W106/><G135/><T67/><REACH who="0" step="1"/><D19/><REACH who="0" ten="130,273,374,213" step="2"/><U35/><E35/><V32/><F32/><W124/><G132/><T3/><D3/><U48/><E107/><V133/><F2/><W116/><G106/><T33/><D33/><U88/><E48/><V42/><F133/><W43/><G104/><T11/><D11/><U74/><E74/><V63/><F63/><W51/><G61/><T17/><D17/><U23/><E23/><V45/><F45/><W22/><G22/><T97/><D97/><U80/><E80/><V102/><F42/><W12/><G43/><T117/><D117/><U0/><E0/><V126/><F102/><W64/><G116/><T39/><D39/><U92/><E105/><V76/><F21/><W125/><G20/><T38/><D38/><U71/><E103/><RYUUKYOKU ba="1,1" sc="130,30,273,-10,374,-10,213,-10" hai0="16,18,60,62,66,67,68,70,77,84,86,94,95" /><INIT seed="6,2,1,5,4,132" ten="160,263,364,203" oya="2" hai0="2,49,114,27,86,51,90,64,69,61,120,40,107" hai1="36,88,63,109,128,96,77,116,18,30,33,121,118" hai2="15,24,20,81,5,71,87,29,131,0,39,103,76" hai3="119,115,57,12,62,113,9,117,123,37,32,56,48"/><V26/><F39/><W1/><G32/><T45/><D120/><U91/><E36/><V67/><F0/><W34/><G34/><T95/><D2/><U110/><E63/><V105/><F26/><W93/><G93/><T99/><D114/><N who="3" m="43529" /><G37/><T108/><D108/><U54/><E18/><V52/><F131/><W84/><G84/><T11/><D11/><U8/><E8/><V106/><F103/><W58/><G123/><T10/><D10/><U4/><E4/><V134/><F134/><W6/><G48/><T100/><D51/><U74/><E54/><V89/><F67/><W7/><G7/><T19/><D19/><U79/><E30/><V111/><F71/><W25/><G25/><T13/><D27/><U31/><E31/><V78/><F111/><N who="1" m="42505" /><E33/><V65/><F65/><N who="3" m="39127" /><G1/><T23/><D23/><U102/><E128/><V70/><F70/><W122/><G122/><T125/><REACH who="0" step="1"/><D13/><REACH who="0" ten="150,263,364,203" step="2"/><U130/><E121/><V124/><F15/><W126/><G126/><AGARI ba="2,2" hai="40,45,49,61,64,69,86,90,95,99,100,107,125,126" machi="126" ten="40,8000,1" yaku="1,1,2,1,52,2,53,1" doraHai="132" doraHaiUra="38" who="0" fromWho="3" sc="150,106,263,0,364,0,203,-86" /><INIT seed="7,0,0,2,2,128" ten="256,263,364,117" oya="3" hai0="60,61,49,82,45,89,121,0,2,22,14,15,17" hai1="36,30,65,75,120,50,4,71,119,76,58,13,103" hai2="88,118,101,18,78,6,135,107,97,29,114,98,99" hai3="113,112,12,117,85,28,57,102,21,95,90,34,33"/><W43/><G117/><T8/><D121/><U16/><E120/><V46/><F118/><W74/><G74/><T35/><D35/><U9/><E119/><V11/><F135/><W31/><G43/><T59/><D59/><U52/><E103/><V105/><F29/><W86/><G102/><T80/><D0/><U20/><E36/><V25/><F101/><W92/><G57/><T51/><D2/><U133/><E30/><V122/><F122/><W42/><G42/><N who="0" m="24759" /><D51/><U44/><E71/><V123/><F123/><W5/><G5/><N who="0" m="3343" /><D89/><U23/><E133/><V87/><F78/><W70/><G12/><T116/><D116/><U110/><E110/><V111/><F46/><W124/><G90/><T125/><D125/><U83/><E4/><V19/><F111/><W134/><G134/><T63/><AGARI ba="0,0" hai="15,17,22,60,61,63,80,82" m="3343,24759" machi="63" ten="30,1100,0" yaku="8,1" doraHai="128" who="0" fromWho="0" sc="256,11,263,-3,364,-3,117,-5" owari="267,6.7,260,-14.0,361,46.1,112,-38.8" /></mjloggm>