<mjloggm ver="2.3"><GO type="41" lobby="0"/><UN n0="%E2%93%9D%4C%75%63%6B%79%4A" n1="%4B%65%76%31%6E" n2="%4A%4A%53" n3="%47%52%45%45%44" dan="17,15,13,15" rate="2167.16,2082.61,1888.25,1983.79" sx="M,M,M,M"/><TAIKYOKU oya="0"/><INIT seed="0,0,0,0,2,121" ten="250,250,250,250" oya="0" hai0="65,85,86,27,84,124,123,128,112,94,78,130,51" hai1="41,17,72,56,25,88,93,110,38,73,19,83,104" hai2="33,12,49,60,109,40,36,53,47,13,7,20,111" hai3="105,15,90,134,115,26,28,129,70,45,120,8,67"/><T126/><D65/><U46/><E104/><V44/><F33/><W114/><G120/><T95/><D123/><U4/><E4/><V61/><F13/><W64/><G129/><N who="0" m="49771" /><D51/><U76/><E73/><V48/><F36/><W22/><G134/><T43/><D43/><U14/><E25/><V101/><F101/><W6/><G105/><T0/><D0/><U21/><E17/><V23/><F7/><W39/><G114/><T24/><D112/><U11/><E56/><V133/><F133/><W98/><G70/><T29/><D29/><U54/><E54/><V135/><F135/><W100/><G100/><T37/><D37/><U1/><E1/><V97/><F97/><W52/><G115/><T58/><D58/><U122/><E122/><V9/><F9/><W116/><G39/><T91/><D78/><U55/><E55/><V74/><F74/><W118/><G64/><T32/><D32/><U63/><E63/><V16/><F23/><W10/><G67/><T106/><D106/><U5/><E5/><V81/><F81/><W3/><G10/><T30/><D30/><U125/><E11/><V103/><F103/><W18/><G28/><T107/><D107/><U99/><REACH who="1" step="1"/><E125/><REACH who="1" ten="250,240,250,250" step="2"/><N who="0" m="48233" /><D91/><U57/><E57/><V92/><F92/><AGARI ba="0,1" hai="24,27,84,85,86,92,94,95" m="48233,49771" machi="92" ten="40,12000,1" yaku="28,2,19,1,18,1" doraHai="121" who="0" fromWho="2" sc="250,130,240,0,250,-120,250,0" /><INIT seed="0,1,0,5,0,135" ten="380,240,130,250" oya="0" hai0="0,84,36,48,113,124,46,12,39,6,103,96,69" hai1="130,131,120,89,125,4,102,111,15,8,30,93,60" hai2="20,66,35,11,114,51,26,45,52,90,56,10,28" hai3="109,91,105,14,3,64,74,70,40,65,94,78,62"/><T50/><D113/><U47/><E120/><V112/><F112/><W21/><G3/><T116/><D116/><U67/><E102/><V57/><F114/><W55/><G105/><T80/><D69/><U97/><E30/><V101/><F35/><W99/><G109/><T7/><D0/><U18/><E47/><V49/><F66/><W95/><G40/><T119/><D119/><U37/><E37/><V108/><F108/><W72/><G78/><T25/><D25/><U42/><E42/><V71/><F71/><W98/><G55/><T110/><D110/><U32/><E32/><V123/><F123/><W34/><G34/><T59/><D59/><U88/><E111/><V31/><F101/><W85/><G85/><T87/><D12/><U61/><E89/><V33/><F33/><W9/><G21/><T79/><D46/><U77/><E77/><V122/><F122/><W106/><G65/><T16/><D103/><U117/><E117/><V86/><F31/><W104/><G106/><T38/><D96/><U1/><E1/><V132/><F132/><W2/><G2/><T24/><D87/><U128/><E4/><V68/><F68/><W22/><G22/><N who="0" m="13383" /><D7/><U29/><E29/><V83/><REACH who="2" step="1"/><F57/><REACH who="2" ten="380,240,120,250" step="2"/><W107/><G104/><T53/><D6/><U44/><E67/><V100/><F100/><W17/><G107/><T23/><D23/><U58/><E58/><V134/><F134/><W5/><G5/><T133/><D133/><U41/><E131/><V121/><F121/><W73/><G70/><T13/><D79/><U127/><E130/><V81/><F81/><RYUUKYOKU ba="1,1" sc="380,-10,240,-10,120,30,250,-10" hai2="10,11,20,26,28,45,49,51,52,56,83,86,90" /><INIT seed="1,2,1,3,2,134" ten="370,230,150,240" oya="1" hai0="119,38,6,9,17,14,52,12,5,127,15,41,120" hai1="40,8,49,66,26,96,58,129,65,34,27,97,61" hai2="78,106,19,13,3,39,84,68,16,81,50,70,59" hai3="108,132,113,28,112,110,77,76,90,130,4,92,93"/><U88/><E129/><V122/><F122/><W53/><G130/><T100/><D119/><U79/><E79/><V60/><F39/><W101/><G4/><T18/><D100/><U124/><E34/><V23/><F106/><W21/><G53/><T109/><D109/><N who="3" m="42089" /><G21/><T11/><D120/><U64/><E8/><V117/><F3/><W103/><G28/><T46/><D127/><U20/><E124/><V99/><F117/><W30/><G30/><T102/><D102/><N who="3" m="38921" /><G132/><T118/><D118/><U44/><E97/><V22/><F50/><W48/><G48/><T29/><D29/><N who="1" m="17607" /><E27/><V32/><F32/><W107/><G107/><T72/><D72/><U123/><E123/><V87/><F70/><W73/><G73/><T37/><D38/><U7/><E7/><V74/><F68/><W116/><G116/><T56/><REACH who="0" step="1"/><D15/><REACH who="0" ten="360,230,150,240" step="2"/><U128/><E128/><V45/><F74/><W94/><G90/><T54/><D54/><U36/><E36/><V71/><F13/><W83/><G83/><T95/><D95/><AGARI ba="2,2" hai="40,44,49,58,61,64,65,66,88,95,96" m="17607" machi="95" ten="30,2900,0" yaku="8,1,54,1" doraHai="134" who="1" fromWho="0" sc="360,-35,230,55,150,0,240,0" /><INIT seed="1,3,0,4,2,123" ten="325,285,150,240" oya="1" hai0="82,134,18,77,16,62,97,35,34,29,105,94,37" hai1="25,73,99,61,108,129,93,130,60,133,2,43,65" hai2="55,49,5,30,115,70,33,90,120,68,95,110,126" hai3="48,63,66,113,80,103,17,11,106,91,111,3,12"/><U124/><E2/><V125/><F120/><W26/><G113/><T127/><D37/><U121/><E121/><V7/><F30/><W88/><G106/><T23/><D105/><U122/><E122/><V36/><F33/><W64/><G103/><T19/><D127/><U132/><E73/><V81/><F36/><W67/><G63/><T69/><D134/><N who="1" m="51819" /><E43/><V131/><F81/><W72/><G3/><T54/><D35/><U1/><E1/><V40/><F40/><W6/><G6/><T45/><D34/><U41/><E41/><V100/><F100/><W74/><BYE who="2" /><G48/><T46/><D69/><N who="1" m="42151" /><E25/><V71/><F71/><W128/><G128/><N who="1" m="49258" /><E61/><V117/><F117/><W22/><G74/><T96/><D62/><U53/><E53/><V98/><F98/><W20/><G72/><T51/><D97/><U21/><E21/><N who="3" m="8298" /><G26/><T83/><D23/><U50/><E50/><V56/><F56/><W57/><G57/><T118/><D118/><U86/><E86/><V109/><F109/><W13/><G111/><T112/><D51/><U92/><E108/><V14/><F14/><W58/><G58/><T116/><D116/><U78/><E78/><V4/><F4/><W101/><G13/><T38/><D77/><U119/><E119/><V84/><F84/><W31/><G31/><T89/><D29/><U85/><E85/><V87/><F87/><W39/><G39/><T76/><D38/><U8/><E8/><V42/><F42/><W15/><G15/><T47/><D76/><U9/><E9/><V104/><F104/><W27/><G27/><T107/><D107/><RYUUKYOKU ba="3,0" sc="325,0,285,0,150,0,240,0" /><INIT seed="2,4,0,2,1,52" ten="325,285,150,240" oya="2" hai0="100,50,115,89,101,58,19,63,130,90,106,53,122" hai1="105,43,54,103,21,60,111,8,38,9,79,88,55" hai2="10,125,13,7,44,71,129,62,35,91,29,102,77" hai3="134,20,59,86,2,112,113,119,98,15,32,107,51"/><V12/><F12/><W75/><G119/><T118/><D115/><N who="3" m="44105" /><G32/><T25/><D122/><U1/><E111/><V27/><F27/><W72/><G2/><T11/><D130/><U24/><E79/><V123/><F123/><W116/><G134/><T80/><D106/><U99/><E43/><V132/><F132/><W87/><G116/><T69/><D69/><U0/><E38/><V95/><F95/><W127/><G127/><T18/><D118/><U57/><E55/><V135/><F135/><W120/><G120/><T110/><D110/><U64/><E64/><V81/><F81/><W28/><G107/><T70/><D70/><U82/><E1/><V16/><F16/><N who="0" m="6186" /><D11/><U109/><E109/><V56/><F56/><W84/><G15/><T14/><D14/><U39/><E39/><V22/><F22/><W65/><G98/><T5/><D5/><U126/><E126/><V41/><F41/><W124/><G124/><T4/><D4/><U68/><E68/><V45/><F45/><W108/><G108/><T104/><D104/><U78/><E0/><V48/><F48/><W97/><G97/><T83/><D50/><U117/><E117/><V34/><F34/><W85/><N who="3" m="21504" /><DORA hai="40" /><W128/><G128/><T131/><D131/><U17/><E78/><V76/><F76/><W61/><G51/><T121/><D121/><U67/><E67/><V3/><F3/><W37/><G37/><T33/><D33/><U36/><E36/><V26/><F26/><AGARI ba="4,0" hai="20,26,28,59,61,65,72,75" m="21504,44105" machi="26" ten="50,3200,0" yaku="11,1,52,1" doraHai="52,40" who="3" fromWho="2" sc="325,0,285,0,150,-44,240,44" /><INIT seed="3,0,0,4,1,102" ten="325,285,106,284" oya="3" hai0="76,10,79,13,41,116,26,105,24,19,71,64,34" hai1="22,3,126,72,68,112,86,11,12,121,39,89,14" hai2="94,75,2,113,38,70,101,106,132,74,17,40,6" hai3="84,32,90,5,36,131,97,50,49,43,57,18,7"/><W124/><G36/><T31/><D116/><U108/><E112/><V99/><F99/><W51/><G131/><T73/><D73/><U35/><E121/><V67/><F67/><W66/><G124/><T4/><D41/><U80/><E35/><V98/><F98/><W107/><G32/><T29/><D71/><U48/><E39/><V134/><F134/><W1/><G1/><T128/><D64/><U47/><E68/><V111/><F111/><W109/><G109/><T53/><D53/><U120/><E120/><V69/><F69/><W93/><G43/><T78/><D128/><U100/><E108/><V81/><F81/><W92/><G107/><T54/><D54/><U28/><E126/><V118/><F118/><W117/><G18/><T55/><D55/><U119/><E119/><V127/><F127/><W37/><G37/><T42/><D42/><U82/><E100/><V122/><F122/><W125/><G125/><T33/><D19/><U88/><E3/><V16/><F16/><W91/><REACH who="3" step="1"/><G117/><REACH who="3" ten="325,285,106,274" step="2"/><T15/><REACH who="0" step="1"/><D105/><REACH who="0" ten="315,285,106,274" step="2"/><U9/><E28/><V95/><F95/><W87/><G87/><T115/><D115/><U56/><E86/><V52/><F52/><W30/><G30/><T83/><D83/><U45/><E72/><V135/><F135/><W27/><G27/><T63/><D63/><AGARI ba="0,2" hai="5,7,49,50,51,57,63,66,84,90,91,92,93,97" machi="63" ten="40,3900,0" yaku="1,1,8,1,53,0" doraHai="102" doraHaiUra="8" who="3" fromWho="0" sc="315,-39,285,0,106,0,274,59" /><INIT seed="3,1,0,4,3,71" ten="276,285,106,333" oya="3" hai0="18,28,29,44,107,96,110,26,46,55,1,119,98" hai1="17,78,42,120,135,106,14,19,92,8,74,118,38" hai2="31,129,13,117,7,9,5,52,81,83,97,34,57" hai3="99,112,68,79,89,82,128,15,63,45,33,6,101"/><W133/><G112/><T53/><D1/><U85/><E106/><V95/><F95/><W115/><G115/><T35/><D119/><U103/><E120/><V16/><F16/><W24/><G133/><T12/><D110/><U65/><E74/><V94/><F94/><W3/><G128/><T86/><D86/><U87/><E135/><V105/><F105/><N who="3" m="63679" /><G15/><T0/><D0/><U123/><E123/><V62/><F62/><W23/><G45/><T10/><D29/><U51/><E118/><V43/><F43/><W132/><G132/><T76/><D76/><U84/><E65/><V70/><F70/><W60/><G60/><T69/><D69/><U72/><E72/><V40/><F40/><W48/><G48/><T104/><D107/><U37/><E78/><V21/><F21/><W90/><G23/><T100/><D98/><U58/><E17/><V109/><F109/><W88/><G6/><T2/><D2/><U66/><E66/><V127/><F127/><W80/><G79/><T49/><REACH who="0" step="1"/><D46/><REACH who="0" ten="266,285,106,333" step="2"/><U67/><E87/><V113/><F113/><W39/><G3/><T91/><D91/><U61/><E85/><V41/><F41/><AGARI ba="1,1" hai="10,12,18,26,28,35,41,44,49,53,55,96,100,104" machi="41" ten="30,3900,0" yaku="1,1,7,1,53,1" doraHai="71" doraHaiUra="27" who="0" fromWho="2" sc="266,52,285,0,106,-42,333,0" /><INIT seed="4,0,0,3,2,58" ten="318,285,64,333" oya="0" hai0="85,124,97,126,127,42,80,6,135,69,72,34,76" hai1="45,123,1,44,119,64,11,107,36,20,65,28,92" hai2="98,27,102,116,61,115,17,60,57,82,53,118,43" hai3="125,109,22,7,38,96,88,77,101,52,49,90,131"/><T23/><D34/><U122/><E119/><V112/><F112/><W128/><G109/><T21/><D69/><U121/><E107/><V114/><F114/><W2/><G38/><T120/><D120/><U15/><E1/><V74/><F74/><W95/><G77/><T105/><D6/><U39/><E92/><V68/><F68/><W55/><G125/><T0/><D0/><U5/><E39/><V63/><F63/><W51/><G22/><T35/><D35/><U100/><E100/><V89/><F89/><W130/><G7/><T29/><D42/><U84/><E84/><V26/><F26/><W66/><G66/><T81/><D29/><U108/><E108/><V93/><F93/><W62/><G2/><T32/><D32/><U132/><E132/><V33/><F33/><W16/><G16/><T18/><D18/><U91/><E91/><N who="3" m="34858" /><G62/><T106/><D135/><U46/><REACH who="1" step="1"/><E36/><REACH who="1" ten="318,275,64,333" step="2"/><V40/><F40/><W9/><G9/><T12/><D127/><U19/><E19/><V79/><F79/><W73/><G73/><T4/><D76/><U48/><E48/><AGARI ba="0,1" hai="48,49,51,52,55,95,96,101,128,130,131" m="34858" machi="48" ten="40,5200,0" yaku="19,1,54,2" doraHai="58" who="3" fromWho="1" sc="318,0,275,-52,64,0,333,62" /><INIT seed="5,0,0,4,4,95" ten="318,223,64,395" oya="1" hai0="25,94,112,36,6,91,79,14,11,28,0,46,3" hai1="88,115,105,102,2,126,21,39,50,100,20,78,119" hai2="5,76,111,44,22,61,108,72,74,65,64,66,37" hai3="55,96,13,58,51,34,107,43,47,114,127,9,128"/><U59/><E119/><V104/><F104/><W1/><G34/><T27/><D79/><U134/><E39/><V15/><F15/><W62/><G114/><T120/><D112/><U53/><E115/><V30/><F30/><W42/><G1/><T106/><D106/><U63/><E2/><V86/><F86/><W77/><G77/><T93/><D94/><U45/><E126/><V109/><F109/><W70/><G128/><T73/><D73/><U38/><E38/><V16/><F16/><W60/><G127/><T17/><D120/><U118/><E118/><V41/><F41/><N who="3" m="15371" /><G107/><T82/><D82/><UN n2="%4A%4A%53" /><U89/><E78/><V122/><F122/><W83/><G83/><T7/><D46/><U92/><E134/><V26/><F5/><N who="0" m="1546" /><D93/><U54/><E89/><V99/><F76/><W32/><G32/><N who="0" m="20511" /><D91/><U4/><E4/><V85/><F37/><W56/><G70/><T135/><D135/><U117/><E117/><V8/><F111/><W67/><G96/><T49/><D36/><U131/><E131/><V133/><F108/><W29/><G29/><T129/><D129/><U124/><E124/><V24/><F133/><W10/><G13/><T18/><D3/><U132/><E132/><V80/><F74/><W110/><G110/><T123/><D0/><U121/><E121/><V113/><F72/><W31/><G31/><T69/><D123/><U68/><E68/><V19/><F113/><W23/><G23/><N who="1" m="8778" /><E105/><V81/><F22/><W130/><G130/><T90/><D69/><U98/><AGARI ba="0,0" hai="45,50,53,54,59,63,88,92,98,100,102" m="8778" machi="98" ten="30,6000,0" yaku="8,1,52,1,54,1" doraHai="95" who="1" fromWho="1" sc="318,-20,223,60,64,-20,395,-20" /><INIT seed="5,1,0,4,4,79" ten="298,283,44,375" oya="1" hai0="26,115,88,24,122,9,106,132,44,92,35,105,54" hai1="103,66,40,60,50,82,49,25,68,36,14,18,114" hai2="83,125,130,67,89,2,3,116,17,93,120,131,34" hai3="38,65,28,69,94,107,112,58,124,81,91,85,76"/><U12/><E114/><V64/><F120/><W133/><G38/><T23/><D115/><U135/><E135/><V86/><F34/><W48/><G112/><T97/><D132/><U87/><E103/><V109/><F109/><W77/><G124/><T0/><D26/><U42/><E36/><V71/><F116/><W75/><G69/><T72/><D72/><U56/><E25/><V55/><F125/><W121/><G133/><T16/><D35/><U41/><E14/><V43/><F43/><W63/><G77/><T15/><D0/><U84/><E84/><V62/><F2/><W61/><G61/><T11/><D11/><U119/><E68/><V45/><F3/><W123/><G28/><T31/><D122/><U78/><REACH who="1" step="1"/><E119/><REACH who="1" ten="298,273,44,375" step="2"/><V30/><F71/><W10/><G121/><T7/><D31/><U110/><E110/><V33/><F30/><W127/><G123/><T47/><D106/><U104/><E104/><V59/><F33/><W5/><G127/><T99/><D105/><U108/><E108/><V22/><F131/><W113/><G107/><T134/><D134/><U52/><E52/><N who="2" m="34151" /><F130/><W57/><G113/><T20/><D54/><U101/><E101/><V118/><F118/><W80/><G75/><T128/><D128/><U51/><E51/><N who="2" m="29167" /><F93/><W53/><G94/><T6/><D92/><U4/><E4/><V129/><F129/><W70/><G70/><T95/><D7/><U1/><E1/><V117/><F117/><W29/><G5/><T46/><D99/><U96/><E96/><V32/><F32/><W37/><G37/><T73/><D73/><RYUUKYOKU ba="1,1" sc="298,10,273,10,44,10,375,-30" hai0="6,9,15,16,20,23,24,44,46,47,88,95,97" hai1="12,18,40,41,42,49,50,56,60,66,78,82,87" hai2="17,22,64,67,83,86,89" /><INIT seed="5,2,1,1,1,69" ten="308,283,54,345" oya="1" hai0="27,46,54,50,71,67,97,89,68,94,132,15,12" hai1="36,40,22,4,108,16,45,48,29,86,124,121,32" hai2="64,72,17,44,38,60,81,11,34,52,7,116,20" hai3="99,117,3,131,104,105,47,125,23,76,63,130,19"/><U14/><E121/><V118/><F34/><W110/><G110/><T26/><D132/><U103/><E124/><V55/><F118/><W51/><G125/><T90/><D71/><U35/><E108/><V77/><F116/><W79/><G3/><T120/><D120/><U122/><E122/><V8/><F8/><W96/><G63/><T73/><D73/><U37/><E103/><V2/><F64/><W109/><G109/><T95/><D68/><U107/><E107/><N who="3" m="41034" /><G96/><N who="0" m="57463" /><D67/><U123/><E123/><V21/><F60/><W61/><G61/><T59/><D59/><U88/><E4/><V0/><F0/><W82/><G99/><T112/><D112/><U65/><E65/><V129/><F21/><W24/><G82/><T62/><D62/><U75/><E75/><V18/><F18/><W134/><G134/><T56/><D56/><U126/><E126/><V93/><F93/><W57/><G57/><T83/><D83/><U115/><E115/><V39/><F129/><N who="3" m="49163" /><G117/><T6/><D6/><U10/><E10/><V133/><F133/><W13/><G13/><AGARI ba="2,1" hai="12,13,15,26,27,46,50,54,89,94,97" m="57463" machi="13" ten="30,1000,0" yaku="8,1" doraHai="69" who="0" fromWho="3" sc="308,26,283,0,54,0,345,-16" /><INIT seed="6,0,0,3,4,41" ten="334,283,54,329" oya="2" hai0="23,14,126,73,135,63,58,30,127,116,128,93,10" hai1="44,103,26,72,22,91,52,76,122,119,55,81,121" hai2="53,85,124,98,68,39,111,56,82,77,70,67,45" hai3="115,117,134,86,4,108,31,79,80,83,96,36,5"/><V6/><F124/><N who="0" m="47658" /><D73/><U101/><E119/><V46/><F39/><W42/><G108/><T20/><D116/><U109/><E109/><V112/><F111/><W51/><G134/><T118/><D118/><U9/><E9/><V94/><F70/><W13/><G36/><T100/><D30/><U92/><E122/><V18/><F68/><W60/><G31/><T59/><D59/><U25/><E121/><V15/><F67/><W104/><G60/><T47/><D128/><U113/><E113/><V2/><F6/><W48/><G115/><T7/><D135/><U38/><E25/><V102/><F2/><W35/><G35/><T71/><D71/><U28/><E38/><V130/><F130/><W114/><G114/><T1/><D47/><N who="2" m="17930" /><F112/><W89/><G42/><T33/><D33/><U3/><E3/><V69/><F69/><W132/><G4/><T19/><D7/><U125/><E125/><V49/><F18/><W120/><G120/><T50/><D1/><U32/><E32/><V54/><F53/><W66/><G66/><T17/><D19/><U87/><REACH who="1" step="1"/><E55/><REACH who="1" ten="334,273,54,329" step="2"/><V62/><F15/><W129/><G129/><T24/><D14/><U27/><E27/><V84/><F85/><W64/><G117/><T0/><D0/><U16/><E16/><V133/><F133/><W90/><G132/><T57/><D17/><U99/><E99/><V21/><F21/><W131/><G131/><T65/><D23/><U110/><E110/><V107/><F107/><W105/><G105/><T8/><D20/><U34/><E34/><V78/><F49/><AGARI ba="0,1" hai="22,26,28,44,49,52,72,76,81,87,91,92,101,103" machi="49" ten="40,5200,0" yaku="1,1,52,1,54,1,53,0" doraHai="41" doraHaiUra="11" who="1" fromWho="2" sc="334,0,273,62,54,-52,329,0" /><INIT seed="7,0,0,1,2,115" ten="334,335,2,329" oya="3" hai0="31,15,82,66,86,87,133,64,43,24,111,65,37" hai1="27,104,77,39,17,28,32,26,51,29,34,89,128" hai2="135,101,4,102,36,67,96,48,73,132,75,80,88" hai3="20,79,57,59,1,13,93,18,10,41,120,113,130"/><W117/><G120/><T11/><D111/><U78/><E39/><V8/><F8/><BYE who="2" /><W124/><G117/><T52/><D133/><U62/><E104/><V69/><F69/><W46/><G113/><T108/><D108/><U112/><E112/><V60/><F60/><W71/><G130/><T30/><D37/><U22/><E128/><V68/><F68/><W95/><G71/><T85/><D43/><U42/><E62/><V35/><F35/><W50/><G124/><T44/><D24/><U131/><E131/><V106/><F106/><W40/><G79/><T56/><D44/><U94/><E42/><V58/><F58/><N who="3" m="22027" /><G40/><T9/><D82/><U16/><E51/><V90/><F90/><W72/><G72/><T114/><D114/><U126/><E126/><V100/><F100/><W5/><G1/><T109/><D109/><U25/><E17/><V134/><F134/><W121/><G121/><T103/><D103/><U91/><E91/><V125/><F125/><W14/><AGARI ba="0,0" hai="5,10,13,14,18,20,41,46,50,93,95" m="22027" machi="14" ten="30,1500,0" yaku="8,1" doraHai="115" who="3" fromWho="3" sc="334,-5,335,-5,2,-5,329,15" owari="329,-7.1,330,13.0,-3,-50.3,344,44.4" /></mjloggm>