<mjloggm ver="2.3"><GO type="41" lobby="0"/><UN n0="%74%73%75%63%68%69%6E%6F" n1="%6E%62%6E%62" n2="%39%39%38%39%38%39%39%38" n3="%E2%93%9D%4C%75%63%6B%79%4A" dan="14,14,13,18" rate="1875.43,1912.44,1866.11,2215.55" sx="M,M,M,M"/><TAIKYOKU oya="0"/><INIT seed="0,0,0,4,0,8" ten="250,250,250,250" oya="0" hai0="92,56,87,36,130,71,0,4,32,101,114,133,70" hai1="123,26,119,78,109,117,35,88,22,17,124,108,51" hai2="5,135,77,61,43,19,63,129,84,105,81,49,28" hai3="15,111,25,50,42,106,127,110,93,1,65,60,103"/><T16/><D114/><U104/><E123/><V29/><F105/><W73/><G1/><T3/><D36/><U66/><E78/><V134/><F129/><W120/><G73/><T69/><D130/><U125/><E104/><V58/><F5/><W30/><G93/><T98/><D32/><U24/><E66/><V7/><F7/><W91/><G91/><T13/><D4/><U54/><E119/><V21/><F135/><W46/><G127/><N who="1" m="48714" /><E117/><V67/><F134/><W83/><G83/><T10/><D133/><U75/><E75/><V72/><F72/><W74/><G74/><T132/><D132/><U68/><E68/><V40/><F63/><W37/><G50/><T116/><D116/><U95/><E26/><V76/><F77/><W6/><G120/><T31/><D31/><N who="2" m="11850" /><F49/><W33/><G103/><T52/><REACH who="0" step="1"/><D87/><REACH who="0" ten="240,250,250,250" step="2"/><N who="1" m="52639" /><E35/><V115/><F115/><W97/><G33/><T39/><D39/><U94/><E94/><V59/><F58/><AGARI ba="0,1" hai="17,22,24,51,54,58,108,109" m="52639,48714" machi="58" ten="30,2000,0" yaku="18,1,54,1" doraHai="8" who="1" fromWho="2" sc="240,0,250,30,250,-20,250,0" /><INIT seed="1,0,0,4,2,12" ten="240,280,230,250" oya="1" hai0="22,80,114,48,39,100,75,118,58,52,13,8,116" hai1="97,91,74,46,133,62,103,119,87,63,84,117,54" hai2="135,109,71,31,5,20,38,131,35,95,83,123,98" hai3="64,33,96,3,53,50,93,85,45,130,41,121,72"/><U78/><E74/><V94/><F123/><W68/><G121/><T2/><D114/><U61/><E133/><V56/><F135/><W88/><G33/><T7/><D39/><U23/><E78/><V1/><F71/><W112/><G112/><T65/><D65/><U104/><E23/><V113/><F38/><W28/><G3/><T76/><REACH who="0" step="1"/><D100/><REACH who="0" ten="230,280,230,250" step="2"/><U32/><E119/><V70/><F113/><W9/><G64/><T108/><D108/><U36/><E117/><V86/><F109/><W111/><G111/><T40/><D40/><U126/><E36/><V90/><F70/><W34/><G68/><T55/><D55/><U132/><E132/><V27/><F131/><W59/><G130/><T18/><AGARI ba="0,1" hai="2,7,8,13,18,22,48,52,58,75,76,80,116,118" machi="18" ten="30,8000,1" yaku="1,1,0,1,52,1,54,1,53,1" doraHai="12" doraHaiUra="4" who="0" fromWho="0" sc="230,90,280,-40,230,-20,250,-20" /><INIT seed="2,0,0,2,1,89" ten="320,240,210,230" oya="2" hai0="110,128,11,74,116,17,99,112,120,42,107,90,54" hai1="125,83,115,64,113,117,111,55,12,61,49,76,47" hai2="91,100,84,41,35,46,82,51,9,3,71,104,103" hai3="101,75,37,96,2,73,29,4,6,43,56,19,36"/><V105/><F71/><W23/><G29/><T30/><D42/><U1/><E1/><V124/><F124/><W52/><G75/><T18/><D30/><U59/><E117/><V15/><F3/><W67/><G73/><T134/><D74/><U114/><E111/><V88/><F35/><W135/><G67/><T44/><D107/><U31/><E31/><V123/><F123/><W97/><G97/><T121/><D110/><U14/><REACH who="1" step="1"/><E125/><REACH who="1" ten="320,230,210,230" step="2"/><V106/><REACH who="2" step="1"/><F91/><REACH who="2" ten="320,230,200,230" step="2"/><W62/><G2/><T130/><D120/><U45/><E45/><V109/><F109/><W24/><G135/><T68/><D44/><U58/><E58/><V80/><F80/><W122/><G122/><T129/><D90/><U127/><E127/><V118/><F118/><W119/><G119/><T25/><D116/><U26/><E26/><V27/><F27/><W13/><G24/><T53/><D25/><U60/><E60/><V10/><F10/><W7/><REACH who="3" step="1"/><G43/><REACH who="3" ten="320,230,200,220" step="2"/><T102/><D121/><U48/><E48/><V16/><AGARI ba="0,3" hai="9,15,16,41,46,51,82,84,88,100,103,104,105,106" machi="16" ten="30,11700,0" yaku="1,1,0,1,54,2,53,0" doraHai="89" doraHaiUra="50" who="2" fromWho="2" sc="320,-39,230,-39,200,147,220,-39" /><INIT seed="2,1,0,5,1,49" ten="281,191,347,181" oya="2" hai0="15,109,45,40,128,110,25,47,105,66,18,30,9" hai1="26,80,43,35,100,10,31,72,59,5,67,116,57" hai2="122,4,87,62,22,68,92,104,84,65,3,78,97" hai3="14,117,42,94,34,124,70,125,75,44,48,7,12"/><V52/><F122/><W83/><G34/><T86/><D105/><U89/><E116/><V8/><F104/><W61/><G117/><T37/><D128/><U102/><E43/><V123/><F123/><W98/><G7/><T113/><D47/><U11/><E11/><V58/><F22/><W33/><G33/><T54/><D66/><U51/><E59/><V74/><F74/><W20/><G83/><T91/><D113/><U103/><E89/><V96/><F78/><W106/><G106/><T95/><REACH who="0" step="1"/><D54/><REACH who="0" ten="271,191,347,181" step="2"/><U111/><E67/><V126/><F126/><W60/><G125/><T134/><D134/><U63/><E111/><V28/><F68/><W24/><G70/><T118/><D118/><U79/><E51/><V85/><F65/><W21/><G48/><T19/><D19/><U38/><E38/><V130/><F130/><W64/><G64/><T23/><AGARI ba="1,1" hai="9,15,18,23,25,30,37,40,45,86,91,95,109,110" machi="23" ten="30,2000,0" yaku="1,1,0,1,53,0" doraHai="49" doraHaiUra="55" who="0" fromWho="0" sc="271,33,191,-6,347,-11,181,-6" /><INIT seed="3,0,0,0,3,94" ten="304,185,336,175" oya="3" hai0="133,64,92,57,68,50,51,14,15,12,132,116,74" hai1="125,28,65,97,101,0,135,89,119,62,17,33,53" hai2="6,118,117,127,115,114,21,87,63,96,18,122,36" hai3="99,59,124,22,11,13,70,55,120,39,71,85,54"/><W107/><G120/><T76/><D116/><U93/><E0/><V88/><F36/><W78/><G39/><T80/><D68/><U83/><E119/><V84/><F63/><W3/><G3/><T52/><D64/><U2/><E2/><V19/><F6/><W134/><G134/><T81/><D81/><U69/><E53/><V129/><F21/><W46/><G124/><T24/><D24/><U40/><E40/><V126/><F129/><W32/><G32/><T9/><D9/><U44/><E44/><V75/><F18/><W131/><G131/><T7/><D7/><U49/><E49/><V105/><F19/><W27/><G78/><T128/><D128/><U91/><E135/><V112/><F122/><W42/><G85/><T5/><D5/><U72/><E17/><V23/><F23/><W45/><G11/><T106/><D106/><U82/><E125/><N who="2" m="47627" /><F75/><W34/><G34/><T73/><D73/><U121/><E121/><V29/><F29/><W4/><G4/><T37/><D37/><U41/><E41/><V35/><F35/><W47/><G13/><T30/><D30/><U16/><E16/><V104/><F84/><W60/><G42/><T98/><REACH who="0" step="1"/><D51/><REACH who="0" ten="294,185,336,175" step="2"/><U25/><E72/><V90/><F117/><W130/><G130/><T77/><D77/><U56/><E69/><V111/><F118/><W113/><G71/><T109/><D109/><U110/><E110/><V100/><F111/><W67/><G70/><T58/><D58/><U103/><E83/><N who="2" m="49279" /><F105/><W43/><G107/><T38/><D38/><U95/><E82/><V20/><F20/><RYUUKYOKU ba="0,1" sc="294,10,185,10,336,10,175,-30" hai0="12,14,15,50,52,57,74,76,80,92,98,132,133" hai1="25,28,33,56,62,65,89,91,93,95,97,101,103" hai2="90,96,100,104,112,114,115" /><INIT seed="4,1,1,5,0,26" ten="304,195,346,145" oya="0" hai0="95,36,14,91,15,110,16,8,19,126,94,39,22" hai1="134,113,107,41,116,17,129,135,37,66,87,0,25" hai2="34,90,100,133,75,111,121,43,112,58,23,53,127" hai3="48,109,68,18,72,99,27,73,89,96,62,50,35"/><T131/><D131/><U38/><E0/><V4/><F111/><W77/><G109/><T45/><D110/><U74/><E74/><V11/><F75/><W65/><G73/><T70/><D70/><U51/><E116/><V80/><F100/><W57/><G68/><T108/><D108/><U123/><E123/><V120/><F43/><W122/><G122/><T106/><D106/><U12/><E107/><V92/><F80/><W10/><G77/><T54/><D126/><U97/><E25/><V71/><F71/><W78/><G78/><T84/><REACH who="0" step="1"/><D94/><REACH who="0" ten="294,195,346,145" step="2"/><U117/><E129/><V49/><F127/><W32/><G35/><T31/><D31/><U60/><E117/><V130/><F34/><W85/><G32/><T83/><D83/><U21/><E135/><V103/><F130/><W115/><G115/><T128/><D128/><U86/><E134/><V42/><F133/><W56/><G72/><T102/><D102/><U33/><E113/><V93/><F103/><W76/><G76/><T3/><D3/><U59/><E33/><V101/><F101/><W24/><G89/><T118/><D118/><U124/><E124/><V98/><F93/><W1/><G1/><T13/><D13/><U64/><E12/><V28/><F112/><W30/><G30/><T47/><D47/><U104/><E104/><V132/><F132/><W79/><G79/><T5/><D5/><U105/><E105/><V46/><F46/><W7/><G7/><T9/><D9/><U29/><E29/><V81/><F81/><W6/><G6/><T40/><D40/><U114/><E41/><RYUUKYOKU ba="1,2" sc="294,30,195,-10,346,-10,145,-10" hai0="8,14,15,16,19,22,36,39,45,54,84,91,95" /><INIT seed="4,2,2,2,0,129" ten="324,185,336,135" oya="0" hai0="130,120,118,57,28,79,122,53,43,32,73,105,34" hai1="41,18,3,7,27,93,24,54,119,128,132,74,131" hai2="10,111,82,124,66,21,102,50,51,113,134,16,99" hai3="22,125,15,52,49,47,19,69,109,33,42,60,61"/><T89/><D130/><N who="1" m="49707" /><E119/><V87/><F111/><W127/><G109/><T8/><D118/><U29/><E74/><V67/><F113/><W40/><G33/><T59/><D105/><U9/><E41/><N who="3" m="15978" /><G69/><T100/><D43/><U64/><E64/><V48/><F124/><AGARI ba="2,2" hai="15,19,22,47,49,52,60,61,124,125,127" m="15978" machi="124" ten="30,2000,0" yaku="18,1,54,1" doraHai="129" who="3" fromWho="2" sc="324,0,185,0,336,-26,135,46" /><INIT seed="5,0,0,5,5,20" ten="324,185,310,181" oya="1" hai0="54,24,96,100,70,16,18,37,89,115,61,58,50" hai1="28,10,60,94,130,36,109,119,75,56,31,25,13" hai2="103,12,71,21,99,120,65,102,9,83,41,62,131" hai3="42,67,124,35,93,125,95,30,110,82,90,45,64"/><U76/><E119/><V19/><F120/><W121/><G121/><T2/><D115/><U63/><E36/><V39/><F131/><W105/><G105/><T123/><D2/><U69/><E130/><V55/><F83/><W48/><G110/><T46/><D89/><U14/><E31/><V3/><F3/><W117/><G82/><T0/><D0/><U49/><E69/><V44/><F99/><W88/><G117/><T112/><D112/><U23/><E75/><V128/><F128/><W126/><G35/><T52/><D123/><U1/><E1/><V116/><F116/><W77/><G77/><T11/><D11/><U51/><E76/><V104/><F104/><W91/><REACH who="3" step="1"/><G30/><REACH who="3" ten="324,185,310,171" step="2"/><T86/><D86/><U15/><E109/><V66/><F66/><AGARI ba="0,1" hai="42,45,48,64,66,67,88,90,91,93,95,124,125,126" machi="66" ten="50,8000,1" yaku="1,1,2,1,18,1,54,1,53,0" doraHai="20" doraHaiUra="57" who="3" fromWho="2" sc="324,0,185,0,310,-80,171,90" /><INIT seed="6,0,0,3,0,64" ten="324,185,230,261" oya="2" hai0="6,26,130,106,61,68,7,96,100,53,16,105,135" hai1="54,47,43,18,88,22,107,48,82,46,72,104,57" hai2="66,19,83,42,131,40,81,32,110,25,45,95,59" hai3="89,116,76,31,123,28,122,15,39,102,133,85,132"/><V124/><F131/><W99/><G39/><T98/><D130/><U50/><E72/><V58/><F124/><W71/><G15/><T38/><D38/><U67/><E67/><V8/><F110/><W111/><G31/><T120/><D120/><N who="3" m="46121" /><G28/><T90/><D135/><N who="3" m="51785" /><G71/><T78/><D78/><U65/><E65/><V117/><F117/><W74/><G74/><T129/><D129/><U3/><E3/><V13/><F32/><W69/><G69/><T84/><D68/><U79/><E79/><V60/><F25/><W20/><G20/><T36/><D36/><U115/><E115/><V52/><F45/><W125/><G76/><T75/><D75/><U127/><E127/><V37/><F37/><W33/><G33/><T77/><D77/><U55/><E43/><N who="2" m="16427" /><F95/><N who="3" m="54703" /><G125/><T70/><D70/><U35/><E35/><V87/><F87/><W51/><G51/><AGARI ba="0,0" hai="8,13,19,51,52,58,59,60,66,81,83" m="16427" machi="51" ten="30,2900,0" yaku="8,1,54,1" doraHai="64" who="2" fromWho="3" sc="324,0,185,0,230,29,261,-29" /><INIT seed="6,1,0,2,4,115" ten="324,185,259,232" oya="2" hai0="93,119,118,20,14,3,76,127,24,26,82,88,19" hai1="74,126,66,59,48,21,73,55,27,71,34,33,132" hai2="10,120,54,65,37,70,12,5,0,15,106,81,89" hai3="123,60,30,103,90,42,80,53,1,13,122,63,56"/><V43/><F120/><W104/><G1/><T72/><D3/><U117/><E132/><V98/><F54/><W28/><G104/><T102/><D102/><U111/><E111/><V129/><F129/><W86/><G103/><T62/><D62/><U6/><E6/><V32/><F32/><W69/><G42/><T79/><D79/><U107/><E107/><V25/><F106/><W67/><REACH who="3" step="1"/><G13/><REACH who="3" ten="324,185,259,222" step="2"/><T11/><D127/><U85/><E126/><V9/><F43/><W92/><G92/><T134/><D134/><U23/><E74/><V113/><F37/><W110/><G110/><T52/><D26/><U135/><E73/><V131/><F25/><W97/><G97/><T50/><D24/><U130/><E135/><V94/><F0/><W47/><G47/><T101/><D101/><U57/><E85/><V16/><F131/><W91/><G91/><T18/><D11/><U64/><E130/><V51/><F81/><W31/><AGARI ba="1,1" hai="28,30,31,53,56,60,63,67,69,80,86,90,122,123" machi="31" ten="30,2000,0" yaku="1,1,0,1,53,0" doraHai="115" doraHaiUra="45" who="3" fromWho="3" sc="324,-6,185,-6,259,-11,222,33" /><INIT seed="7,0,0,1,2,78" ten="318,179,248,255" oya="3" hai0="102,10,108,122,38,11,46,82,98,96,120,52,117" hai1="19,14,118,57,104,128,101,56,74,85,1,80,8" hai2="70,69,42,94,93,61,5,115,124,7,64,103,55" hai3="28,73,30,20,131,47,67,16,4,60,129,105,116"/><W26/><G116/><T84/><D108/><U100/><E74/><V75/><F75/><W58/><G105/><T88/><D117/><U114/><E118/><V17/><F124/><W66/><G4/><T43/><D98/><U77/><E114/><V25/><F115/><W53/><G73/><T44/><D44/><U59/><E128/><N who="3" m="49226" /><G47/><T51/><D120/><U22/><E104/><V39/><F70/><N who="3" m="42343" /><G66/><T49/><D122/><U132/><E132/><V33/><F103/><W31/><G31/><T34/><D34/><U50/><E1/><V68/><F68/><W37/><G37/><T112/><D112/><U40/><REACH who="1" step="1"/><E22/><REACH who="1" ten="318,169,248,255" step="2"/><V97/><F33/><W106/><G106/><T35/><D35/><U111/><E111/><V125/><F125/><W126/><G126/><T18/><D11/><U41/><E41/><V90/><F42/><W13/><G26/><T113/><D10/><U72/><E72/><V95/><F25/><W79/><G79/><T81/><D113/><U36/><E36/><V15/><F39/><W65/><G65/><T3/><D3/><U133/><E133/><V109/><F109/><W135/><G135/><T134/><D134/><U45/><AGARI ba="0,1" hai="8,14,19,40,45,50,56,57,59,77,80,85,100,101" machi="45" ten="30,7900,0" yaku="1,1,0,1,8,1,52,1,53,0" doraHai="78" doraHaiUra="32" who="1" fromWho="1" sc="318,-20,169,89,248,-20,255,-39" /><INIT seed="8,0,0,1,2,120" ten="298,258,228,216" oya="0" hai0="47,101,134,46,18,70,112,60,66,37,109,129,87" hai1="102,126,106,108,49,7,63,99,113,56,122,69,83" hai2="114,31,130,53,8,125,52,9,82,14,19,5,72" hai3="20,115,84,57,13,90,103,26,71,110,131,16,50"/><T33/><D112/><U64/><E122/><V119/><F114/><W81/><G115/><T104/><D134/><U39/><E113/><V128/><F125/><W91/><G71/><T38/><D129/><N who="2" m="49770" /><F119/><W105/><G131/><T85/><D33/><U96/><E39/><V121/><F121/><W40/><G110/><T68/><D18/><U124/><E108/><V35/><F82/><W44/><G105/><T95/><D95/><U92/><E83/><V41/><F72/><W51/><G103/><T107/><D60/><U1/><E1/><N who="2" m="47" /><F41/><W10/><G57/><T11/><D109/><U42/><E7/><V29/><F35/><W117/><G117/><T77/><D101/><U86/><E86/><V55/><AGARI ba="0,0" hai="9,14,19,29,31,52,53,55" m="47,49770" machi="55" ten="30,2000,0" yaku="19,1,54,1" doraHai="120" who="2" fromWho="2" sc="298,-10,258,-5,228,20,216,-5" /><INIT seed="9,0,0,1,4,33" ten="288,253,248,211" oya="1" hai0="41,89,132,53,128,107,68,94,62,87,49,39,15" hai1="48,71,29,57,81,7,9,116,14,4,16,3,133" hai2="90,98,1,126,109,2,58,64,65,115,50,10,92" hai3="36,20,45,73,28,35,118,122,82,32,27,6,44"/><U99/><E71/><V74/><F109/><W24/><G122/><T30/><D107/><U105/><E29/><V52/><F74/><W91/><G118/><T75/><D75/><U78/><E133/><V127/><F115/><W23/><G6/><T134/><D30/><U103/><E116/><V22/><F22/><W43/><G45/><T34/><D34/><U130/><E130/><V125/><F10/><W129/><G129/><T61/><D61/><U104/><E104/><V5/><F5/><W18/><REACH who="3" step="1"/><G91/><REACH who="3" ten="288,253,248,201" step="2"/><T42/><D128/><U111/><E111/><V93/><F93/><W67/><G67/><AGARI ba="0,1" hai="1,2,50,52,58,64,65,67,90,92,98,125,126,127" machi="67" ten="40,8000,1" yaku="18,1,52,2,54,1" doraHai="33" who="2" fromWho="3" sc="288,0,253,0,248,90,201,-80" owari="288,8.8,253,-14.7,338,43.8,121,-37.9" /></mjloggm>