<mjloggm ver="2.3"><GO type="41" lobby="0"/><UN n0="%E2%93%9D%4C%75%63%6B%79%4A" n1="%E7%8C%AB%E6%B0%8F" n2="%E3%81%8A%E3%81%A0%E3%81%A5%E3%82%82%E3%81%A3%E3%81%93" n3="%79%75%6B%61%72%69%6E" dan="16,15,14,14" rate="2133.57,2026.83,1968.52,1984.78" sx="M,M,M,F"/><TAIKYOKU oya="0"/><INIT seed="0,0,0,4,0,95" ten="250,250,250,250" oya="0" hai0="115,121,84,76,4,133,69,52,2,113,101,131,108" hai1="112,78,134,91,120,99,73,14,82,55,86,65,114" hai2="53,26,21,105,29,27,8,103,31,48,28,10,102" hai3="123,56,83,90,74,25,6,92,23,119,107,20,49"/><T3/><D121/><U19/><E65/><V43/><F43/><W54/><G119/><T111/><D69/><U35/><E35/><V42/><F42/><W106/><G6/><T15/><D76/><U39/><E39/><V118/><F118/><W129/><G20/><T117/><D84/><U24/><E24/><V68/><F68/><W122/><G83/><T37/><D101/><U70/><E70/><V89/><F105/><W66/><G66/><T85/><D85/><U17/><E120/><N who="3" m="46122" /><G74/><T34/><D34/><U130/><E130/><V50/><F89/><W12/><G12/><T80/><D80/><U11/><E134/><V97/><F103/><W116/><G116/><T96/><D133/><U72/><E55/><V124/><F50/><W127/><G127/><T46/><D131/><U18/><E73/><V47/><F124/><W57/><G57/><T63/><D15/><U75/><E75/><V38/><F38/><W41/><G41/><T81/><D81/><U40/><E40/><V104/><REACH who="2" step="1"/><F29/><REACH who="2" ten="250,250,240,250" step="2"/><N who="3" m="17599" /><G129/><T125/><D125/><U93/><REACH who="1" step="1"/><E72/><REACH who="1" ten="250,240,240,250" step="2"/><V98/><F98/><AGARI ba="0,2" hai="49,54,56,90,92,98,106,107" m="17599,46122" machi="98" ten="30,2000,0" yaku="13,1,52,1" doraHai="95" who="3" fromWho="2" sc="250,0,240,0,240,-20,250,40" /><INIT seed="1,0,0,1,5,114" ten="250,240,220,290" oya="1" hai0="120,28,14,50,39,36,134,10,18,92,91,135,106" hai1="108,60,46,30,64,8,19,116,41,96,5,76,49" hai2="29,113,98,75,44,27,74,85,15,77,89,83,117" hai3="129,37,128,21,63,131,107,4,90,127,130,9,66"/><U53/><E30/><V56/><F117/><W126/><G37/><T16/><D106/><U31/><E31/><V1/><F1/><W58/><G107/><T97/><D120/><U45/><E96/><V26/><F113/><W81/><N who="3" m="32768" /><DORA hai="0" /><W42/><G42/><T104/><D104/><U133/><E133/><N who="0" m="50697" /><D28/><U123/><E123/><V35/><F44/><W105/><G105/><T84/><D50/><U119/><E19/><N who="0" m="7209" /><D97/><U72/><E108/><V43/><F43/><W51/><G51/><T101/><D101/><U12/><E76/><V71/><F27/><W32/><G32/><T102/><D102/><U47/><E72/><V7/><F71/><W103/><G21/><T34/><D34/><U125/><E125/><V124/><F124/><W59/><G59/><T33/><D33/><U100/><E100/><V94/><REACH who="2" step="1"/><F56/><REACH who="2" ten="250,240,210,290" step="2"/><W82/><G126/><T79/><D79/><U48/><E46/><V38/><F38/><W122/><G127/><T69/><D69/><AGARI ba="0,1" hai="5,8,12,41,45,47,48,49,53,60,64,69,116,119" machi="69" ten="30,11600,0" yaku="7,1,52,3" doraHai="114,0" who="1" fromWho="0" sc="250,-116,240,126,210,0,290,0" /><INIT seed="1,1,0,1,1,59" ten="134,366,210,290" oya="1" hai0="120,41,68,134,43,135,28,73,105,4,111,23,61" hai1="8,25,130,16,133,50,56,100,65,71,114,27,77" hai2="47,82,113,72,112,74,95,86,1,40,69,97,26" hai3="53,119,21,98,108,122,127,11,29,52,30,64,126"/><U39/><E39/><V132/><F69/><W22/><G122/><T62/><D73/><N who="2" m="28266" /><F1/><W10/><G108/><T45/><D105/><U3/><E114/><N who="2" m="44139" /><F26/><W9/><G64/><T75/><D75/><U20/><E77/><N who="2" m="46415" /><F47/><W128/><G98/><T90/><D111/><U80/><E80/><V124/><F40/><W88/><G88/><T83/><D4/><U129/><E100/><V14/><F14/><W57/><G119/><T31/><D120/><U13/><E133/><N who="0" m="50697" /><D68/><U104/><E104/><V131/><F132/><W55/><G128/><N who="1" m="49258" /><E71/><V99/><F131/><W110/><G57/><T48/><D43/><U24/><E3/><V42/><F42/><W84/><G84/><N who="0" m="50463" /><D31/><N who="3" m="11785" /><G110/><T49/><D49/><U17/><E50/><V76/><F76/><W89/><G89/><T66/><D66/><U38/><E38/><V32/><F32/><W92/><G92/><T78/><D78/><U81/><E81/><V0/><F0/><W93/><G93/><T87/><D87/><U60/><AGARI ba="1,0" hai="8,13,16,17,20,24,25,27,56,60,65" m="49258" machi="60" ten="30,6000,0" yaku="19,1,52,1,54,1" doraHai="59" who="1" fromWho="1" sc="134,-21,366,63,210,-21,290,-21" /><INIT seed="1,2,0,3,4,128" ten="113,429,189,269" oya="1" hai0="32,57,77,84,118,101,27,34,9,8,49,30,22" hai1="68,24,112,26,29,7,135,54,106,56,66,99,38" hai2="41,14,90,12,92,48,50,110,126,53,78,73,91" hai3="25,71,79,1,119,127,102,23,16,70,60,117,105"/><U124/><E38/><V19/><F110/><W17/><G127/><T47/><D118/><N who="3" m="45065" /><G1/><T132/><D101/><U44/><E7/><V18/><F126/><W35/><G79/><T111/><D111/><U42/><E24/><V83/><F41/><W95/><G105/><T88/><D77/><U59/><E54/><V51/><F91/><W81/><G81/><T97/><D132/><U62/><E135/><V5/><F5/><W11/><G60/><T115/><D115/><U94/><E106/><V80/><F80/><W100/><G100/><T121/><D121/><U3/><E3/><V98/><F14/><N who="3" m="7263" /><G35/><T39/><D34/><U85/><E112/><V72/><F19/><W116/><N who="3" m="45073" /><W107/><DORA hai="96" /><G107/><T15/><D32/><U69/><E69/><V109/><F73/><W10/><G10/><T76/><D76/><U61/><E61/><V67/><F67/><W87/><G87/><T113/><D84/><U45/><E85/><V13/><F13/><W37/><G37/><T64/><D39/><U28/><E66/><V21/><REACH who="2" step="1"/><F109/><REACH who="2" ten="113,429,179,269" step="2"/><W40/><G40/><N who="0" m="24807" /><D15/><U86/><E124/><V108/><F108/><W2/><G2/><T122/><D113/><U36/><E36/><V33/><F33/><W0/><G0/><T20/><D64/><U129/><E42/><V131/><F131/><W65/><G65/><T6/><D6/><U4/><E4/><V46/><AGARI ba="2,1" hai="12,18,21,46,48,50,51,53,72,78,83,90,92,98" machi="46" ten="20,2700,0" yaku="1,1,0,1,7,1,53,0" doraHai="128,96" doraHaiUra="58,103" who="2" fromWho="2" sc="113,-9,429,-15,179,43,269,-9" /><INIT seed="2,0,0,2,4,73" ten="104,414,222,260" oya="2" hai0="23,31,36,34,97,79,21,94,103,25,69,46,132" hai1="14,48,108,35,119,89,47,74,102,50,131,112,84" hai2="104,19,68,1,115,2,117,11,134,0,92,66,123" hai3="61,4,53,75,127,105,126,98,110,67,7,82,17"/><V41/><F117/><W113/><G113/><T33/><D69/><U12/><E74/><V99/><F123/><W85/><G75/><T51/><D36/><U64/><E35/><V8/><F115/><W39/><G39/><T60/><D132/><U5/><E108/><V29/><F134/><W57/><G110/><T130/><D130/><U62/><E102/><V77/><F104/><W135/><G135/><T96/><D60/><U86/><E119/><V59/><F68/><W58/><G17/><T56/><D56/><U124/><E50/><V100/><F77/><W111/><G111/><T76/><D34/><U80/><E5/><V101/><F41/><W44/><G44/><T3/><D3/><U42/><E131/><V16/><F29/><W20/><G20/><T26/><D97/><U129/><E124/><N who="3" m="47658" /><G98/><T43/><D33/><U81/><E129/><V28/><F28/><AGARI ba="0,0" hai="21,23,25,26,28,31,43,46,51,76,79,94,96,103" machi="28" ten="30,8000,1" yaku="7,1,9,1,8,1,52,2" doraHai="73" who="0" fromWho="2" sc="104,80,414,0,222,-80,260,0" /><INIT seed="3,0,0,0,1,114" ten="184,414,142,260" oya="3" hai0="134,7,121,35,75,99,104,135,95,21,37,33,55" hai1="115,107,126,83,111,84,20,102,94,113,11,47,64" hai2="52,36,90,109,106,116,39,105,1,125,88,29,6" hai3="117,61,56,46,100,49,40,34,31,118,43,14,82"/><W87/><G43/><T110/><D121/><U41/><E111/><V79/><F109/><W133/><G133/><N who="0" m="50699" /><D110/><U81/><E107/><V96/><F125/><W73/><G73/><T53/><D104/><U51/><E64/><V108/><F108/><W72/><G72/><T12/><D75/><U60/><E81/><V74/><F29/><W85/><G100/><T59/><D37/><U45/><E60/><V92/><F1/><W58/><G58/><T19/><D7/><U26/><E11/><V42/><F6/><W62/><G62/><N who="0" m="36223" /><D53/><U17/><E126/><V38/><F116/><W57/><G57/><T25/><D12/><U76/><E102/><AGARI ba="0,0" hai="19,21,25,33,35,95,99,102" m="36223,50699" machi="102" ten="30,1000,0" yaku="20,1" doraHai="114" who="0" fromWho="1" sc="184,10,414,-10,142,0,260,0" /><INIT seed="4,0,0,3,1,99" ten="194,404,142,260" oya="0" hai0="19,73,61,43,81,55,135,105,78,4,117,122,125" hai1="51,100,31,8,70,6,90,94,69,2,74,131,18" hai2="50,17,80,60,44,48,108,38,86,20,113,64,49" hai3="37,128,79,58,121,32,129,33,56,3,71,85,36"/><T67/><D122/><U0/><E0/><V124/><F113/><W28/><G121/><T107/><D117/><U25/><E74/><V88/><F108/><W13/><G3/><T53/><D43/><U106/><E131/><V110/><F124/><W95/><G71/><T45/><D4/><U59/><E18/><V77/><F38/><W21/><G28/><T120/><D120/><U72/><E72/><V66/><F110/><W15/><G21/><T63/><D135/><U83/><E83/><V7/><F7/><W12/><G95/><T115/><D115/><U23/><E106/><V52/><F77/><W111/><G85/><T16/><D45/><U47/><E90/><V39/><F39/><N who="3" m="14923" /><G79/><T29/><D29/><U34/><E59/><N who="3" m="22570" /><G111/><T27/><D125/><U26/><E34/><AGARI ba="0,0" hai="12,13,15,32,33,34,128,129" m="22570,14923" machi="34" ten="40,2600,0" yaku="28,2" doraHai="99" who="3" fromWho="1" sc="194,0,404,-26,142,0,260,26" /><INIT seed="5,0,0,1,4,75" ten="194,378,142,286" oya="1" hai0="123,22,119,44,84,33,61,127,78,82,68,34,86" hai1="49,35,40,133,109,25,77,125,130,39,116,103,126" hai2="53,41,114,97,74,63,1,134,9,65,54,70,57" hai3="110,17,67,11,102,29,37,51,128,50,56,3,71"/><U121/><E116/><V88/><F134/><W27/><G37/><T99/><D119/><U80/><E103/><V4/><F74/><W7/><G71/><T14/><D127/><N who="1" m="48651" /><E121/><V31/><F114/><W5/><G5/><T107/><D86/><N who="1" m="48399" /><E133/><V32/><F41/><W108/><G102/><T124/><D99/><U115/><E115/><V2/><F31/><W83/><G83/><T90/><D107/><U117/><E117/><V118/><F32/><W59/><G128/><T104/><D104/><U93/><E93/><V45/><F118/><W28/><G17/><T16/><D123/><U94/><E94/><V6/><F45/><W12/><G3/><T58/><D68/><U43/><E39/><V55/><F70/><W89/><G89/><T64/><D124/><U111/><E49/><V38/><F38/><W113/><G28/><T62/><D62/><U0/><E0/><V18/><F18/><W85/><G113/><T101/><D101/><U72/><E72/><V106/><F106/><W96/><G51/><T105/><D105/><U46/><E46/><V60/><F60/><W81/><G50/><T66/><D44/><U8/><E8/><N who="2" m="2063" /><F97/><W48/><G96/><T23/><D90/><U19/><E130/><V87/><F88/><W79/><G48/><T36/><D36/><U98/><E98/><V69/><F87/><W21/><REACH who="3" step="1"/><G67/><REACH who="3" ten="194,378,142,276" step="2"/><T122/><D66/><U26/><E19/><V92/><F69/><W24/><G24/><N who="1" m="9322" /><E35/><N who="0" m="13321" /><D122/><U132/><E132/><V135/><F135/><W131/><G131/><T112/><D112/><U52/><E52/><N who="2" m="13315" /><V30/><DORA hai="13" /><F30/><RYUUKYOKU ba="0,1" sc="194,0,378,0,142,0,276,0" hai0="14,16,22,23,58,61,64,78,82,84" hai1="40,43,109,111" hai2="2,6,9,57,63,65,92" hai3="7,11,12,21,27,29,56,59,79,81,85,108,110" /><INIT seed="5,1,1,2,5,50" ten="194,378,142,276" oya="1" hai0="45,38,85,53,98,76,9,135,21,105,30,109,73" hai1="123,125,66,88,4,94,1,115,91,134,83,119,128" hai2="110,92,27,122,19,108,106,18,62,55,100,58,26" hai3="23,124,20,57,60,15,126,52,36,111,89,61,86"/><U59/><E119/><V127/><F122/><W12/><G36/><T2/><D109/><U3/><E123/><V16/><F127/><N who="3" m="48683" /><G111/><T67/><D67/><U103/><E125/><V0/><F0/><W28/><G61/><T101/><D85/><U40/><E115/><V41/><F106/><W34/><G34/><T43/><D21/><N who="3" m="8265" /><G28/><T95/><D30/><U39/><E128/><V5/><F5/><W47/><G47/><T10/><D135/><U13/><E134/><V99/><F110/><W74/><G74/><T77/><D105/><U25/><E25/><V46/><REACH who="2" step="1"/><F108/><REACH who="2" ten="194,378,132,276" step="2"/><W84/><G84/><T117/><D73/><U71/><E1/><V93/><F93/><AGARI ba="1,2" hai="12,15,52,57,60,86,89,93" m="8265,48683" machi="93" ten="30,3900,0" yaku="18,1,52,1,54,1" doraHai="50" who="3" fromWho="2" sc="194,0,378,0,132,-42,276,62" /><INIT seed="6,0,0,1,2,35" ten="194,378,90,338" oya="2" hai0="20,64,83,73,77,50,8,124,23,16,129,38,107" hai1="101,84,58,1,65,71,33,109,27,15,37,94,61" hai2="26,133,14,25,90,117,2,19,32,30,105,112,67" hai3="79,57,134,43,34,4,44,93,86,66,49,46,108"/><V116/><F105/><W121/><G121/><T9/><D38/><U122/><E37/><V41/><F41/><W95/><G34/><T98/><D124/><U126/><E109/><V70/><F70/><W48/><G108/><T12/><D129/><U42/><E42/><V125/><F67/><W24/><G134/><T53/><D64/><U54/><E126/><V39/><F39/><W22/><G4/><T72/><D73/><U21/><E33/><V89/><F133/><W11/><G11/><T60/><D60/><U63/><E15/><V7/><F125/><W106/><G106/><T131/><D131/><U118/><E118/><N who="2" m="45675" /><F90/><W102/><G102/><T80/><D83/><U115/><E122/><V10/><F89/><W62/><G86/><T114/><D114/><U3/><E115/><V111/><F112/><W0/><G0/><T31/><D98/><U18/><REACH who="1" step="1"/><E84/><REACH who="1" ten="194,368,90,338" step="2"/><V120/><F120/><W85/><G85/><T103/><D12/><U81/><E81/><V6/><F111/><W135/><G135/><T28/><D80/><U104/><E104/><V36/><F36/><W45/><G79/><T127/><D77/><U17/><E17/><N who="2" m="8407" /><F2/><W69/><G69/><T119/><D119/><U82/><E82/><V59/><F59/><W128/><G128/><T47/><D127/><U88/><E88/><V51/><F51/><N who="3" m="19531" /><G43/><T99/><D107/><U78/><E78/><V76/><F76/><W52/><G44/><T74/><D47/><U123/><E123/><V55/><F55/><W92/><G52/><T100/><D53/><U40/><E40/><V56/><F56/><RYUUKYOKU ba="0,1" sc="194,-30,368,10,90,10,338,10" hai1="1,3,18,21,27,54,58,61,63,65,71,94,101" hai2="6,7,19,25,26,30,32" hai3="22,24,45,46,57,62,66,92,93,95" /><INIT seed="6,1,1,3,2,45" ten="164,378,100,348" oya="2" hai0="79,103,106,46,51,92,15,133,102,128,31,66,54" hai1="96,82,47,9,77,42,120,104,11,4,87,64,101" hai2="21,27,130,6,93,36,38,124,39,94,68,40,74" hai3="111,127,83,2,116,10,89,55,84,53,119,73,16"/><V58/><F68/><W112/><G111/><T56/><D106/><U23/><E64/><V18/><F130/><W5/><G127/><T65/><D128/><U117/><E117/><V1/><F124/><W26/><G73/><T20/><D79/><U108/><E108/><V30/><F74/><W115/><G119/><T78/><D78/><U107/><E120/><V61/><F40/><W32/><G116/><T69/><D133/><U70/><E70/><V33/><F6/><W59/><G32/><T76/><D76/><U91/><E11/><V8/><F8/><W118/><G118/><T52/><D69/><U17/><E91/><V0/><F0/><W126/><G126/><T13/><D31/><U62/><E62/><V24/><REACH who="2" step="1"/><F1/><REACH who="2" ten="164,378,90,348" step="2"/><W43/><G43/><T22/><D46/><U41/><E41/><V57/><F57/><W25/><G55/><AGARI ba="1,2" hai="18,21,24,27,30,33,36,38,39,55,58,61,93,94" machi="55" ten="40,3900,0" yaku="1,1,53,1" doraHai="45" doraHaiUra="12" who="2" fromWho="3" sc="164,0,378,0,90,62,348,-42" /><INIT seed="6,2,0,4,1,125" ten="164,378,152,306" oya="2" hai0="42,27,106,79,132,71,17,128,55,120,103,7,135" hai1="43,77,93,117,56,20,16,59,130,57,119,33,104" hai2="53,15,108,0,63,98,44,18,94,89,70,40,99" hai3="87,101,31,78,24,28,14,64,91,1,115,100,11"/><V39/><F0/><W75/><G1/><T107/><D42/><U114/><E104/><N who="0" m="39977" /><D71/><U118/><E33/><V52/><F108/><W92/><G115/><T133/><D79/><U47/><E114/><V49/><F99/><W21/><G31/><T134/><N who="0" m="33792" /><DORA hai="110" /><T97/><D7/><U95/><E77/><V8/><REACH who="2" step="1"/><F39/><REACH who="2" ten="164,378,142,306" step="2"/><W54/><G75/><T12/><D120/><U45/><E117/><V13/><F13/><W60/><G78/><T76/><D76/><U83/><E118/><V85/><F85/><W126/><G126/><T65/><D97/><U61/><E119/><V41/><F41/><W82/><G54/><T35/><D55/><U38/><E43/><V131/><F131/><W9/><G14/><T129/><D65/><AGARI ba="2,1" hai="8,15,18,40,44,49,52,53,63,65,70,89,94,98" machi="65" ten="40,7700,0" yaku="1,1,54,1,53,1" doraHai="125,110" doraHaiUra="3,58" who="2" fromWho="0" sc="164,-83,378,0,142,93,306,0" /><INIT seed="6,3,0,2,0,102" ten="81,378,235,306" oya="2" hai0="38,30,54,55,72,25,53,101,91,74,94,131,110" hai1="106,33,111,87,108,125,117,21,95,118,16,116,98" hai2="62,29,114,43,134,56,20,6,68,32,92,37,100" hai3="27,89,23,41,84,96,49,42,97,99,109,58,19"/><V24/><F114/><W1/><G1/><T52/><N who="0" m="13312" /><DORA hai="90" /><T70/><D110/><U115/><E33/><V61/><F134/><W9/><G109/><T113/><D113/><U80/><E115/><V104/><F56/><W77/><G58/><T127/><D38/><U66/><E66/><V26/><F6/><W85/><G9/><T83/><D127/><U93/><E125/><V60/><F92/><N who="1" m="35401" /><E16/><N who="2" m="12295" /><F43/><N who="3" m="16395" /><G49/><T71/><D131/><U121/><E21/><V44/><F44/><W130/><G130/><T39/><D39/><U28/><E28/><V57/><F57/><W79/><G84/><T78/><D74/><U119/><E121/><V128/><F37/><W36/><G36/><T123/><D123/><U105/><E119/><V67/><F128/><W126/><G126/><T47/><D47/><U103/><E106/><V132/><F132/><W88/><G89/><AGARI ba="3,0" hai="80,87,89,98,103,105,108,111,116,117,118" m="35401" machi="89" ten="30,12000,2" yaku="34,2,52,4" doraHai="102,90" who="1" fromWho="3" sc="81,0,378,129,235,0,306,-129" /><INIT seed="7,0,0,3,1,14" ten="81,507,235,177" oya="3" hai0="1,95,92,89,58,55,106,91,98,108,29,123,134" hai1="116,104,93,25,82,19,107,84,36,121,75,88,113" hai2="15,59,66,103,131,27,118,76,83,114,87,45,119" hai3="99,101,18,68,128,90,105,100,13,49,54,94,135"/><W8/><G68/><T4/><D108/><U16/><E36/><V73/><F131/><W111/><G128/><T41/><D123/><U48/><E113/><V35/><F114/><W112/><G112/><T115/><D115/><U23/><E116/><V110/><F103/><W40/><G135/><T124/><D134/><U51/><E104/><V126/><F126/><W64/><G64/><T20/><D124/><U117/><E107/><V9/><F45/><W85/><G40/><T77/><D106/><U39/><E39/><V3/><F3/><W127/><G101/><T122/><D122/><U33/><E33/><V69/><F69/><W67/><G67/><T43/><D77/><N who="1" m="46159" /><E75/><V86/><F66/><W63/><G63/><T22/><D4/><U70/><E70/><V32/><F35/><W46/><REACH who="3" step="1"/><G127/><REACH who="3" ten="81,507,235,167" step="2"/><T42/><D1/><U72/><E121/><V30/><F118/><W17/><G17/><N who="1" m="6730" /><E117/><V120/><F119/><W6/><G6/><T133/><D133/><U71/><E71/><V97/><F120/><W102/><G102/><T11/><D11/><U31/><E72/><V60/><F9/><W62/><G62/><T21/><D29/><U81/><E81/><V125/><F83/><W53/><G53/><T61/><REACH who="0" step="1"/><D43/><REACH who="0" ten="71,507,235,167" step="2"/><U7/><E7/><V57/><F125/><W5/><G5/><T65/><D65/><U47/><E47/><V130/><F30/><W52/><G52/><T10/><D10/><U56/><E56/><V129/><F59/><W12/><G12/><T34/><D34/><U26/><E26/><V78/><F27/><W37/><G37/><RYUUKYOKU ba="0,2" sc="71,10,507,10,235,-30,167,10" hai0="20,21,22,41,42,55,58,61,89,91,92,95,98" hai1="23,25,31,48,51,88,93" hai3="8,13,18,46,49,54,85,90,94,99,100,105,111" /><INIT seed="7,1,2,2,0,104" ten="81,517,205,177" oya="3" hai0="25,50,86,115,31,77,132,127,87,56,17,128,38" hai1="91,60,88,51,130,39,118,16,40,105,19,70,120" hai2="116,122,119,33,0,26,52,30,135,54,64,28,43" hai3="82,125,79,13,108,4,7,27,109,85,48,29,24"/><W124/><G48/><T55/><D127/><N who="3" m="48713" /><G13/><T131/><D38/><U84/><E105/><V73/><F0/><W76/><G76/><T35/><D132/><U9/><E130/><V53/><F135/><W69/><G69/><T66/><D115/><U42/><E120/><V95/><F64/><W22/><G27/><T114/><D114/><U58/><E70/><V44/><F95/><W101/><G101/><T57/><D17/><U36/><E51/><V47/><F122/><W41/><G41/><T45/><D77/><U107/><E107/><V89/><F26/><W112/><G112/><T81/><D66/><U59/><E84/><V10/><F33/><W1/><G1/><T83/><D87/><U63/><E9/><V8/><F30/><W72/><G85/><T133/><D133/><U113/><E113/><V100/><F28/><W123/><G123/><T46/><D86/><U99/><E99/><V92/><F8/><W71/><G71/><T2/><D2/><U94/><E94/><V12/><F10/><W68/><G68/><T126/><D126/><U62/><E63/><V49/><F43/><W20/><G20/><T102/><D102/><U5/><E5/><AGARI ba="1,2" hai="4,5,7,22,24,29,72,79,82,108,109" m="48713" machi="5" ten="30,2900,0" yaku="18,1,52,1" doraHai="104" who="3" fromWho="1" sc="81,0,517,-32,205,0,177,52" /><INIT seed="7,2,0,1,5,59" ten="81,485,205,229" oya="3" hai0="110,41,118,87,45,73,72,126,107,132,130,7,48" hai1="74,63,53,44,56,55,94,54,50,34,58,117,12" hai2="4,108,79,42,88,9,81,128,89,32,28,134,116" hai3="123,60,68,78,100,30,91,103,67,101,106,35,129"/><W125/><G123/><T43/><D110/><U51/><E34/><V19/><F108/><W52/><G78/><T131/><D7/><U84/><E74/><N who="0" m="28777" /><D45/><U93/><E117/><V15/><F116/><W47/><G91/><T92/><D48/><U8/><E84/><V11/><F42/><N who="0" m="15882" /><D107/><U57/><E57/><V75/><F128/><N who="0" m="49194" /><D87/><U76/><E76/><V38/><F38/><W33/><G129/><T26/><D26/><U49/><E49/><V99/><F32/><W6/><G6/><AGARI ba="2,0" hai="6,8,12,44,50,51,53,54,55,56,58,63,93,94" machi="6" ten="30,3900,0" yaku="7,1,8,1,52,1" doraHai="59" who="1" fromWho="3" sc="81,0,485,45,205,0,229,-45" owari="81,-41.9,530,63.0,205,0.5,184,-21.6" /></mjloggm>