<mjloggm ver="2.3"><GO type="41" lobby="0"/><UN n0="%E2%93%9D%4C%75%63%6B%79%4A" n1="%4E%61%74%65%6E%68%6F%75" n2="%E9%99%B3%E5%B9%B3%E5%AE%89" n3="%E3%82%B5%E3%83%A0%E3%83%A9%E3%82%A4%E6%A3%AE%E5%B1%B1" dan="18,14,14,13" rate="2207.84,1876.82,1970.65,1852.91" sx="M,M,F,M"/><TAIKYOKU oya="0"/><INIT seed="0,0,0,1,2,117" ten="250,250,250,250" oya="0" hai0="116,64,10,90,75,45,23,20,7,121,6,54,70" hai1="135,33,50,12,35,11,18,126,69,83,22,16,17" hai2="59,91,114,19,71,82,95,37,3,99,5,25,38" hai3="56,46,68,74,108,122,80,4,119,31,40,94,65"/><T106/><D116/><U55/><E69/><V101/><F114/><W134/><G119/><T92/><D106/><U57/><E126/><V105/><F71/><W9/><G108/><T26/><D75/><U49/><E135/><V47/><F82/><W102/><G134/><T36/><D23/><U41/><E18/><V124/><F124/><W63/><G31/><T93/><D121/><U79/><E41/><V129/><F129/><W72/><G122/><T24/><D93/><U58/><E35/><V113/><F113/><W81/><G68/><T109/><D109/><U42/><E33/><V53/><F5/><W125/><G125/><T130/><D7/><U43/><E57/><V21/><F3/><W88/><G102/><T120/><D120/><U27/><REACH who="1" step="1"/><E50/><REACH who="1" ten="250,240,250,250" step="2"/><V100/><F47/><W127/><G127/><T28/><D45/><U52/><E52/><V103/><F105/><W73/><G46/><T115/><D54/><U32/><E32/><V30/><REACH who="2" step="1"/><F30/><REACH who="2" ten="250,240,240,250" step="2"/><W133/><G133/><T107/><D28/><U13/><E13/><V15/><F15/><W118/><G118/><T131/><D70/><U62/><E62/><AGARI ba="0,2" hai="19,21,25,37,38,53,59,62,91,95,99,100,101,103" machi="62" ten="40,5200,0" yaku="1,1,25,2,53,0" doraHai="117" doraHaiUra="66" who="2" fromWho="1" sc="250,0,240,-52,240,72,250,0" /><INIT seed="1,0,0,5,0,55" ten="250,188,312,250" oya="1" hai0="11,65,49,73,20,95,7,35,62,64,67,119,132" hai1="124,87,125,113,24,10,21,12,106,130,8,115,71" hai2="110,93,14,118,63,96,18,50,44,100,22,108,25" hai3="47,4,0,78,27,120,82,9,68,114,99,74,53"/><U86/><E71/><V88/><F118/><W107/><G114/><T17/><D35/><U23/><E106/><V98/><F63/><W122/><G68/><T6/><D73/><U77/><E77/><V116/><F116/><W76/><G76/><T70/><D132/><U31/><E86/><V72/><F72/><W111/><G111/><T134/><D7/><U127/><E87/><V37/><F37/><W105/><G27/><T52/><D134/><U75/><E75/><V34/><F34/><W29/><G29/><T66/><D95/><U3/><E130/><V94/><F108/><W79/><G79/><T38/><D38/><U83/><E83/><V51/><F110/><W61/><G107/><T85/><D85/><U54/><E54/><V43/><F50/><W91/><G91/><T135/><D135/><U26/><E3/><V40/><REACH who="2" step="1"/><F25/><REACH who="2" ten="250,188,302,250" step="2"/><W46/><G61/><T48/><D49/><U60/><E60/><V104/><F104/><W41/><G105/><T97/><D119/><U58/><E124/><V109/><F109/><W89/><G74/><T133/><D133/><U42/><E42/><AGARI ba="0,1" hai="14,18,22,40,42,43,44,51,88,93,94,96,98,100" machi="42" ten="30,8000,1" yaku="1,1,7,1,8,1,54,1,53,1" doraHai="55" doraHaiUra="84" who="2" fromWho="1" sc="250,0,188,-80,302,90,250,0" /><INIT seed="2,0,0,0,1,79" ten="250,108,392,250" oya="2" hai0="65,103,68,83,43,60,9,100,48,112,133,34,122" hai1="32,47,57,7,120,41,42,45,76,106,84,114,108" hai2="21,62,38,15,117,81,72,39,14,94,127,10,64" hai3="135,121,134,102,19,5,31,33,93,85,29,91,8"/><V6/><F117/><W22/><G121/><T124/><D112/><U107/><E114/><V12/><F127/><W52/><G102/><T55/><D34/><U16/><E32/><V113/><F113/><W13/><G52/><T67/><D122/><U123/><E57/><V98/><F38/><W30/><REACH who="3" step="1"/><G33/><REACH who="3" ten="250,108,392,240" step="2"/><T131/><D103/><U17/><E108/><V37/><F64/><W99/><G99/><T82/><D100/><U110/><E110/><V28/><F98/><W58/><G58/><T63/><D55/><U2/><E123/><V126/><F126/><W80/><G80/><T71/><D124/><U49/><E120/><V77/><F81/><W56/><G56/><T23/><D83/><U25/><E106/><V116/><F116/><W54/><G54/><T88/><D82/><N who="1" m="47175" /><E107/><V115/><F115/><W26/><AGARI ba="0,1" hai="5,8,13,19,22,26,29,30,31,85,91,93,134,135" machi="26" ten="30,4000,0" yaku="1,1,0,1,53,1" doraHai="79" doraHaiUra="18" who="3" fromWho="3" sc="250,-10,108,-10,392,-20,240,50" /><INIT seed="3,0,0,0,4,112" ten="240,98,372,290" oya="3" hai0="107,73,20,55,5,51,76,44,7,101,100,93,124" hai1="134,49,60,70,50,18,125,56,39,33,128,11,6" hai2="15,82,40,135,91,63,72,62,99,86,28,79,3" hai3="75,61,96,32,2,48,126,123,57,0,115,43,78"/><W108/><G115/><T67/><D107/><U16/><E70/><V83/><F3/><W35/><G123/><T53/><D67/><U59/><E39/><V26/><F135/><W64/><G126/><T120/><D120/><U27/><E134/><V88/><F40/><W58/><G108/><T121/><D73/><U38/><E38/><V87/><F15/><W36/><G36/><T118/><D76/><U41/><E128/><V34/><F99/><W12/><G96/><T74/><D74/><U77/><E77/><V129/><REACH who="2" step="1"/><F129/><REACH who="2" ten="240,98,362,290" step="2"/><W109/><G109/><T1/><D1/><U110/><E41/><V42/><F42/><W17/><G0/><T106/><D121/><U69/><E110/><V111/><F111/><W13/><G2/><T31/><D124/><U30/><E125/><V98/><F98/><W29/><G12/><T45/><D101/><U122/><E122/><V14/><F14/><W21/><G43/><T68/><D100/><U8/><E6/><V119/><F119/><W133/><G133/><T127/><D118/><U65/><E8/><V95/><AGARI ba="0,1" hai="26,28,34,62,63,72,79,82,83,86,87,88,91,95" machi="95" ten="20,5200,0" yaku="1,1,0,1,7,1,54,1,53,0" doraHai="112" doraHaiUra="130" who="2" fromWho="2" sc="240,-13,98,-13,362,62,290,-26" /><INIT seed="4,0,0,2,4,5" ten="227,85,424,264" oya="0" hai0="48,125,13,2,87,94,113,44,98,80,4,91,61" hai1="54,127,6,93,100,41,95,118,25,74,75,18,34" hai2="102,53,76,101,120,24,72,8,29,59,119,114,111" hai3="42,116,79,3,67,56,27,130,9,78,83,134,35"/><T28/><D125/><U103/><E118/><V104/><F111/><W77/><G116/><T15/><D113/><U19/><E41/><V135/><F120/><W10/><G134/><T129/><D129/><U96/><E6/><V97/><F119/><W58/><G130/><T14/><D28/><U126/><E25/><V32/><F135/><W7/><G42/><T60/><D2/><U65/><E65/><V85/><F114/><W123/><G123/><T31/><D31/><U43/><E43/><V71/><F71/><W133/><G133/><T81/><D81/><U63/><E63/><V49/><F72/><W69/><G69/><T132/><D4/><U38/><E96/><V23/><F102/><W16/><G35/><T106/><D106/><U131/><E131/><V26/><F85/><W36/><G36/><T68/><D68/><U0/><E34/><V105/><F76/><W70/><G70/><T66/><D66/><U46/><E0/><V17/><F8/><W117/><G117/><T33/><D33/><U88/><E46/><V47/><F47/><W22/><G67/><T52/><REACH who="0" step="1"/><D132/><REACH who="0" ten="217,85,424,264" step="2"/><U110/><E126/><V45/><F105/><W84/><REACH who="3" step="1"/><G10/><REACH who="3" ten="217,85,424,254" step="2"/><T128/><D128/><U37/><E127/><V112/><F112/><W55/><G55/><T73/><D73/><U82/><E54/><V90/><F53/><W62/><G62/><T92/><D92/><U50/><E75/><V108/><F108/><W89/><AGARI ba="0,2" hai="3,7,9,16,22,27,56,58,77,78,79,83,84,89" machi="89" ten="30,7900,0" yaku="1,1,0,1,52,1,54,1,53,0" doraHai="5" doraHaiUra="51" who="3" fromWho="3" sc="217,-39,85,-20,424,-20,254,99" /><INIT seed="5,0,0,3,1,42" ten="178,65,404,353" oya="1" hai0="8,5,34,119,81,71,97,61,113,76,30,134,92" hai1="109,44,38,111,62,88,129,14,90,60,2,56,29" hai2="132,52,94,108,20,120,102,1,121,47,131,104,17" hai3="22,32,65,23,95,124,66,24,133,18,33,31,40"/><U48/><E38/><V80/><F108/><N who="1" m="41545" /><E2/><V12/><F1/><W114/><G114/><T87/><D134/><U127/><E29/><V49/><F132/><W4/><G133/><T51/><D119/><U35/><E35/><V85/><F131/><W69/><G124/><T53/><D113/><U21/><E129/><V54/><F104/><W110/><G110/><T15/><D71/><U16/><E127/><V64/><F64/><W118/><G118/><T0/><D34/><U96/><E96/><N who="2" m="59671" /><F120/><W27/><G40/><T75/><D30/><U67/><E62/><V11/><F121/><W72/><G72/><T98/><D61/><U73/><E73/><V59/><F54/><AGARI ba="0,0" hai="14,16,21,44,48,54,56,60,67,88,90" m="41545" machi="54" ten="30,11600,0" yaku="10,1,52,1,54,2" doraHai="42" who="1" fromWho="2" sc="178,0,65,116,404,-116,353,0" /><INIT seed="5,1,0,3,3,124" ten="178,181,288,353" oya="1" hai0="27,96,97,114,51,74,93,113,116,55,83,40,99" hai1="5,89,38,88,63,56,129,21,107,117,33,49,119" hai2="98,7,112,19,130,103,57,72,126,80,125,14,23" hai3="122,77,30,65,28,45,9,92,11,115,132,131,17"/><U13/><E33/><V6/><F57/><W29/><G122/><T54/><D40/><U108/><E38/><V59/><F59/><W46/><G115/><N who="0" m="44043" /><D27/><U95/><E107/><V91/><F112/><W82/><G132/><T81/><D51/><U94/><E49/><V106/><F125/><W64/><G92/><T8/><D8/><U47/><E47/><V32/><F32/><W100/><G100/><T69/><D69/><U44/><E44/><N who="3" m="17002" /><G131/><T62/><D62/><U134/><E129/><V127/><F130/><W87/><G9/><T133/><D116/><U109/><E134/><V66/><F127/><W39/><G39/><T37/><D37/><U0/><E0/><V86/><F66/><W68/><G68/><T41/><D41/><U61/><E13/><AGARI ba="1,0" hai="11,13,17,28,29,30,64,65,77,82,87" m="17002" machi="13" ten="30,1000,0" yaku="8,1" doraHai="124" who="3" fromWho="1" sc="178,0,181,-13,288,0,353,13" /><INIT seed="6,0,0,2,5,76" ten="178,168,288,366" oya="2" hai0="2,12,94,77,31,49,5,59,106,35,81,40,66" hai1="126,78,62,27,38,20,43,128,84,11,16,134,1" hai2="30,96,24,56,48,3,41,37,64,92,112,52,72" hai3="21,127,85,55,109,36,69,124,42,71,61,58,88"/><V107/><F72/><W83/><G109/><T70/><D106/><U18/><E126/><N who="3" m="48170" /><G21/><T111/><D70/><U86/><E128/><V90/><F3/><W8/><G8/><T14/><D111/><U119/><E119/><V60/><F107/><W91/><G91/><T120/><D120/><U108/><E134/><V28/><F112/><W117/><G117/><T130/><D130/><U46/><E108/><V19/><F19/><W87/><G87/><T45/><D35/><U68/><E18/><V104/><F104/><W29/><G29/><T97/><D31/><U10/><E10/><V101/><F90/><W95/><G95/><T63/><D2/><U54/><E54/><V7/><F7/><W105/><G105/><T103/><REACH who="0" step="1"/><D5/><REACH who="0" ten="168,168,288,366" step="2"/><N who="1" m="1455" /><E68/><N who="2" m="41991" /><F24/><W39/><G71/><T47/><D47/><AGARI ba="0,1" hai="28,30,37,41,47,48,52,56,92,96,101" m="41991" machi="47" ten="30,2900,0" yaku="24,1,54,1" doraHai="76" who="2" fromWho="0" sc="168,-29,168,0,288,39,366,0" /><INIT seed="6,1,0,0,3,121" ten="139,168,327,366" oya="2" hai0="31,38,86,67,113,54,72,26,43,21,37,111,119" hai1="131,123,20,5,0,99,42,75,70,128,127,40,24" hai2="41,11,82,15,105,8,90,2,10,106,85,132,78" hai3="47,96,80,104,87,13,32,124,34,3,79,115,14"/><V92/><F132/><W25/><G3/><T7/><D72/><U93/><E75/><V16/><F41/><W23/><G124/><T88/><D113/><U63/><E127/><V100/><F2/><W76/><G115/><T12/><D67/><N who="1" m="41343" /><E5/><V83/><F83/><W17/><G79/><T107/><D107/><U29/><E0/><V35/><F35/><W9/><G47/><T61/><D111/><U39/><E39/><V58/><F58/><W50/><G50/><T19/><D119/><U114/><E123/><V73/><F105/><W68/><G68/><T66/><D7/><U4/><E4/><V57/><REACH who="2" step="1"/><F57/><REACH who="2" ten="139,168,317,366" step="2"/><W135/><G135/><T33/><D43/><U94/><E42/><V95/><F95/><W64/><G104/><T109/><D109/><U120/><E40/><V129/><F129/><N who="1" m="49737" /><E94/><V134/><F134/><W18/><G34/><T1/><D1/><U81/><E81/><V117/><F117/><W77/><G32/><T91/><D38/><U62/><E120/><V28/><F28/><W102/><G80/><T36/><D37/><U22/><E114/><V103/><F103/><W98/><G102/><T30/><D31/><U60/><E93/><V6/><F6/><W71/><G71/><T97/><D36/><U126/><E29/><V55/><F55/><W74/><G64/><T116/><D116/><U122/><E122/><V84/><F84/><W112/><G112/><T101/><D86/><U65/><E65/><V52/><F52/><W110/><G74/><T118/><D118/><U130/><E130/><V51/><F51/><W44/><G87/><RYUUKYOKU ba="1,1" sc="139,-10,168,-10,317,30,366,-10" hai2="8,10,11,15,16,73,78,82,85,90,92,100,106" /><INIT seed="6,2,1,1,5,112" ten="129,158,347,356" oya="2" hai0="122,29,97,20,62,32,82,61,130,88,7,83,54" hai1="91,3,2,106,117,23,21,77,132,68,74,110,15" hai2="22,4,25,75,52,17,79,84,49,116,6,60,121" hai3="103,53,104,58,70,96,34,100,31,13,73,56,118"/><V38/><F121/><W99/><G70/><T47/><D32/><U36/><E110/><V26/><F38/><W72/><G118/><T42/><D122/><U107/><E68/><V65/><F75/><W5/><G31/><T94/><D7/><U30/><E36/><V44/><F116/><W89/><G34/><T1/><D1/><U85/><E132/><V111/><F111/><W41/><G41/><T81/><D130/><U18/><E117/><V11/><F11/><W69/><G69/><T129/><D129/><U45/><E45/><V86/><F26/><W43/><G43/><T33/><D33/><U119/><E119/><V123/><F123/><W92/><G89/><T64/><D64/><U16/><E30/><V128/><F128/><W134/><G134/><T80/><N who="0" m="20480" /><DORA hai="131" /><T101/><D54/><U55/><E55/><V40/><F79/><W9/><REACH who="3" step="1"/><G58/><REACH who="3" ten="129,158,347,346" step="2"/><T109/><D109/><U57/><E57/><N who="2" m="34855" /><F65/><W87/><G87/><AGARI ba="2,2" hai="4,6,17,22,25,40,44,49,84,86,87" m="34855" machi="87" ten="30,2900,0" yaku="8,1,54,1" doraHai="112,131" who="2" fromWho="3" sc="129,0,158,0,347,55,346,-35" /><INIT seed="6,3,0,3,5,6" ten="129,158,402,311" oya="2" hai0="31,27,1,68,43,134,7,128,74,124,9,107,71" hai1="21,66,126,104,55,101,32,123,40,89,133,90,69" hai2="51,64,30,57,100,37,73,92,48,65,19,80,86" hai3="79,2,113,125,67,106,36,122,41,93,97,103,75"/><V82/><F37/><W54/><G2/><T53/><D124/><U46/><E126/><V96/><F73/><W110/><G125/><T105/><D53/><U22/><E133/><V81/><F30/><W130/><G67/><N who="2" m="25673" /><F19/><W18/><G110/><T17/><D128/><U114/><E114/><V8/><F8/><W38/><G122/><T111/><D111/><U132/><E132/><V112/><F112/><W28/><G113/><T121/><D121/><U135/><E135/><V15/><F15/><W45/><G130/><T14/><D74/><U44/><E32/><V84/><F57/><W102/><G28/><T12/><D14/><U72/><E72/><V62/><F62/><W52/><G38/><T13/><D13/><U76/><E76/><V129/><F129/><W98/><REACH who="3" step="1"/><G18/><REACH who="3" ten="129,158,402,301" step="2"/><T29/><D31/><U3/><E3/><V11/><F11/><W120/><G120/><T83/><D134/><U119/><E123/><V131/><F131/><W63/><G63/><T70/><D17/><U24/><E66/><V60/><F60/><W127/><G127/><T118/><D1/><U10/><E69/><V117/><F117/><W23/><G23/><T16/><D118/><U95/><E22/><V56/><F56/><W61/><G61/><T91/><D16/><U99/><E21/><V34/><F34/><W0/><G0/><T109/><D109/><U108/><E10/><V59/><F59/><W35/><G35/><N who="0" m="20927" /><D43/><U77/><E108/><V20/><F20/><W5/><G5/><T47/><D47/><U58/><E46/><V42/><F42/><W4/><G4/><RYUUKYOKU ba="3,1" sc="129,10,158,-30,402,10,301,10" hai0="7,9,12,68,70,71,83,91,105,107" hai2="48,51,80,81,82,84,86,92,96,100" hai3="36,41,45,52,54,75,79,93,97,98,102,103,106" /><INIT seed="6,4,1,2,3,7" ten="139,128,412,311" oya="2" hai0="106,41,34,16,122,98,102,71,131,95,40,124,118" hai1="0,46,3,82,47,5,54,58,48,70,105,10,17" hai2="89,42,66,30,79,109,15,53,44,126,19,28,99" hai3="100,129,52,91,35,87,29,125,37,121,97,90,114"/><V21/><F126/><W134/><G37/><T104/><D34/><U101/><E70/><V64/><F79/><W8/><G121/><T116/><D122/><U108/><E108/><V26/><F109/><W123/><G123/><T6/><D6/><U57/><E0/><V61/><F53/><W65/><G125/><T11/><D71/><U93/><E105/><N who="0" m="40553" /><D124/><U62/><E82/><V85/><F99/><W120/><G120/><T33/><D33/><U77/><E77/><V39/><F30/><W88/><G65/><T55/><D55/><U51/><E62/><V49/><F39/><W23/><G35/><T18/><D131/><U14/><E93/><V111/><F61/><W107/><G129/><T130/><D130/><U43/><REACH who="1" step="1"/><E101/><REACH who="1" ten="139,118,412,311" step="2"/><V119/><F111/><W2/><G2/><T56/><D56/><U83/><E83/><N who="2" m="49343" /><F119/><N who="0" m="45610" /><D11/><AGARI ba="4,2" hai="3,5,10,11,14,17,43,46,47,48,51,54,57,58" machi="11" ten="30,7700,0" yaku="1,1,7,1,52,2,53,0" doraHai="7" doraHaiUra="81" who="1" fromWho="0" sc="139,-89,118,109,412,0,311,0" /><AGARI ba="4,0" hai="11,15,19,21,26,28,42,44,49,64,66" m="49343" machi="11" ten="30,2900,0" yaku="8,1,52,1" doraHai="7" who="2" fromWho="0" sc="50,-29,227,0,412,29,311,0" /><INIT seed="6,5,0,5,2,70" ten="21,227,441,311" oya="2" hai0="3,73,31,102,94,14,63,66,7,28,80,98,6" hai1="54,84,68,49,2,71,111,40,45,10,101,118,103" hai2="133,8,124,12,53,99,26,92,93,115,48,86,108" hai3="58,46,114,131,35,22,128,15,74,67,17,33,30"/><V27/><F115/><W129/><G74/><T95/><D3/><U52/><E84/><V32/><F133/><W59/><G114/><T132/><D132/><U134/><E10/><V78/><F124/><W25/><G35/><T123/><D123/><U20/><E20/><V83/><F108/><W36/><REACH who="3" step="1"/><G67/><REACH who="3" ten="21,227,441,301" step="2"/><T135/><D135/><U120/><E134/><V65/><F32/><W11/><G11/><T29/><D73/><U34/><E34/><V13/><F65/><W121/><G121/><T1/><D1/><U107/><E2/><V41/><F8/><W19/><G19/><T100/><D7/><U89/><E120/><V57/><F27/><W96/><G96/><T69/><D6/><U112/><E112/><V50/><F26/><W55/><G55/><T16/><D80/><U126/><E54/><V122/><F99/><W43/><AGARI ba="5,1" hai="15,17,22,25,30,33,36,43,46,58,59,128,129,131" machi="43" ten="40,8000,1" yaku="1,1,0,1,19,1,52,1,53,0" doraHai="70" doraHaiUra="113" who="3" fromWho="3" sc="21,-25,227,-25,441,-45,301,105" owari="-4,-50.4,202,-19.8,396,19.6,406,50.6" /></mjloggm>