<mjloggm ver="2.3"><GO type="41" lobby="0"/><UN n0="%E7%9F%A5%E3%81%A3%E3%81%A6%E3%81%9F" n1="%E3%83%9E%E3%82%B6%E3%82%AD" n2="%E3%83%A9%E3%82%B9%E3%83%88%E3%83%AA%E3%82%BE%E3%83%BC%E3%83%88" n3="%E2%93%9D%4C%75%63%6B%79%4A" dan="13,16,15,16" rate="1841.38,2058.68,1991.07,2158.26" sx="M,M,M,M"/><TAIKYOKU oya="0"/><INIT seed="0,0,0,1,0,134" ten="250,250,250,250" oya="0" hai0="14,13,46,104,87,102,69,83,62,22,91,44,10" hai1="94,115,48,131,71,84,27,39,50,20,107,132,96" hai2="119,42,120,85,65,124,122,54,41,108,116,126,30" hai3="40,1,135,15,80,49,75,72,97,28,32,113,7"/><T114/><D114/><U9/><E132/><V45/><F30/><W12/><G113/><T58/><D69/><U79/><E39/><V93/><F93/><W29/><G135/><T127/><D104/><U118/><E118/><N who="2" m="45099" /><F85/><W92/><G1/><T53/><D102/><U67/><E131/><V88/><F88/><W106/><G106/><T37/><D37/><U70/><E115/><V103/><F103/><W19/><G32/><T61/><D61/><U52/><E107/><V26/><F26/><W16/><G7/><T125/><D22/><U2/><E50/><N who="2" m="29007" /><F65/><W133/><G80/><T59/><D58/><U77/><E67/><V128/><F108/><W123/><G92/><T89/><D91/><U101/><E9/><V129/><F42/><W78/><G40/><T0/><D0/><U21/><E21/><V73/><F73/><W117/><G75/><T98/><D98/><U18/><E2/><V38/><F38/><W68/><G72/><T90/><D89/><U112/><E112/><V60/><F41/><W33/><G97/><T31/><D31/><U99/><E96/><V3/><F60/><W34/><G117/><T57/><D59/><U17/><E17/><V110/><F110/><W36/><G36/><T25/><D25/><U4/><E4/><V105/><F105/><W47/><G29/><T64/><D64/><U63/><E63/><V8/><F8/><W35/><G28/><T5/><D14/><U82/><REACH who="1" step="1"/><E77/><REACH who="1" ten="250,240,250,250" step="2"/><V95/><F3/><W74/><G35/><T130/><D130/><N who="2" m="50282" /><F95/><W23/><G34/><T76/><D76/><U111/><E111/><RYUUKYOKU ba="0,1" sc="250,10,240,10,250,10,250,-30" hai0="5,10,13,44,46,53,57,62,83,87,90,125,127" hai1="18,20,27,48,52,70,71,79,82,84,94,99,101" hai2="120,122,124,126" /><INIT seed="0,1,1,0,2,98" ten="260,250,260,220" oya="0" hai0="78,41,32,30,63,28,86,94,72,36,43,113,127" hai1="123,34,12,110,15,57,40,95,133,114,65,102,6" hai2="130,2,13,24,67,117,1,29,27,91,84,66,97" hai3="112,89,55,121,82,73,58,37,71,115,21,42,11"/><T99/><D113/><U7/><E123/><V33/><F130/><W128/><G71/><T59/><D72/><U18/><E34/><V38/><F38/><W106/><G106/><T135/><D135/><U92/><E114/><V53/><F117/><W0/><G21/><T45/><D32/><U109/><E40/><V50/><F24/><W56/><G58/><T77/><D43/><U51/><E92/><V125/><F125/><W119/><G89/><T75/><D86/><U62/><E133/><V93/><F13/><N who="1" m="5193" /><E18/><V126/><F126/><W39/><G119/><T8/><D127/><U76/><E76/><V79/><F79/><N who="3" m="44399" /><G39/><T35/><D8/><U81/><E81/><V5/><F84/><W111/><G121/><T22/><D35/><U104/><E104/><V17/><F17/><W23/><G128/><T101/><D78/><U107/><E107/><V118/><F118/><W68/><G115/><T70/><D70/><U74/><E51/><V87/><F87/><W25/><G68/><T80/><REACH who="0" step="1"/><D22/><REACH who="0" ten="250,250,260,220" step="2"/><U96/><E74/><V85/><F85/><W48/><G112/><T20/><D20/><U31/><E31/><V61/><F33/><W4/><G23/><T49/><D49/><U3/><E3/><V64/><F50/><W10/><G0/><T54/><AGARI ba="1,2" hai="28,30,36,41,45,54,59,63,75,77,80,94,99,101" machi="54" ten="20,7800,0" yaku="1,1,0,1,7,1,52,1,53,0" doraHai="98" doraHaiUra="60" who="0" fromWho="0" sc="250,101,250,-27,260,-27,220,-27" /><INIT seed="0,2,0,3,1,85" ten="351,223,233,193" oya="0" hai0="63,131,135,12,84,52,24,51,68,15,41,61,89" hai1="39,70,28,65,45,20,91,34,124,33,60,71,54" hai2="77,119,108,127,57,10,64,31,26,109,128,4,114" hai3="55,101,86,87,48,122,21,96,112,83,121,104,88"/><T19/><D131/><U110/><E110/><N who="2" m="42603" /><F114/><W100/><G112/><T29/><D135/><U99/><E124/><V27/><F77/><W8/><G21/><N who="0" m="15503" /><D41/><U36/><E71/><V107/><F107/><W126/><G126/><T6/><D6/><U80/><E36/><V22/><F127/><W123/><G87/><T79/><D79/><U115/><E115/><V132/><F132/><W103/><REACH who="3" step="1"/><G8/><REACH who="3" ten="351,223,233,183" step="2"/><N who="0" m="6535" /><D68/><U95/><E70/><V69/><F69/><W120/><N who="3" m="30720" /><DORA hai="134" /><W93/><G93/><N who="0" m="54439" /><D15/><U3/><E3/><V18/><F128/><W73/><G73/><T30/><D30/><U14/><E14/><V50/><F31/><W59/><AGARI ba="2,1" hai="48,55,59,83,86,88,96,100,101,103,104" m="30720" machi="59" ten="60,12000,2" yaku="1,1,0,1,13,1,52,1,54,1,53,2" doraHai="85,134" doraHaiUra="49,53" who="3" fromWho="3" sc="351,-62,223,-32,233,-32,183,136" /><INIT seed="1,0,0,3,3,130" ten="289,191,201,319" oya="1" hai0="92,129,81,78,112,25,34,37,122,111,32,49,67" hai1="101,7,69,4,39,57,127,125,84,90,118,10,47" hai2="15,6,12,86,131,124,74,55,13,9,22,8,87" hai3="98,16,82,97,56,95,88,128,44,45,11,120,30"/><U46/><E118/><V54/><F131/><W77/><G120/><T65/><D37/><U3/><E69/><V73/><F124/><N who="1" m="47689" /><E39/><V93/><F22/><W18/><G128/><T5/><D129/><U76/><E101/><V117/><F117/><W132/><G30/><T72/><D112/><U68/><E68/><V19/><F93/><W60/><G132/><T1/><D111/><U103/><E103/><V75/><F15/><W123/><G98/><T107/><D107/><U126/><E76/><V24/><F24/><W21/><G11/><T36/><D36/><U109/><E126/><V35/><F35/><W58/><G58/><T62/><D122/><U100/><E100/><V64/><F64/><W2/><G2/><T61/><D49/><U53/><E4/><V96/><F96/><W59/><G59/><T51/><D51/><N who="1" m="30911" /><E109/><V104/><F104/><W52/><G123/><T99/><D5/><U116/><E116/><V135/><F55/><W23/><G23/><T105/><D105/><U43/><E43/><V41/><F41/><W108/><G108/><T48/><D67/><U17/><E17/><V80/><F54/><W106/><G106/><T27/><D65/><U102/><E102/><V85/><REACH who="2" step="1"/><F80/><AGARI ba="0,0" hai="3,7,10,46,47,80,84,90" m="30911,47689" machi="80" ten="30,1500,0" yaku="18,1" doraHai="130" who="1" fromWho="2" sc="289,0,191,15,201,-15,319,0" /><INIT seed="1,1,0,3,4,88" ten="289,206,186,319" oya="1" hai0="133,80,107,97,30,39,115,132,129,29,87,73,48" hai1="4,104,100,54,111,46,120,5,76,15,27,63,16" hai2="8,74,108,25,38,119,2,49,65,52,91,1,90" hai3="116,130,92,101,35,83,14,64,33,36,45,84,134"/><U96/><E120/><V26/><F38/><W20/><G64/><T43/><D115/><U9/><E111/><V122/><F122/><W70/><G70/><T68/><D68/><U118/><E118/><V21/><F119/><W94/><G116/><T37/><D73/><U95/><E76/><V53/><F108/><W42/><G101/><T51/><D129/><U56/><E104/><V117/><F117/><W0/><G0/><T103/><D51/><N who="1" m="29047" /><E27/><V126/><F126/><W40/><G134/><N who="0" m="51819" /><D48/><U127/><E127/><V113/><F113/><W22/><G130/><T75/><D75/><U13/><E15/><V58/><F74/><W31/><G14/><T79/><D43/><U81/><E81/><V61/><F26/><W7/><G83/><T19/><D19/><U57/><E57/><V17/><F53/><AGARI ba="1,0" hai="4,5,9,13,16,53,56,63,95,96,100" m="29047" machi="53" ten="30,5800,0" yaku="8,1,52,1,54,1" doraHai="88" who="1" fromWho="2" sc="289,0,206,61,186,-61,319,0" /><INIT seed="1,2,0,2,1,2" ten="289,267,125,319" oya="1" hai0="121,10,92,38,42,78,83,134,123,73,61,115,46" hai1="59,76,1,27,36,35,64,114,28,117,112,104,12" hai2="88,116,6,107,13,15,87,51,102,4,49,125,58" hai3="68,54,65,127,118,63,50,33,130,101,3,41,111"/><U119/><E59/><V131/><F116/><N who="1" m="44617" /><E64/><V48/><F131/><W100/><G33/><T9/><D115/><N who="1" m="44075" /><E36/><V106/><F125/><W99/><G101/><T0/><D134/><U37/><E37/><V21/><F102/><W67/><G3/><T110/><D110/><U71/><E71/><V84/><F21/><W45/><G111/><T20/><D61/><U69/><E69/><V30/><F30/><W93/><G118/><T126/><D126/><U113/><E76/><V82/><F58/><W8/><G130/><T7/><D92/><U39/><E39/><V29/><F29/><W18/><G127/><T96/><D96/><U129/><E104/><V60/><F60/><W94/><G67/><T25/><REACH who="0" step="1"/><D10/><REACH who="0" ten="279,267,125,319" step="2"/><U44/><E113/><V89/><F51/><W23/><G8/><T77/><D77/><U57/><E129/><V32/><REACH who="2" step="1"/><F82/><REACH who="2" ten="279,267,115,319" step="2"/><W22/><G63/><T132/><D132/><U34/><E34/><AGARI ba="2,2" hai="4,6,13,15,32,34,48,49,84,87,88,89,106,107" machi="34" ten="25,12000,2" yaku="1,1,2,1,22,2,52,2,54,1,53,0" doraHai="2" doraHaiUra="17" who="2" fromWho="1" sc="279,0,267,-126,115,146,319,0" /><INIT seed="2,0,0,5,2,120" ten="279,141,261,319" oya="2" hai0="112,6,55,89,49,127,128,61,99,22,96,0,43" hai1="121,115,77,58,8,26,5,75,15,91,83,45,107" hai2="78,110,28,86,116,76,84,27,30,124,48,64,18" hai3="92,109,90,38,105,3,68,7,21,67,14,126,98"/><V20/><F116/><W31/><G38/><T36/><D112/><U111/><E121/><V129/><F129/><W56/><G68/><T69/><D128/><U70/><E70/><V81/><F124/><W63/><G105/><T82/><D127/><U52/><E115/><V135/><F135/><W131/><G131/><T24/><D6/><U123/><E123/><V65/><F110/><W132/><G126/><T25/><D25/><U60/><E107/><V4/><F4/><W13/><G132/><T125/><D0/><U54/><E111/><V29/><REACH who="2" step="1"/><F48/><REACH who="2" ten="279,141,251,319" step="2"/><W32/><G109/><T94/><D49/><U114/><E114/><V119/><F119/><W41/><G7/><T2/><D125/><U108/><E108/><V79/><F79/><W87/><G3/><T44/><D2/><U133/><E133/><V102/><F102/><W118/><G118/><T47/><D36/><U23/><E91/><V74/><F74/><W103/><G90/><T113/><D89/><U101/><E101/><V117/><F117/><W16/><G103/><T73/><D113/><U34/><E45/><V19/><F19/><W100/><G100/><T1/><D47/><U11/><E5/><V106/><F106/><W42/><G16/><T80/><D44/><U57/><E75/><V134/><F134/><W95/><G31/><T33/><D73/><U37/><E77/><V46/><F46/><W122/><G122/><T62/><D1/><U97/><E34/><V130/><F130/><W66/><G32/><T104/><D33/><U35/><E35/><V53/><F53/><W85/><G42/><RYUUKYOKU ba="0,1" sc="279,-10,141,-10,251,30,319,-10" hai2="18,20,27,28,29,30,64,65,76,78,81,84,86" /><INIT seed="2,1,1,4,2,13" ten="269,131,281,309" oya="2" hai0="87,22,35,122,100,80,38,63,134,133,50,96,26" hai1="1,72,125,56,40,85,61,71,37,97,11,62,84" hai2="64,112,117,16,10,102,46,74,120,43,115,45,78" hai3="2,69,94,81,95,130,67,86,113,88,132,126,4"/><V32/><F117/><W27/><G113/><T3/><D38/><U21/><E72/><V17/><F120/><W28/><G130/><T8/><D122/><U110/><E110/><V48/><F32/><W104/><G104/><T49/><D35/><U60/><E125/><V65/><F102/><W24/><G126/><T14/><D3/><U79/><E71/><V123/><F123/><W15/><G2/><T109/><D63/><U59/><E37/><V92/><F92/><W6/><G132/><N who="0" m="50795" /><D109/><U20/><E40/><V34/><F34/><W89/><G67/><T116/><D116/><U25/><E20/><V44/><F74/><W118/><G69/><T58/><D58/><U124/><E97/><V91/><F78/><W111/><G28/><N who="0" m="17495" /><D96/><U68/><E68/><V129/><F129/><W53/><G118/><T70/><D100/><U31/><E124/><V51/><F112/><W107/><G111/><T103/><D103/><U135/><E135/><V0/><F115/><W55/><G107/><T131/><D70/><U30/><E31/><V101/><F101/><W76/><G15/><T128/><D131/><U98/><E98/><V54/><F46/><W83/><G86/><T82/><D128/><U9/><E85/><V5/><REACH who="2" step="1"/><F91/><REACH who="2" ten="269,131,271,309" step="2"/><W66/><G76/><N who="0" m="46471" /><D82/><N who="1" m="47199" /><E1/><V108/><F108/><W23/><G83/><T93/><D93/><U75/><E75/><V121/><F121/><W57/><G81/><T41/><D41/><U105/><E105/><V119/><F119/><W42/><G95/><T39/><D39/><U33/><E33/><V99/><F99/><W19/><G94/><RYUUKYOKU ba="1,2" sc="269,10,131,10,271,10,309,-30" hai0="8,14,49,50" hai1="9,11,21,25,30,56,59,60,61,62" hai2="0,5,10,16,17,43,44,45,48,51,54,64,65" /><INIT seed="2,2,2,3,5,12" ten="279,141,281,279" oya="2" hai0="27,62,57,26,52,39,83,66,56,79,126,99,67" hai1="17,10,53,58,113,117,120,24,2,98,49,63,64" hai2="128,92,106,110,38,61,34,46,30,69,7,59,122" hai3="73,80,44,95,135,81,28,68,31,131,11,8,23"/><V4/><F122/><W20/><G68/><T78/><D39/><U45/><E113/><V74/><F74/><W100/><G73/><T107/><D126/><U21/><E120/><V6/><F128/><W36/><G36/><T91/><D107/><U114/><E114/><V87/><F69/><W48/><G131/><T133/><D133/><U93/><E117/><V118/><F118/><W96/><G135/><T55/><D99/><U125/><E125/><V121/><F121/><W54/><G23/><T75/><D75/><U40/><E2/><V129/><F129/><W18/><G11/><T43/><D83/><N who="3" m="31817" /><G8/><T14/><D14/><AGARI ba="2,2" hai="14,18,20,28,31,44,48,54,95,96,100" m="31817" machi="14" ten="30,2000,0" yaku="8,1,52,1" doraHai="12" who="3" fromWho="0" sc="279,-26,141,0,281,0,279,46" /><INIT seed="3,0,0,1,5,36" ten="253,141,281,325" oya="3" hai0="115,25,90,122,118,23,101,111,75,15,125,99,42" hai1="88,70,66,128,83,7,63,96,59,64,8,91,50" hai2="134,72,28,104,48,94,80,74,35,27,129,120,89" hai3="130,33,135,81,85,26,58,123,57,13,47,105,132"/><W133/><G123/><T40/><D122/><U113/><E128/><V82/><F120/><W34/><G105/><T102/><D111/><U49/><E113/><V124/><F129/><W110/><G130/><T39/><D118/><U114/><E114/><V126/><F104/><W100/><G100/><T69/><D39/><U121/><E121/><V55/><F134/><W56/><G110/><T77/><D69/><U20/><E91/><V5/><F5/><W76/><G26/><T17/><D115/><U79/><E20/><V22/><F35/><W67/><G67/><T92/><D125/><N who="2" m="48234" /><F82/><W131/><G131/><T16/><D75/><U61/><E79/><V87/><F80/><W117/><G117/><T93/><D77/><U6/><E6/><V51/><F51/><W127/><G127/><T18/><D102/><U71/><E59/><AGARI ba="0,0" hai="22,27,28,48,55,59,72,74,87,89,94" m="48234" machi="59" ten="30,1000,0" yaku="18,1" doraHai="36" who="2" fromWho="1" sc="253,0,141,-10,281,10,325,0" /><INIT seed="4,0,0,3,2,38" ten="253,131,291,325" oya="0" hai0="42,77,104,32,95,67,65,116,43,46,48,28,13" hai1="6,17,93,105,72,59,10,15,66,70,50,14,119" hai2="118,79,62,63,45,25,98,57,16,115,7,89,41" hai3="22,71,58,123,21,92,122,129,126,9,20,130,82"/><T74/><D116/><U2/><E119/><V19/><F115/><W131/><G71/><T55/><D104/><U23/><E105/><V34/><F118/><W84/><G58/><T78/><D74/><U68/><E72/><V133/><F133/><W127/><G92/><T83/><D32/><U61/><E93/><V35/><F79/><N who="0" m="30218" /><D28/><U1/><REACH who="1" step="1"/><E68/><REACH who="1" ten="253,121,291,325" step="2"/><V54/><F35/><W31/><G31/><T56/><D95/><U112/><E112/><V102/><F34/><W73/><G73/><T94/><D94/><U51/><E51/><V27/><F63/><W109/><G109/><T85/><D83/><U29/><E29/><V81/><F81/><W11/><G82/><T125/><D85/><U117/><E117/><V87/><F87/><W120/><G84/><T107/><D107/><U3/><E3/><V132/><F62/><W44/><G44/><T30/><D30/><U124/><E124/><AGARI ba="0,1" hai="9,11,20,21,22,120,122,123,124,126,127,129,130,131" machi="124" ten="60,16000,3" yaku="29,2,28,2,13,1,18,1,19,1,34,3" doraHai="38" who="3" fromWho="1" sc="253,0,121,-160,291,0,325,170" owari="253,-14.7,-39,-53.9,291,9.1,495,59.5" /></mjloggm>