<mjloggm ver="2.3"><GO type="41" lobby="0"/><UN n0="%61%72%74%65%6D%69%73%34" n1="%E2%93%9D%4C%75%63%6B%79%4A" n2="%69%79%6F%37%37%35" n3="%E5%80%89%E6%A9%8B%EF%BC%A0%E4%BA%8B%E5%8B%99" dan="14,18,14,15" rate="1858.66,2221.47,1927.26,2030.89" sx="M,M,M,M"/><TAIKYOKU oya="0"/><INIT seed="0,0,0,5,1,98" ten="250,250,250,250" oya="0" hai0="6,116,84,5,29,92,55,91,35,104,99,7,88" hai1="126,2,36,68,111,39,106,133,127,19,119,20,33" hai2="102,67,30,114,57,4,87,110,81,128,122,103,82" hai3="77,54,26,37,79,61,28,108,16,25,44,38,80"/><T32/><D116/><U124/><RYUUKYOKU type="yao9" ba="0,0" sc="250,0,250,0,250,0,250,0" hai1="2,19,20,33,36,39,68,106,111,119,124,126,127,133" /><INIT seed="0,1,0,5,5,94" ten="250,250,250,250" oya="0" hai0="49,95,5,110,72,52,47,54,78,86,68,55,1" hai1="35,56,108,33,51,119,99,28,97,19,23,124,96" hai2="118,22,133,26,91,121,132,64,30,128,113,62,93" hai3="48,103,10,40,43,53,14,76,80,41,42,9,135"/><T29/><D72/><U88/><E119/><V115/><F121/><W73/><G135/><N who="2" m="51785" /><F118/><W13/><N who="3" m="10240" /><DORA hai="85" /><W45/><REACH who="3" step="1"/><G103/><REACH who="3" ten="250,250,250,240" step="2"/><T58/><D110/><U59/><E108/><V60/><F128/><W134/><G134/><T0/><D1/><U46/><E124/><V126/><F126/><W4/><G4/><T20/><D5/><U16/><E35/><V63/><F64/><W131/><G131/><T2/><D2/><U15/><E33/><V84/><AGARI ba="1,1" hai="22,26,30,60,62,63,84,91,93,113,115" m="51785" machi="84" ten="30,2000,0" yaku="20,1,52,1" doraHai="94,85" who="2" fromWho="2" sc="250,-11,250,-6,250,33,240,-6" /><INIT seed="1,0,0,3,2,16" ten="239,244,283,234" oya="1" hai0="117,107,25,26,2,42,70,82,36,3,129,50,112" hai1="108,120,61,44,86,49,11,103,79,135,20,7,53" hai2="1,35,95,98,75,17,30,51,27,113,100,40,62" hai3="45,43,124,31,5,63,13,18,58,127,9,33,109"/><U73/><E120/><V115/><F75/><W134/><G109/><T69/><D117/><U22/><E73/><V119/><F1/><W24/><G134/><T32/><D112/><N who="2" m="43082" /><F119/><W14/><G14/><T131/><D36/><U38/><E38/><V55/><F40/><W123/><G123/><T59/><D107/><U130/><E130/><V76/><F76/><W105/><G105/><T60/><D82/><N who="1" m="47455" /><E135/><V12/><F62/><W116/><G116/><T126/><D126/><U88/><E103/><V64/><F64/><W101/><G101/><T96/><D96/><U78/><E78/><V83/><F83/><W39/><REACH who="3" step="1"/><G5/><REACH who="3" ten="239,244,283,224" step="2"/><T37/><D129/><U74/><E108/><V121/><F121/><W125/><G125/><T68/><D131/><U128/><E128/><V92/><F100/><W67/><AGARI ba="0,1" hai="9,13,18,24,31,33,39,43,45,58,63,67,124,127" machi="67" ten="30,2000,0" yaku="1,1,0,1,53,0" doraHai="16" doraHaiUra="118" who="3" fromWho="3" sc="239,-5,244,-10,283,-5,224,30" /><INIT seed="2,0,0,5,4,45" ten="234,234,278,254" oya="2" hai0="106,31,94,9,60,111,5,15,18,56,43,83,54" hai1="120,81,89,68,41,86,23,95,49,72,76,119,116" hai2="21,74,16,50,61,117,67,82,48,104,124,26,132" hai3="66,70,29,88,11,40,96,133,115,108,44,25,20"/><V7/><F117/><W102/><G108/><T51/><D106/><U105/><E68/><V109/><F104/><W122/><G122/><T59/><D31/><U103/><E23/><V80/><F109/><W121/><G121/><T131/><D131/><U8/><E8/><V46/><F46/><W10/><G133/><T69/><D69/><U71/><E71/><V17/><F132/><W13/><G115/><T107/><D107/><U127/><E127/><V35/><F35/><W39/><G102/><T110/><D43/><U32/><E32/><V129/><F7/><W62/><REACH who="3" step="1"/><G13/><REACH who="3" ten="234,234,278,244" step="2"/><T33/><D111/><U99/><E120/><V65/><F124/><W125/><G125/><T101/><D110/><U19/><E19/><V135/><F17/><W58/><G58/><T47/><D18/><U12/><E12/><V64/><F135/><W90/><G90/><T37/><D15/><U4/><E4/><V53/><F129/><W75/><G75/><T92/><D5/><U42/><E42/><V52/><F74/><W73/><G73/><T14/><D59/><U113/><E113/><V91/><F91/><W114/><G114/><T6/><D56/><U118/><E41/><V128/><F128/><W2/><G2/><T30/><D14/><U126/><E126/><V57/><F53/><W79/><G79/><T123/><D54/><U93/><E105/><V1/><F1/><W34/><G34/><T87/><D33/><U78/><E78/><V28/><F28/><W77/><G77/><T38/><D123/><U0/><E0/><V27/><F27/><W85/><G85/><RYUUKYOKU ba="0,1" sc="234,-30,234,10,278,10,244,10" hai1="49,72,76,81,86,89,93,95,99,103,116,118,119" hai2="16,21,26,48,50,52,57,61,64,65,67,80,82" hai3="10,11,20,25,29,39,40,44,62,66,70,88,96" /><INIT seed="2,1,1,3,1,135" ten="204,244,288,254" oya="2" hai0="98,31,46,103,37,113,92,104,74,39,54,15,68" hai1="12,11,93,27,97,25,108,114,51,45,17,82,85" hai2="67,2,70,21,57,24,118,42,119,30,91,126,105" hai3="29,3,107,95,101,35,50,125,122,75,1,89,111"/><V61/><F2/><W80/><G122/><T62/><D74/><U81/><E114/><V13/><F105/><W129/><G111/><T87/><D113/><U110/><E110/><V84/><F42/><W115/><G115/><T7/><D31/><U133/><E133/><V121/><F121/><W76/><G129/><T9/><D68/><U128/><E128/><V64/><F126/><W10/><G10/><T38/><D104/><U86/><E86/><V132/><F132/><W36/><G36/><T55/><D87/><U5/><E82/><V73/><F73/><W16/><G50/><T44/><D62/><U19/><E27/><V99/><F99/><W94/><G94/><T34/><REACH who="0" step="1"/><D34/><REACH who="0" ten="194,244,288,254" step="2"/><U134/><E134/><V52/><F70/><W66/><G29/><T116/><D116/><U26/><E108/><V90/><F119/><W112/><G35/><T71/><D71/><U47/><E26/><V102/><F118/><W100/><G112/><T124/><D124/><U8/><E25/><V14/><F84/><N who="3" m="52647" /><G107/><T106/><D106/><U4/><E85/><V120/><F120/><W127/><G66/><T32/><D32/><U41/><E81/><V53/><F67/><W49/><G127/><T23/><D23/><U123/><E123/><V33/><F33/><W22/><G125/><T56/><D56/><U65/><E65/><V88/><F102/><W6/><G101/><T28/><D28/><U0/><REACH who="1" step="1"/><E47/><AGARI ba="1,2" hai="7,9,15,37,38,39,44,46,47,54,55,92,98,103" machi="47" ten="40,2600,0" yaku="1,1,53,1" doraHai="135" doraHaiUra="96" who="0" fromWho="1" sc="194,49,244,-29,288,0,254,0" /><INIT seed="3,0,0,3,3,81" ten="243,215,288,254" oya="3" hai0="133,122,48,89,96,47,62,55,61,115,17,45,119" hai1="16,116,60,52,58,34,86,36,11,39,127,132,72" hai2="15,73,67,14,74,100,106,120,20,0,44,19,125" hai3="8,12,37,3,70,95,28,30,53,103,27,78,41"/><W114/><G114/><T128/><D122/><U85/><E72/><V104/><F0/><W97/><G3/><T94/><D119/><U6/><E34/><V98/><F120/><W117/><G117/><T25/><D133/><U124/><E116/><V7/><F106/><W43/><G70/><T13/><D128/><U102/><E102/><V26/><F125/><N who="1" m="48201" /><E132/><V90/><F67/><W123/><G123/><T76/><D76/><U131/><E131/><V23/><F73/><W71/><G71/><T66/><D62/><U32/><E32/><V42/><F74/><W112/><G112/><T10/><D25/><U18/><E18/><V87/><F7/><W99/><G37/><N who="1" m="14410" /><E16/><V135/><F135/><W21/><G30/><T64/><D115/><U22/><E22/><V2/><F2/><AGARI ba="0,0" hai="2,6,11,52,58,60,85,86" m="14410,48201" machi="2" ten="30,7700,0" yaku="18,1,52,2,54,1" doraHai="81" who="1" fromWho="2" sc="243,0,215,77,288,-77,254,0" /><INIT seed="4,0,0,0,2,41" ten="243,292,211,254" oya="0" hai0="131,7,117,55,133,38,23,68,66,106,10,21,118" hai1="135,57,4,123,67,44,43,29,87,89,73,74,103" hai2="64,102,84,75,61,122,92,20,77,96,82,125,128" hai3="111,76,48,32,30,81,62,107,27,98,14,69,25"/><T90/><D106/><U101/><E123/><V113/><F122/><W35/><G111/><T6/><D38/><U2/><E29/><V40/><F113/><W9/><G48/><T11/><D131/><U12/><E2/><V37/><F128/><W104/><G25/><T59/><D133/><U18/><E4/><V1/><F125/><W16/><G32/><T121/><D121/><U36/><E135/><V49/><F37/><W130/><G130/><T70/><D90/><U78/><E78/><V80/><F1/><W95/><G62/><T91/><D91/><U33/><E33/><V112/><F112/><W53/><G53/><T114/><D114/><U31/><E31/><V120/><F120/><W108/><G69/><T65/><D55/><U105/><E57/><AGARI ba="0,0" hai="6,7,10,11,21,23,57,59,65,66,68,70,117,118" machi="57" ten="25,2400,0" yaku="22,2" doraHai="41" who="0" fromWho="1" sc="243,24,292,-24,211,0,254,0" /><INIT seed="4,1,0,5,5,60" ten="267,268,211,254" oya="0" hai0="111,70,81,106,109,82,130,103,2,29,124,47,22" hai1="19,48,79,49,25,16,108,110,24,94,87,67,6" hai2="1,116,89,4,95,129,127,50,101,118,65,86,78" hai3="12,9,34,100,8,132,66,30,57,15,55,63,52"/><T11/><D130/><U18/><E6/><V28/><F28/><W131/><G131/><T88/><D106/><U31/><E79/><V23/><F129/><W71/><G132/><T114/><D103/><U13/><E13/><V20/><F1/><W27/><G100/><T68/><D124/><U84/><E31/><V44/><F4/><W133/><G133/><T91/><D47/><U35/><E94/><V36/><F36/><W135/><G135/><T96/><D114/><U64/><E19/><V26/><F127/><W32/><G32/><AGARI ba="1,0" hai="16,18,24,25,32,35,48,49,64,67,84,87,108,110" machi="32" ten="25,8000,1" yaku="22,2,52,2,54,1" doraHai="60" who="1" fromWho="3" sc="267,0,268,83,211,0,254,-83" /><INIT seed="5,0,0,4,3,15" ten="267,351,211,171" oya="1" hai0="93,99,76,80,98,134,123,124,53,39,95,77,40" hai1="42,2,85,88,22,28,27,51,74,104,19,81,59" hai2="65,45,18,107,89,55,9,46,114,29,58,21,117" hai3="31,11,87,119,109,30,38,62,64,12,47,6,41"/><U69/><E69/><V102/><F117/><W118/><G109/><T116/><D40/><U78/><E104/><V37/><F65/><W3/><G87/><T52/><D39/><U36/><E2/><V130/><F37/><W72/><G12/><T8/><D116/><U32/><E36/><V83/><F130/><W111/><G111/><T34/><D34/><U63/><E42/><V1/><F29/><W135/><G135/><T91/><D134/><U24/><E51/><V90/><F90/><W25/><G31/><T127/><D123/><U73/><REACH who="1" step="1"/><E78/><REACH who="1" ten="267,341,211,171" step="2"/><V48/><F107/><W129/><G129/><T54/><D77/><U71/><E71/><V125/><F1/><W26/><G119/><T60/><D60/><U0/><E0/><V66/><F48/><W33/><G118/><T113/><D113/><U67/><AGARI ba="0,1" hai="19,22,24,27,28,32,59,63,67,73,74,81,85,88" machi="67" ten="20,12000,1" yaku="1,1,0,1,7,1,52,1,54,1,53,0" doraHai="15" doraHaiUra="70" who="1" fromWho="1" sc="267,-40,341,130,211,-40,171,-40" /><INIT seed="5,1,0,1,0,11" ten="227,471,171,131" oya="1" hai0="130,75,90,69,96,20,4,66,37,86,83,67,12" hai1="125,59,118,131,103,55,47,2,88,16,63,5,14" hai2="43,91,29,84,120,104,100,3,25,50,115,78,116" hai3="62,74,129,108,112,7,119,17,18,99,94,70,73"/><U32/><E118/><V110/><F110/><W82/><G108/><T97/><D37/><U89/><E32/><V46/><F116/><W30/><G119/><T33/><D33/><U26/><E2/><V44/><F120/><W121/><G121/><T54/><D130/><U85/><E131/><V10/><F78/><W36/><G129/><T53/><D75/><U24/><E103/><V128/><F128/><W65/><G36/><T57/><D53/><U126/><E5/><V38/><F104/><W39/><G39/><T1/><D69/><U9/><E47/><V117/><F100/><W106/><G106/><T123/><D1/><U56/><E59/><V124/><F124/><N who="1" m="47721" /><E89/><V6/><F117/><W93/><G112/><T49/><D123/><U21/><E9/><V23/><F115/><W102/><G7/><T95/><D4/><U132/><E132/><V77/><F77/><W111/><G111/><T133/><D133/><U101/><E101/><V41/><F91/><W61/><G102/><T64/><D83/><AGARI ba="1,0" hai="14,16,21,24,26,55,56,63,83,85,88" m="47721" machi="83" ten="30,11600,0" yaku="18,1,52,1,54,2" doraHai="11" who="1" fromWho="0" sc="227,-119,471,119,171,0,131,0" /><INIT seed="5,2,0,0,1,90" ten="108,590,171,131" oya="1" hai0="95,63,12,28,127,106,108,77,45,111,85,110,78" hai1="67,74,57,25,133,2,97,3,13,9,19,53,14" hai2="101,132,121,134,48,40,38,93,56,42,46,80,83" hai3="94,1,116,119,31,86,102,123,44,81,55,5,62"/><U30/><E74/><V92/><F121/><W23/><G123/><T22/><D106/><U76/><E67/><V105/><F105/><W115/><G115/><T27/><D127/><U51/><E76/><V36/><F101/><W4/><G31/><T41/><D63/><U60/><E133/><N who="2" m="51307" /><F56/><N who="3" m="35103" /><G23/><T114/><D114/><U66/><E14/><V103/><F103/><W72/><G72/><T70/><D70/><U118/><E118/><N who="3" m="45098" /><G44/><T6/><D12/><U29/><E97/><V109/><F109/><W15/><G15/><T17/><D6/><U96/><E96/><V87/><F80/><W47/><G47/><T124/><D28/><U112/><E30/><V8/><F8/><W75/><G75/><T135/><D135/><U131/><E112/><V26/><F26/><W84/><G1/><T20/><D20/><U34/><REACH who="1" step="1"/><E131/><REACH who="1" ten="108,580,171,131" step="2"/><V59/><F36/><W107/><G107/><T69/><D124/><U7/><E7/><V50/><F38/><W32/><G32/><T125/><D125/><U11/><E11/><V79/><F40/><W65/><G65/><T126/><D126/><U58/><AGARI ba="2,1" hai="2,3,9,13,19,25,29,34,51,53,57,58,60,66" machi="58" ten="20,3900,0" yaku="1,1,0,1,7,1,53,0" doraHai="90" doraHaiUra="98" who="1" fromWho="1" sc="108,-15,580,55,171,-15,131,-15" /><INIT seed="5,3,0,4,0,23" ten="93,635,156,116" oya="1" hai0="77,11,42,96,92,25,13,128,28,85,120,101,117" hai1="112,22,2,4,32,113,80,38,34,69,60,8,36" hai2="121,73,91,124,56,74,43,50,40,19,126,82,88" hai3="59,62,10,86,107,52,3,132,21,31,110,0,48"/><U118/><E118/><V76/><F121/><W123/><G110/><T65/><D117/><U6/><E6/><V130/><F74/><W44/><G123/><T114/><D114/><N who="1" m="44139" /><E22/><V122/><F122/><W111/><G111/><T17/><D128/><U90/><E90/><N who="2" m="34347" /><F130/><W29/><G107/><T89/><D77/><U100/><E100/><V94/><F94/><W46/><G132/><T99/><D120/><U135/><E80/><V58/><F19/><W84/><G44/><T119/><D119/><U53/><E135/><V14/><F14/><W26/><G31/><T87/><D65/><N who="1" m="41127" /><E53/><N who="2" m="31799" /><F58/><W115/><G115/><T30/><D42/><U93/><E93/><V127/><AGARI ba="3,0" hai="40,43,73,76,82,124,126,127" m="31799,34347" machi="127" ten="40,2700,0" yaku="18,1,54,1" doraHai="23" who="2" fromWho="2" sc="93,-10,635,-16,156,36,116,-10" /><INIT seed="6,0,0,0,4,54" ten="83,619,192,106" oya="2" hai0="35,115,85,29,116,104,101,13,123,112,16,51,128" hai1="73,7,15,62,98,2,38,110,66,68,88,3,94" hai2="111,96,14,64,27,99,109,63,39,44,67,0,55" hai3="43,108,72,8,42,81,41,126,30,21,117,6,83"/><V40/><F0/><W89/><G108/><N who="2" m="41545" /><F27/><W49/><G117/><T65/><D123/><U17/><E110/><V134/><F14/><W69/><G69/><T28/><D35/><U46/><E73/><V1/><F1/><W127/><G49/><T26/><D128/><U45/><E38/><V131/><F96/><W23/><G72/><T60/><D116/><U79/><E79/><V77/><F77/><W36/><G36/><T53/><D26/><U86/><E3/><V78/><F99/><W113/><G113/><N who="0" m="43595" /><D85/><U4/><E2/><V25/><F25/><N who="3" m="16687" /><G23/><N who="0" m="11663" /><D101/><U5/><REACH who="1" step="1"/><E98/><REACH who="1" ten="83,609,192,106" step="2"/><V124/><F78/><W92/><G126/><T52/><D104/><U19/><E19/><V105/><F105/><W74/><G127/><T24/><D24/><U20/><AGARI ba="0,1" hai="4,5,7,15,17,20,45,46,62,66,68,86,88,94" machi="20" ten="30,4000,0" yaku="1,1,0,1,54,1,53,0" doraHai="54" doraHaiUra="100" who="1" fromWho="1" sc="83,-10,609,50,192,-20,106,-10" /><INIT seed="7,0,0,5,5,116" ten="73,659,172,96" oya="3" hai0="83,135,134,39,27,104,86,74,19,16,96,77,49" hai1="69,63,98,54,76,57,26,106,41,50,94,122,46" hai2="51,103,5,52,9,75,102,124,58,36,15,6,123" hai3="131,108,119,33,7,4,22,10,111,89,126,101,79"/><W53/><G33/><T68/><D39/><U128/><E122/><V72/><F123/><W117/><G79/><T110/><D110/><N who="3" m="42025" /><G101/><T85/><D68/><U55/><E128/><V18/><F36/><W32/><G131/><T38/><D38/><U87/><E69/><V34/><F124/><W65/><G65/><T25/><D104/><U48/><E26/><V107/><F75/><W66/><G66/><T61/><D61/><U1/><E1/><V97/><F103/><W21/><G32/><T80/><D96/><U121/><E121/><V43/><F43/><W105/><G105/><T14/><D49/><U112/><E112/><V127/><F127/><W95/><G53/><T130/><D130/><U133/><E55/><V64/><F72/><W70/><G70/><T129/><D129/><U114/><E114/><V37/><F37/><W113/><G113/><T90/><D74/><U82/><E106/><V92/><F34/><W60/><G60/><T56/><D56/><U88/><E133/><V93/><F64/><W120/><G126/><T47/><D47/><U132/><E132/><V109/><F109/><W44/><G44/><T30/><D30/><U91/><E63/><V11/><F5/><N who="3" m="2123" /><G10/><T24/><REACH who="0" step="1"/><D19/><REACH who="0" ten="63,659,172,96" step="2"/><U100/><AGARI ba="0,1" hai="41,46,48,50,54,57,76,82,87,88,91,94,98,100" machi="100" ten="20,5200,0" yaku="0,1,7,1,8,1,54,1" doraHai="116" who="1" fromWho="1" sc="63,-13,659,62,172,-13,96,-26" owari="50,-45.0,721,82.1,159,-4.1,70,-33.0" /></mjloggm>