<mjloggm ver="2.3"><GO type="41" lobby="0"/><UN n0="%E3%82%80%E3%82%89%E3%81%95%E3%81%8D%E8%89%B2%E5%A4%A7%E5%A5%BD%E3%81%8D" n1="%E2%93%9D%4C%75%63%6B%79%4A" n2="%E3%83%81%E3%82%AB%E3%83%A9" n3="%E9%B3%B3%E6%9D%B1%E3%81%AE%E3%81%BF%E3%81%91%E3%81%AB%E3%82%83%E3%82%93" dan="13,18,14,15" rate="1919.93,2186.04,1951.82,1978.75" sx="M,M,M,F"/><TAIKYOKU oya="0"/><INIT seed="0,0,0,1,2,1" ten="250,250,250,250" oya="0" hai0="131,67,85,120,100,92,48,41,20,135,6,96,125" hai1="123,66,51,54,111,28,110,68,86,93,23,134,30" hai2="14,44,109,108,34,114,107,7,113,130,45,127,49" hai3="124,95,94,39,22,18,99,5,55,80,91,9,33"/><T16/><D120/><U98/><E123/><V79/><F107/><W104/><G124/><T17/><D131/><U37/><E37/><V46/><F34/><W70/><G39/><T128/><D125/><U2/><E2/><V24/><F24/><W87/><G33/><T25/><D128/><U88/><E66/><V75/><F130/><W15/><G70/><T58/><D135/><U43/><E43/><V129/><F129/><W77/><G55/><T73/><D73/><U119/><E68/><V13/><F75/><W82/><G104/><T90/><D6/><U0/><E0/><V103/><F79/><W59/><G59/><T122/><D122/><U4/><E119/><V106/><F103/><W8/><G8/><T126/><D126/><U112/><E23/><V132/><F106/><W117/><G117/><T10/><D10/><U89/><E112/><V69/><F69/><W3/><REACH who="3" step="1"/><G99/><REACH who="3" ten="250,250,250,240" step="2"/><T72/><D41/><U21/><E98/><V31/><F127/><W101/><G101/><T42/><D42/><U97/><E97/><V57/><F57/><W83/><G83/><N who="0" m="49471" /><D72/><AGARI ba="0,1" hai="3,5,9,15,18,22,72,77,80,82,87,91,94,95" machi="72" ten="30,7700,0" yaku="1,1,7,1,52,1,53,1" doraHai="1" doraHaiUra="105" who="3" fromWho="0" sc="250,-77,250,0,250,0,240,87" /><INIT seed="1,0,0,4,2,61" ten="173,250,250,327" oya="1" hai0="66,85,112,77,119,81,126,41,16,74,98,82,52" hai1="2,65,69,100,75,121,60,76,15,12,57,46,24" hai2="14,27,7,128,92,38,86,110,29,22,33,101,53" hai3="127,5,84,129,134,48,11,8,32,105,91,51,118"/><U25/><E121/><V6/><F110/><W37/><G105/><T106/><D119/><U34/><E2/><V50/><F38/><W78/><G32/><T58/><D112/><U62/><E75/><V4/><F128/><W90/><G37/><T89/><D126/><U95/><E76/><V99/><F86/><W13/><G129/><T70/><D41/><U35/><E46/><V133/><F133/><W120/><G120/><T93/><D106/><U64/><E95/><V79/><F79/><W132/><G127/><T40/><D40/><U123/><E123/><V111/><F111/><W109/><G109/><T39/><D39/><U104/><E104/><V55/><F55/><W20/><G118/><T18/><D70/><U23/><E100/><V36/><F36/><W116/><G116/><T63/><REACH who="0" step="1"/><D52/><REACH who="0" ten="163,250,250,327" step="2"/><U102/><E102/><AGARI ba="0,1" hai="16,18,58,63,66,74,77,81,82,85,89,93,98,102" machi="102" ten="30,12000,2" yaku="1,1,2,1,7,1,52,1,54,1,53,1" doraHai="61" doraHaiUra="107" who="0" fromWho="1" sc="163,130,250,-120,250,0,327,0" /><INIT seed="2,0,0,4,4,5" ten="293,130,250,327" oya="2" hai0="43,105,116,120,134,93,16,76,103,30,4,14,88" hai1="113,60,44,117,49,33,24,0,79,25,70,62,42" hai2="133,35,52,45,123,40,127,41,73,90,95,65,68" hai3="27,91,64,81,130,48,72,20,115,132,59,78,21"/><V8/><F73/><W121/><G121/><T77/><D120/><U23/><E113/><V108/><F35/><W124/><G115/><T38/><D116/><U96/><E117/><V131/><F127/><W12/><G132/><T118/><D118/><U84/><E0/><V109/><F131/><W107/><G107/><T87/><D134/><U15/><E70/><V125/><F125/><W58/><G124/><T129/><D129/><U66/><E96/><V122/><F133/><W82/><G64/><T89/><D30/><U50/><E50/><N who="2" m="28751" /><F95/><W57/><G48/><T56/><D105/><U37/><E37/><V32/><F32/><W11/><G27/><T13/><D103/><U86/><E25/><V36/><F8/><W17/><REACH who="3" step="1"/><G130/><REACH who="3" ten="293,130,250,317" step="2"/><T85/><D38/><U126/><E126/><V111/><F90/><W106/><G106/><T114/><D114/><U94/><E24/><V47/><F41/><W53/><G53/><T1/><D43/><U51/><E42/><V26/><F26/><W29/><G29/><T2/><D2/><U128/><E128/><V74/><F74/><W75/><G75/><T39/><D1/><U31/><E31/><V102/><F102/><W19/><G19/><T112/><D39/><U61/><E33/><V7/><F7/><W98/><G98/><T80/><D112/><U34/><E34/><V55/><F55/><W104/><G104/><T135/><D135/><U100/><E100/><V101/><F101/><W69/><G69/><T92/><D89/><U54/><E54/><V97/><F97/><W6/><G6/><T10/><D4/><RYUUKYOKU ba="0,1" sc="293,-15,130,-15,250,15,317,15" hai2="36,40,47,65,68,108,109,111,122,123" hai3="11,12,17,20,21,57,58,59,72,78,81,82,91" /><INIT seed="2,1,1,0,5,117" ten="278,115,265,332" oya="2" hai0="114,19,24,66,102,124,12,92,7,76,59,60,73" hai1="33,133,48,86,64,75,96,11,113,41,83,71,95" hai2="87,101,38,69,125,10,111,132,25,82,128,9,13" hai3="20,131,107,39,106,45,37,109,99,80,127,74,67"/><V119/><F38/><W1/><G1/><T78/><D114/><U88/><E113/><V91/><F69/><W44/><G67/><T116/><D73/><U63/><E133/><V103/><F119/><W100/><G20/><N who="0" m="13343" /><D116/><U62/><E33/><V32/><F132/><W4/><G4/><T122/><D122/><U105/><E63/><V115/><F115/><W89/><G109/><T23/><D124/><U8/><E105/><V65/><F65/><W31/><G31/><T112/><D112/><U120/><E75/><V0/><F128/><W52/><G127/><T47/><D47/><U49/><E120/><V14/><F111/><W104/><G131/><T15/><D15/><U50/><REACH who="1" step="1"/><E41/><REACH who="1" ten="278,105,265,332" step="2"/><V94/><F125/><W97/><G106/><T129/><D60/><U35/><E35/><V130/><F32/><W108/><G107/><T55/><D129/><U26/><E26/><V17/><F25/><W36/><G104/><T58/><D78/><AGARI ba="1,2" hai="8,11,48,49,50,62,64,71,78,83,86,88,95,96" machi="78" ten="40,8000,1" yaku="1,1,54,1,53,2" doraHai="117" doraHaiUra="5" who="1" fromWho="0" sc="278,-83,105,103,265,0,332,0" /><INIT seed="3,0,0,1,2,54" ten="195,208,265,332" oya="3" hai0="38,71,62,83,52,3,64,20,40,36,102,103,84" hai1="113,7,76,44,100,70,65,121,126,114,118,67,75" hai2="111,22,101,93,74,122,108,56,99,16,13,116,125" hai3="115,50,112,80,95,66,21,51,87,30,34,78,6"/><W5/><G34/><T104/><D3/><U69/><E76/><V135/><F116/><W130/><G130/><T73/><D73/><U123/><E100/><V86/><F74/><W119/><G119/><T68/><D104/><U128/><E75/><V18/><F135/><W77/><G77/><T134/><D134/><U60/><E7/><V97/><F125/><W90/><G66/><T0/><D71/><U91/><E91/><V85/><F122/><N who="1" m="46601" /><E118/><V14/><F99/><W96/><G6/><T41/><D0/><U110/><E110/><N who="2" m="42027" /><F56/><W39/><G39/><T53/><D20/><AGARI ba="0,0" hai="13,14,16,18,20,22,85,86,93,97,101" m="42027" machi="20" ten="30,2000,0" yaku="14,1,54,1" doraHai="54" who="2" fromWho="0" sc="195,-20,208,0,265,20,332,0" /><INIT seed="4,0,0,0,1,97" ten="175,208,285,332" oya="0" hai0="131,87,100,86,28,127,51,105,107,26,1,88,0" hai1="118,60,53,43,46,9,99,91,128,47,135,7,35" hai2="27,82,85,111,117,113,74,58,44,92,4,45,3" hai3="80,123,67,15,76,132,49,75,34,21,36,2,61"/><T133/><D133/><U77/><E35/><V84/><F111/><W69/><G2/><T37/><D37/><U71/><E118/><V48/><F3/><W101/><G34/><T114/><D114/><U96/><E77/><V120/><F4/><W79/><G36/><T5/><D127/><U54/><E135/><V112/><F58/><W129/><G132/><T72/><D72/><U31/><E31/><V57/><F74/><W130/><G79/><T38/><D38/><U65/><E128/><N who="3" m="49258" /><G49/><T104/><D131/><U12/><E47/><V56/><F27/><W42/><G42/><T8/><D1/><U90/><E91/><V119/><F48/><W83/><G83/><T18/><D51/><U63/><E90/><V11/><F82/><W110/><G110/><T41/><D41/><U115/><E115/><V22/><F22/><W70/><G123/><T33/><D18/><U106/><E106/><V95/><REACH who="2" step="1"/><F11/><REACH who="2" ten="175,208,275,332" step="2"/><W109/><G109/><T64/><D64/><U81/><E65/><V52/><F52/><W13/><G70/><T66/><D66/><U25/><E71/><V17/><F17/><N who="3" m="10415" /><G15/><T55/><D55/><U134/><E54/><V68/><F68/><W50/><G50/><T98/><REACH who="0" step="1"/><D87/><REACH who="0" ten="165,208,275,332" step="2"/><U125/><E134/><V62/><F62/><W78/><G75/><T24/><D24/><U94/><E25/><V108/><F108/><W121/><G67/><T30/><D30/><U29/><E29/><V14/><F14/><W93/><G69/><T20/><D20/><U6/><E53/><V124/><F124/><W40/><G40/><T16/><D16/><RYUUKYOKU ba="0,2" sc="165,15,208,-15,275,15,332,-15" hai0="0,5,8,26,28,33,86,88,98,100,104,105,107" hai2="44,45,56,57,84,85,92,95,112,113,117,119,120" /><INIT seed="4,1,2,4,5,22" ten="180,193,290,317" oya="0" hai0="40,102,58,92,100,119,38,48,45,41,64,35,21" hai1="121,130,32,105,112,61,7,73,28,81,37,26,111" hai2="91,16,44,85,120,68,53,8,122,57,4,52,42" hai3="43,55,113,97,59,127,103,11,109,27,70,29,20"/><T118/><D119/><U98/><E121/><V77/><F77/><W101/><G109/><T124/><D35/><U95/><E111/><V54/><F68/><W31/><G70/><T63/><D118/><U108/><E108/><V72/><F72/><W23/><G113/><T30/><D124/><U106/><E37/><V5/><F57/><W134/><G134/><T47/><REACH who="0" step="1"/><D92/><REACH who="0" ten="170,193,290,317" step="2"/><U25/><E95/><N who="2" m="54767" /><F120/><W6/><G127/><T80/><D80/><U0/><E81/><V2/><F122/><W126/><G126/><T110/><D110/><U74/><E32/><V84/><F2/><W3/><G3/><T99/><D99/><U15/><E98/><V9/><F84/><W87/><G87/><T75/><D75/><U116/><E116/><V117/><F117/><W36/><G97/><T65/><D65/><U123/><E74/><V69/><F69/><W24/><G101/><T132/><D132/><U51/><E73/><V114/><F114/><W33/><G103/><T131/><D131/><U50/><E112/><V78/><F78/><W104/><G33/><T128/><D128/><U49/><E123/><V86/><F86/><W79/><G79/><T93/><D93/><U18/><E130/><V90/><F90/><W66/><G66/><T129/><D129/><U56/><E106/><V94/><F94/><W14/><G104/><T67/><D67/><N who="1" m="39335" /><E105/><V133/><F133/><W17/><G36/><T96/><D96/><U82/><E82/><V39/><F39/><W135/><G135/><T62/><D62/><U89/><E89/><V13/><F9/><W107/><G11/><RYUUKYOKU ba="1,3" sc="170,15,193,-15,290,15,317,-15" hai0="21,30,38,40,41,45,47,48,58,63,64,100,102" hai2="4,5,8,13,16,42,44,52,53,54" /><INIT seed="4,2,3,2,5,74" ten="185,178,305,302" oya="0" hai0="38,92,19,1,48,85,122,15,70,107,40,36,128" hai1="3,115,10,72,106,73,127,32,99,133,46,41,63" hai2="69,49,101,97,22,105,62,88,56,123,23,29,71" hai3="75,35,65,9,87,113,103,114,81,102,55,118,37"/><T0/><D122/><U93/><E32/><V42/><F123/><W89/><G118/><T2/><D107/><U54/><E106/><V33/><F33/><W25/><G37/><T132/><D128/><U57/><E127/><V26/><F23/><W50/><G65/><T79/><D70/><U131/><E131/><V11/><F88/><N who="3" m="51311" /><G9/><T83/><D92/><U8/><E133/><V111/><F111/><W82/><G25/><T31/><D31/><U30/><E115/><N who="3" m="44042" /><G35/><T47/><REACH who="0" step="1"/><D132/><REACH who="0" ten="175,178,305,302" step="2"/><U17/><E30/><V134/><F134/><W95/><G95/><T104/><D104/><U13/><E93/><V94/><F105/><W21/><G102/><T117/><D117/><U6/><REACH who="1" step="1"/><E99/><REACH who="1" ten="175,168,305,302" step="2"/><V39/><F94/><W96/><G96/><T135/><D135/><U16/><E16/><V4/><F97/><W53/><G103/><T20/><AGARI ba="2,5" hai="0,1,2,15,19,20,36,38,40,47,48,79,83,85" machi="20" ten="30,6000,0" yaku="1,1,0,1,52,1,53,0" doraHai="74" doraHaiUra="24" who="0" fromWho="0" sc="175,116,168,-22,305,-22,302,-22" /><INIT seed="4,3,0,1,1,91" ten="291,146,283,280" oya="0" hai0="130,24,76,54,51,21,105,15,7,38,115,135,79" hai1="129,119,117,62,60,121,100,26,34,87,32,118,67" hai2="43,49,8,122,124,88,61,96,46,56,50,40,17" hai3="33,55,123,92,48,19,104,101,74,64,5,78,65"/><T18/><D105/><U93/><E121/><V22/><F122/><W131/><G33/><T35/><D38/><U12/><E129/><V110/><F110/><W98/><G5/><T2/><D130/><U16/><E62/><V112/><F124/><W111/><G111/><T6/><D115/><U108/><E108/><V106/><F8/><W75/><G131/><T120/><D135/><U126/><E26/><N who="2" m="14671" /><F106/><W89/><G123/><T134/><D134/><U57/><E126/><V125/><F125/><W71/><G19/><T82/><D120/><U30/><E30/><V3/><F3/><W0/><G0/><T72/><D2/><U128/><E128/><V94/><F112/><W68/><G65/><T10/><D76/><U27/><E27/><V31/><F31/><W25/><G25/><T63/><D35/><U95/><E34/><V66/><F49/><W14/><G14/><T52/><D63/><U97/><E32/><V99/><F99/><W80/><G64/><T45/><D54/><AGARI ba="3,0" hai="40,43,46,50,54,56,61,66,88,94,96" m="14671" machi="54" ten="30,3900,0" yaku="8,1,52,1,54,1" doraHai="91" who="2" fromWho="0" sc="291,-48,146,0,283,48,280,0" /><INIT seed="5,0,0,1,5,10" ten="243,146,331,280" oya="1" hai0="0,97,64,21,117,89,24,13,58,119,34,5,52" hai1="61,14,108,114,4,65,84,63,32,76,116,99,94" hai2="18,103,80,9,56,123,23,79,130,90,31,115,57" hai3="68,51,48,121,40,3,35,19,70,120,45,43,22"/><U25/><E116/><V36/><F36/><W127/><G35/><T46/><D34/><U71/><E108/><V95/><F103/><W126/><G3/><T47/><D0/><U28/><E114/><V82/><F123/><N who="3" m="47179" /><G19/><T87/><D97/><U53/><E63/><V50/><F130/><W74/><G22/><T118/><D64/><U112/><E112/><V15/><F115/><W98/><G98/><T77/><D77/><U132/><E132/><V16/><F31/><W124/><G74/><T17/><D5/><U44/><E53/><N who="2" m="31799" /><F79/><W67/><G67/><T41/><D24/><U54/><E54/><V105/><F105/><W106/><G106/><T133/><D133/><U111/><E111/><V8/><F57/><W109/><G109/><T20/><D20/><U88/><E44/><AGARI ba="0,0" hai="40,43,44,45,48,51,68,70,124,126,127" m="47179" machi="44" ten="40,5200,0" yaku="18,1,34,2" doraHai="10" who="3" fromWho="1" sc="243,0,146,-52,331,0,280,52" /><INIT seed="6,0,0,2,3,32" ten="243,94,331,332" oya="2" hai0="7,42,8,40,20,125,79,25,36,53,27,84,75" hai1="23,44,69,48,109,80,118,18,45,38,31,16,46" hai2="61,87,13,83,64,81,71,77,50,119,135,128,117" hai3="100,127,124,122,28,78,35,85,93,58,63,67,108"/><V39/><F39/><W98/><G108/><T101/><D101/><U59/><E109/><V9/><F135/><W30/><G122/><T132/><D132/><U10/><E69/><V41/><F128/><W104/><G35/><T89/><D125/><N who="3" m="48201" /><G78/><T126/><D42/><U70/><E70/><V110/><F83/><W102/><G85/><T86/><D126/><U21/><E38/><V43/><F110/><W129/><G129/><T76/><D53/><U5/><E118/><V29/><F29/><W66/><G66/><T6/><D40/><U82/><E31/><V88/><F77/><W73/><G73/><T105/><D36/><U22/><E59/><V112/><F112/><W34/><G34/><T111/><D75/><U15/><REACH who="1" step="1"/><E48/><REACH who="1" ten="243,84,331,332" step="2"/><V107/><F119/><W120/><G120/><T121/><D111/><U115/><E115/><V3/><F117/><W74/><G58/><T0/><D121/><U17/><AGARI ba="0,1" hai="5,10,15,16,17,18,21,22,23,44,45,46,80,82" machi="17" ten="40,12000,2" yaku="1,1,0,1,29,2,8,1,54,1,53,0" doraHai="32" doraHaiUra="51" who="1" fromWho="1" sc="243,-30,84,130,331,-60,332,-30" /><INIT seed="7,0,0,5,3,6" ten="213,214,271,302" oya="3" hai0="54,3,68,119,131,14,98,83,102,113,53,49,30" hai1="39,94,75,8,61,66,88,74,86,52,10,21,36" hai2="97,17,125,103,4,34,63,133,96,18,132,12,112" hai3="11,89,19,121,60,101,108,69,44,56,45,85,124"/><W135/><G121/><T123/><D123/><U57/><E39/><V50/><F34/><W2/><G69/><T55/><D3/><U51/><E36/><V25/><F112/><W70/><G70/><T91/><D119/><U41/><E41/><V27/><F63/><W5/><G101/><T128/><D68/><U90/><E75/><V28/><F4/><W122/><G122/><T43/><D30/><U100/><E74/><V126/><F50/><W1/><G1/><T9/><D113/><U13/><E90/><V120/><F120/><W0/><G0/><T22/><D22/><U134/><E134/><N who="2" m="51819" /><F28/><W73/><G73/><T33/><D33/><U82/><E82/><V87/><F87/><W26/><G135/><T29/><D29/><U109/><E109/><V80/><F80/><W24/><G108/><T16/><D83/><U127/><E127/><N who="2" m="48651" /><F17/><W76/><G76/><T67/><D67/><U105/><E66/><V20/><F97/><W95/><G124/><T78/><D78/><U58/><E61/><V15/><F15/><N who="3" m="7679" /><G2/><T32/><D32/><U48/><E13/><V46/><F46/><N who="3" m="18027" /><G5/><T35/><D35/><U81/><E81/><V72/><F72/><W116/><G116/><T40/><D49/><U107/><E51/><V62/><F62/><W104/><G104/><AGARI ba="0,0" hai="12,18,20,25,27,96,103,104" m="48651,51819" machi="104" ten="30,2000,0" yaku="20,1,18,1" doraHai="6" who="2" fromWho="3" sc="213,0,214,0,271,20,302,-20" /><INIT seed="8,0,0,5,4,8" ten="213,214,291,282" oya="0" hai0="87,78,4,117,114,30,82,121,62,127,19,92,7" hai1="94,14,120,85,101,123,102,86,75,107,91,65,44" hai2="68,53,63,26,135,0,118,35,60,33,20,79,124" hai3="89,31,47,24,38,28,84,34,97,129,36,17,45"/><T48/><D121/><U73/><E65/><V23/><F0/><W10/><G97/><T72/><D117/><U116/><E44/><V113/><F113/><W52/><G129/><T40/><D114/><U58/><E58/><V133/><F118/><W81/><G31/><T100/><D127/><U103/><E14/><V42/><F79/><W32/><G32/><N who="2" m="12361" /><F42/><W110/><G110/><T106/><D62/><N who="2" m="23594" /><F68/><W27/><G45/><N who="0" m="25639" /><D30/><U88/><E107/><V46/><F124/><W15/><G27/><T108/><D19/><U67/><E67/><V56/><F56/><W3/><G3/><T21/><D21/><N who="2" m="8266" /><F26/><W70/><G70/><T18/><D18/><U59/><E59/><V2/><F2/><W132/><G132/><N who="2" m="50761" /><F53/><W111/><G111/><T1/><D1/><U95/><E116/><V93/><F46/><W64/><G64/><T55/><D108/><U29/><E29/><V104/><F93/><W66/><G66/><T51/><D51/><AGARI ba="0,0" hai="10,15,17,24,28,34,36,38,47,51,52,81,84,89" machi="51" ten="40,8000,1" yaku="25,2,52,1,54,1" doraHai="8" who="3" fromWho="0" sc="213,-80,214,0,291,0,282,80" owari="133,-36.7,214,-18.6,291,9.1,362,46.2" /></mjloggm>