<mjloggm ver="2.3"><GO type="41" lobby="0"/><UN n0="%E7%88%86%E8%A3%82%E9%AD%94%E6%B3%95%EF%BC%81%EF%BC%81%EF%BC%81" n1="%E2%93%9D%4C%75%63%6B%79%4A" n2="%72%79%6F%2D" n3="%E3%81%8A%E3%81%8A%E3%81%AF%E3%82%84%E3%82%8A" dan="14,18,14,14" rate="1912.23,2208.35,1914.74,1934.40" sx="F,M,F,M"/><TAIKYOKU oya="0"/><INIT seed="0,0,0,0,4,134" ten="250,250,250,250" oya="0" hai0="25,29,37,87,27,109,104,78,64,84,42,99,81" hai1="131,2,11,126,118,117,98,72,55,92,9,31,59" hai2="33,23,75,110,56,96,7,119,133,16,21,52,5" hai3="125,130,36,41,3,10,20,135,129,93,30,38,19"/><T120/><D120/><U57/><E72/><V12/><F75/><W85/><G41/><T67/><D109/><U132/><E31/><V58/><F33/><W100/><G38/><T82/><D25/><U106/><E106/><V91/><F133/><W83/><G36/><T69/><D69/><U65/><E131/><N who="3" m="50186" /><G93/><T122/><D122/><U113/><E2/><V70/><F70/><W121/><G100/><T95/><D104/><U80/><E80/><V47/><F110/><W123/><G85/><T34/><D42/><U26/><E26/><V40/><F119/><W63/><G63/><T48/><D48/><U22/><E22/><V88/><F23/><W53/><G53/><T35/><D34/><U68/><E55/><V103/><F103/><W79/><G83/><T32/><D32/><U71/><E92/><N who="2" m="56327" /><F91/><W46/><G46/><T115/><D115/><U15/><E113/><V6/><F40/><W60/><G60/><T127/><D37/><U114/><E114/><V111/><F111/><W17/><G79/><T101/><REACH who="0" step="1"/><D127/><REACH who="0" ten="240,250,250,250" step="2"/><U77/><E126/><V51/><AGARI ba="0,1" hai="5,6,7,12,16,21,47,51,52,56,58" m="56327" machi="51" ten="30,7900,0" yaku="8,1,54,3" doraHai="134" who="2" fromWho="2" sc="240,-39,250,-20,250,89,250,-20" /><INIT seed="1,0,0,4,1,54" ten="201,230,339,230" oya="1" hai0="135,87,129,50,24,63,103,93,41,7,38,80,60" hai1="130,58,31,72,53,76,55,91,25,121,11,32,56" hai2="4,77,45,22,86,79,37,5,1,51,67,19,35" hai3="132,69,123,30,113,28,78,102,29,46,115,16,95"/><U97/><E121/><V114/><F35/><W94/><G123/><T83/><D38/><U118/><E118/><V122/><F122/><W57/><G69/><T42/><D7/><U26/><E130/><V36/><F114/><W33/><G33/><T6/><D6/><U13/><E72/><V3/><F67/><W112/><G132/><T43/><D135/><U133/><E76/><V12/><F36/><W62/><G78/><T39/><D39/><U49/><E133/><V101/><F37/><W119/><G119/><T65/><D24/><U68/><E68/><V128/><F128/><W127/><G46/><T98/><D83/><U44/><E26/><V23/><F101/><W9/><G102/><T120/><D129/><U71/><E71/><V47/><F51/><W116/><G116/><T105/><D105/><U20/><E32/><V106/><F86/><W134/><G134/><T21/><D21/><U18/><E55/><V85/><F85/><W40/><G40/><N who="0" m="15467" /><D65/><U10/><E11/><V48/><F48/><W131/><G131/><T107/><D107/><U96/><E91/><V73/><F106/><W126/><G9/><T88/><D120/><U99/><AGARI ba="0,0" hai="10,13,18,20,25,31,44,49,53,56,58,96,97,99" machi="99" ten="30,11700,0" yaku="0,1,8,1,52,2" doraHai="54" who="1" fromWho="1" sc="201,-39,230,117,339,-39,230,-39" /><INIT seed="1,1,0,1,3,99" ten="162,347,300,191" oya="1" hai0="101,1,83,123,121,48,18,69,129,55,104,86,27" hai1="95,15,134,52,75,74,9,46,92,19,22,10,29" hai2="17,97,47,67,3,20,91,125,58,40,127,53,2" hai3="68,0,117,88,26,8,102,76,77,49,87,37,103"/><U35/><E35/><V59/><F67/><W107/><G37/><T79/><D69/><U116/><E116/><V119/><F119/><W38/><G38/><T114/><D1/><U98/><E134/><V33/><F33/><W115/><G68/><T109/><D114/><U112/><E112/><V4/><F4/><W94/><G115/><T16/><D129/><U63/><E95/><V70/><F70/><W128/><G117/><T50/><D50/><U122/><E122/><N who="0" m="46601" /><D109/><U13/><E29/><V96/><F91/><W81/><G128/><T85/><D85/><U14/><E75/><V24/><F2/><W108/><G108/><T120/><N who="0" m="46609" /><T11/><DORA hai="110" /><D27/><N who="1" m="14815" /><E74/><V39/><F3/><W89/><G26/><T51/><D51/><N who="1" m="28791" /><E63/><V12/><F24/><W66/><G66/><T57/><D11/><U124/><E124/><N who="2" m="47691" /><F59/><W21/><G21/><T5/><D5/><U118/><E118/><V78/><F78/><N who="3" m="30315" /><G107/><T133/><D133/><U72/><E72/><V42/><F40/><W61/><G0/><T73/><D73/><U106/><E106/><V71/><F71/><W36/><G36/><T64/><D64/><U111/><E111/><V43/><F42/><W126/><G126/><T31/><D31/><U7/><E7/><V6/><F6/><W41/><G61/><AGARI ba="1,0" hai="12,17,20,39,43,47,53,58,61,96,97" m="47691" machi="61" ten="30,1000,0" yaku="18,1" doraHai="99,110" who="2" fromWho="3" sc="162,0,347,0,300,13,191,-13" /><INIT seed="2,0,0,3,0,0" ten="162,347,313,178" oya="2" hai0="104,114,11,20,131,103,7,48,71,2,27,120,111" hai1="83,42,86,32,19,55,85,92,123,21,100,29,22" hai2="63,14,8,60,89,35,105,129,119,78,98,132,15" hai3="112,28,117,135,40,95,12,10,61,118,130,82,116"/><V75/><F119/><W113/><G40/><T70/><D114/><N who="3" m="44137" /><G61/><T84/><D120/><U81/><E32/><V53/><F129/><W124/><G95/><T65/><D131/><U121/><E29/><V57/><F132/><W38/><G82/><T36/><D36/><U126/><E42/><V47/><F35/><W88/><G88/><T16/><D111/><U107/><E19/><V17/><F75/><W23/><G38/><T34/><D84/><U127/><E55/><V102/><F78/><W51/><G51/><T69/><D48/><U133/><E92/><V45/><F63/><W74/><G74/><T39/><D39/><U108/><E100/><V3/><F3/><W13/><G130/><T59/><D59/><U9/><E9/><V58/><F89/><W31/><G135/><T26/><D34/><U50/><E50/><V101/><F58/><W1/><G124/><T93/><D93/><U73/><E73/><V62/><F60/><W49/><G49/><T30/><D65/><U96/><E133/><V91/><F102/><W56/><G56/><T128/><D128/><U115/><E115/><V68/><F68/><W97/><G97/><T37/><D37/><U43/><E43/><V90/><F90/><W52/><G52/><T77/><D77/><U94/><E94/><V46/><F91/><W64/><G64/><T18/><REACH who="0" step="1"/><D26/><REACH who="0" ten="152,347,313,178" step="2"/><U106/><E96/><AGARI ba="0,1" hai="2,7,11,16,18,20,27,30,69,70,71,96,103,104" machi="96" ten="40,8000,1" yaku="1,1,2,1,52,1,54,1,53,1" doraHai="0" doraHaiUra="33" who="0" fromWho="1" sc="152,90,347,-80,313,0,178,0" /><INIT seed="3,0,0,3,1,42" ten="242,267,313,178" oya="3" hai0="49,28,131,103,1,97,32,18,50,34,126,86,11" hai1="107,30,53,117,83,116,82,48,5,124,121,91,89" hai2="112,100,70,110,119,125,58,108,2,44,118,38,47" hai3="40,78,39,94,54,19,71,104,101,90,99,20,36"/><W88/><G71/><T68/><D68/><U6/><E107/><V7/><F100/><W84/><G54/><T31/><D131/><U22/><E121/><V77/><F77/><W29/><G29/><T85/><D126/><U46/><E124/><V3/><F125/><W9/><G9/><T92/><D32/><U21/><E30/><V66/><F7/><W24/><G78/><T27/><D28/><U76/><E76/><V105/><F105/><W62/><G62/><T43/><D50/><U113/><E113/><V95/><F95/><W56/><G56/><T133/><D133/><U80/><E6/><V93/><F93/><W26/><G26/><T115/><D115/><U98/><E5/><V23/><F112/><W57/><G57/><T4/><REACH who="0" step="1"/><D18/><REACH who="0" ten="232,267,313,178" step="2"/><U65/><E117/><V127/><F127/><W64/><G64/><T13/><D13/><U109/><E116/><V69/><F66/><W128/><G128/><T102/><D102/><U120/><E65/><V67/><F67/><W55/><G55/><T12/><D12/><U60/><E53/><V123/><F38/><W37/><REACH who="3" step="1"/><G90/><REACH who="3" ten="232,267,313,168" step="2"/><T111/><D111/><U41/><E109/><V16/><F70/><W134/><G134/><T73/><D73/><U96/><E91/><V87/><F69/><W75/><G75/><T52/><D52/><U129/><E129/><V72/><F72/><W51/><G51/><T8/><D8/><U0/><E48/><V59/><F110/><W17/><G17/><T61/><D61/><U25/><E60/><V33/><F108/><W74/><G74/><T35/><D35/><RYUUKYOKU ba="0,2" sc="232,15,267,-15,313,-15,168,15" hai0="1,4,11,27,31,34,43,49,85,86,92,97,103" hai3="19,20,24,36,37,39,40,84,88,94,99,101,104" /><INIT seed="3,1,2,3,0,10" ten="247,252,298,183" oya="3" hai0="44,62,48,76,84,57,61,3,127,49,8,53,94" hai1="60,65,1,111,66,16,40,85,83,67,101,45,56" hai2="52,34,47,104,17,131,42,22,69,36,88,87,50" hai3="105,72,14,63,28,79,33,68,20,7,51,89,5"/><W134/><G105/><T19/><D127/><U54/><E1/><V58/><F131/><W70/><G134/><T117/><D117/><U12/><E111/><V135/><F135/><W119/><G119/><T129/><D129/><U81/><E101/><V124/><F124/><W37/><G37/><T77/><D77/><U38/><REACH who="1" step="1"/><E85/><REACH who="1" ten="247,242,298,183" step="2"/><V128/><F128/><W118/><G118/><T125/><D3/><U96/><E96/><V31/><F104/><W80/><G72/><T41/><D125/><U64/><N who="1" m="16384" /><DORA hai="71" /><U114/><E114/><V26/><F69/><W15/><G70/><T78/><D84/><U106/><E106/><V82/><REACH who="2" step="1"/><F34/><REACH who="2" ten="247,242,288,183" step="2"/><W55/><G33/><T75/><D75/><U0/><E0/><V30/><AGARI ba="1,4" hai="17,22,26,30,31,36,42,47,50,52,58,82,87,88" machi="30" ten="30,12000,2" yaku="1,1,2,1,0,1,52,1,54,2,53,0" doraHai="10,71" doraHaiUra="113,116" who="2" fromWho="2" sc="247,-31,242,-31,288,163,183,-61" /><INIT seed="4,0,0,2,1,42" ten="216,211,451,122" oya="0" hai0="60,111,105,75,72,114,30,37,45,85,99,32,27" hai1="14,79,108,92,91,77,17,118,51,116,62,43,11" hai2="100,96,47,128,12,134,28,29,34,59,40,24,80" hai3="135,41,56,20,76,10,110,109,83,57,44,15,63"/><T31/><D114/><U39/><E108/><V125/><F128/><W133/><G20/><T65/><D85/><U19/><E39/><V68/><F68/><W131/><G83/><T66/><D31/><U36/><E36/><V48/><F134/><N who="3" m="51211" /><G76/><T132/><D66/><U94/><E62/><V0/><F0/><W22/><G22/><T98/><D98/><U120/><E120/><V130/><F130/><W54/><G15/><T88/><D88/><U82/><E118/><V129/><F129/><W97/><G97/><T90/><D90/><U73/><E116/><V69/><F69/><W64/><G10/><T122/><D122/><U71/><E71/><V52/><F125/><W115/><G115/><T46/><D37/><U107/><E107/><V21/><F80/><W104/><G104/><T67/><D67/><U8/><E79/><V86/><F86/><W101/><G101/><N who="0" m="62655" /><D111/><N who="3" m="42505" /><G131/><T70/><D132/><U74/><E91/><V53/><F53/><W87/><G87/><T123/><D123/><U103/><E103/><V126/><F126/><W1/><G1/><T113/><D113/><U33/><E77/><V23/><F12/><W55/><G57/><T102/><D102/><U2/><E2/><V95/><REACH who="2" step="1"/><F29/><REACH who="2" ten="216,211,441,122" step="2"/><W6/><G6/><T124/><D124/><U26/><E14/><V78/><F78/><W93/><G93/><T5/><D5/><U89/><E94/><V38/><AGARI ba="0,1" hai="21,23,24,28,34,38,40,47,48,52,59,95,96,100" machi="38" ten="20,8000,1" yaku="1,1,0,1,7,1,52,1,54,1,53,0" doraHai="42" doraHaiUra="106" who="2" fromWho="2" sc="216,-40,211,-20,441,90,122,-20" /><INIT seed="5,0,0,5,2,68" ten="176,191,531,102" oya="1" hai0="24,62,38,85,33,113,22,107,42,59,7,27,21" hai1="25,44,66,117,6,4,12,55,47,60,61,50,92" hai2="103,23,36,11,8,40,29,105,14,46,108,102,110" hai3="99,17,109,18,49,135,52,10,43,5,129,1,13"/><U101/><E117/><V70/><F70/><W116/><G109/><T35/><D107/><U124/><E124/><V90/><F103/><W20/><G116/><T57/><D7/><U127/><E127/><V106/><F106/><W30/><G129/><T51/><D113/><U0/><E0/><V77/><F77/><W39/><G135/><T100/><D100/><U63/><E66/><V76/><F76/><W131/><G131/><T32/><D51/><U123/><E123/><V37/><F37/><W3/><G99/><T79/><D79/><U34/><E34/><V126/><F90/><W88/><G43/><T31/><D85/><U125/><E25/><V71/><F71/><W96/><G39/><T28/><D62/><U98/><E125/><V97/><F126/><W87/><G96/><T93/><D93/><U82/><E82/><V74/><F74/><W94/><G30/><T19/><D19/><U83/><E83/><V45/><F45/><AGARI ba="0,0" hai="21,22,24,27,28,31,32,33,35,38,42,45,57,59" machi="45" ten="40,2600,0" yaku="9,1,52,1" doraHai="68" who="0" fromWho="2" sc="176,26,191,0,531,-26,102,0" /><INIT seed="6,0,0,4,3,2" ten="202,191,505,102" oya="2" hai0="102,104,11,127,51,41,78,43,85,9,68,109,96" hai1="64,79,94,135,26,25,76,123,86,40,75,8,63" hai2="14,37,124,23,62,46,112,133,30,66,13,29,107" hai3="47,132,119,72,59,22,6,60,74,84,117,0,5"/><V56/><F107/><W80/><G132/><T33/><D109/><U103/><E40/><V90/><F112/><W69/><G69/><T24/><D68/><U82/><E135/><V39/><F124/><W34/><G34/><T113/><D127/><U18/><E79/><V131/><F131/><W45/><G22/><T115/><D78/><U93/><E75/><V32/><F32/><W70/><G70/><T20/><D85/><U61/><E123/><V44/><F39/><W73/><G84/><T110/><D110/><U50/><E50/><V28/><F37/><W87/><G87/><T12/><D9/><U81/><E82/><V10/><F133/><W126/><G80/><T92/><D104/><U15/><E63/><V38/><F38/><W95/><G95/><N who="1" m="36362" /><E103/><V118/><F118/><N who="3" m="45067" /><G0/><T122/><D51/><U57/><AGARI ba="0,0" hai="8,15,18,25,26,57,61,64,76,81,86" m="36362" machi="57" ten="30,1100,0" yaku="8,1" doraHai="2" who="1" fromWho="1" sc="202,-3,191,11,505,-5,102,-3" /><INIT seed="7,0,0,3,0,69" ten="199,202,500,99" oya="3" hai0="70,28,112,116,13,43,60,19,56,107,104,50,0" hai1="103,111,97,62,114,49,85,61,9,115,81,94,65" hai2="18,119,36,77,110,102,26,68,127,11,45,48,10" hai3="108,59,2,20,53,32,89,120,71,132,47,87,46"/><W30/><G120/><T25/><D116/><U128/><E111/><V37/><F110/><W5/><G32/><T133/><D0/><U3/><E49/><V6/><F127/><W113/><G71/><T78/><D70/><U41/><E41/><V74/><F68/><W92/><G113/><N who="1" m="43018" /><E128/><V105/><F119/><W80/><G108/><T21/><D112/><U126/><E126/><V72/><F102/><W39/><G132/><T44/><D78/><N who="1" m="46263" /><E65/><V33/><F105/><W82/><G2/><T117/><D133/><U76/><E76/><V7/><F33/><W22/><G5/><AGARI ba="0,0" hai="3,5,9,61,62,94,97,103" m="46263,43018" machi="5" ten="30,1000,0" yaku="15,1" doraHai="69" who="1" fromWho="3" sc="199,0,202,10,500,0,99,-10" owari="199,-20.1,212,1.2,500,60.0,89,-41.1" /></mjloggm>