<mjloggm ver="2.3"><GO type="41" lobby="0"/><UN n0="%E3%81%BE%E3%82%8B%E3%81%A8%E3%83%BC" n1="%E9%BA%BB%E9%9B%80%E3%81%AE%E5%8C%A0" n2="%E2%93%9D%4C%75%63%6B%79%4A" n3="%E3%81%BF%E3%81%AA%E3%81%A5%E3%81%8D%E3%81%BB%E3%81%9F%E3%82%8B" dan="16,14,18,14" rate="2053.98,1937.91,2166.33,1954.74" sx="M,M,M,M"/><TAIKYOKU oya="0"/><INIT seed="0,0,0,4,5,69" ten="250,250,250,250" oya="0" hai0="134,92,1,40,124,89,39,99,123,20,85,47,21" hai1="80,83,120,3,86,19,38,29,60,100,129,14,31" hai2="32,55,102,110,62,8,73,87,11,13,114,103,44" hai3="133,97,52,58,126,127,22,6,28,26,54,53,122"/><T48/><D123/><U43/><E120/><V17/><F73/><W10/><G122/><T9/><D124/><N who="3" m="47657" /><G133/><T64/><D134/><U82/><E3/><V37/><F32/><W121/><G97/><T68/><D48/><U88/><E100/><V98/><F114/><W77/><G77/><T74/><D74/><U4/><E4/><V49/><F110/><W95/><G95/><T25/><D99/><U115/><E129/><V5/><F62/><N who="3" m="36167" /><G121/><T112/><D112/><U71/><E115/><V7/><F37/><W66/><G66/><T125/><D125/><U128/><E128/><V108/><F108/><W41/><G41/><T2/><D9/><U84/><E60/><V34/><F34/><W116/><G116/><T130/><D130/><U42/><E71/><V65/><F65/><W78/><G78/><T75/><D75/><U35/><E80/><V12/><F98/><W91/><G91/><T50/><D64/><U0/><E0/><AGARI ba="0,0" hai="0,6,10,22,26,28,53,54" m="36167,47657" machi="0" ten="30,2000,0" yaku="18,1,54,1" doraHai="69" who="3" fromWho="1" sc="250,0,250,-20,250,0,250,20" /><INIT seed="1,0,0,2,5,96" ten="250,230,250,270" oya="1" hai0="101,77,79,6,64,41,29,94,133,20,74,56,40" hai1="130,7,24,36,98,47,28,112,107,45,80,11,52" hai2="110,118,100,2,25,44,108,125,97,82,72,54,114" hai3="59,66,121,78,68,126,23,89,42,106,87,35,62"/><U21/><E112/><V65/><F2/><W3/><G35/><T92/><D133/><U33/><E130/><V10/><F65/><W48/><G121/><T8/><D74/><U32/><E80/><V37/><F10/><W73/><G126/><T34/><D34/><U88/><E47/><V123/><F25/><W18/><G3/><T16/><D29/><U86/><E36/><V63/><F118/><W117/><G117/><T135/><D135/><U103/><E45/><V67/><F123/><W30/><G30/><T58/><D6/><U13/><REACH who="1" step="1"/><E52/><REACH who="1" ten="250,220,250,270" step="2"/><V9/><F54/><W128/><G128/><T55/><D55/><U83/><AGARI ba="0,1" hai="7,11,13,21,24,28,32,33,83,86,88,98,103,107" machi="83" ten="20,18000,2" yaku="1,1,2,1,0,1,7,1,52,1,54,1,53,0" doraHai="96" doraHaiUra="12" who="1" fromWho="1" sc="250,-60,220,190,250,-60,270,-60" /><INIT seed="1,1,0,3,5,109" ten="190,410,190,210" oya="1" hai0="95,30,89,36,132,19,103,28,51,10,122,65,47" hai1="57,83,20,98,113,125,82,4,55,46,60,6,101" hai2="94,22,53,119,131,31,106,15,63,92,91,85,3" hai3="21,70,117,110,80,133,112,108,37,43,34,73,123"/><U71/><E113/><V116/><F3/><W72/><RYUUKYOKU type="yao9" ba="1,0" sc="190,0,410,0,190,0,210,0" hai3="21,34,37,43,70,72,73,80,108,110,112,117,123,133" /><INIT seed="1,2,0,3,4,121" ten="190,410,190,210" oya="1" hai0="47,0,34,54,84,4,103,64,134,40,74,67,71" hai1="79,21,78,122,60,22,70,75,53,92,107,9,38" hai2="131,85,62,66,129,133,65,69,76,37,104,2,113" hai3="45,90,98,96,97,101,132,8,51,43,31,110,13"/><U63/><E122/><V49/><F2/><W61/><G132/><T86/><D74/><U39/><E107/><V46/><F104/><W87/><G110/><T99/><D34/><U58/><E92/><V125/><F76/><W120/><G120/><T126/><D134/><U112/><E112/><V17/><F17/><W14/><G31/><T50/><D71/><U109/><E9/><V3/><F85/><N who="0" m="32874" /><D0/><U128/><E128/><N who="2" m="49227" /><F3/><W19/><G14/><T7/><D126/><U105/><E105/><V127/><F66/><N who="0" m="25130" /><D40/><U91/><E91/><V124/><F113/><W20/><G61/><T93/><AGARI ba="2,0" hai="4,7,47,50,54,93,99,103" m="25130,32874" machi="93" ten="30,1100,0" yaku="8,1" doraHai="121" who="0" fromWho="0" sc="190,17,410,-7,190,-5,210,-5" /><INIT seed="2,0,0,1,5,18" ten="207,403,185,205" oya="2" hai0="100,116,110,115,125,33,13,23,129,131,36,60,0" hai1="35,32,130,102,65,58,66,34,12,91,121,67,105" hai2="109,103,61,114,124,71,21,72,29,119,107,134,122" hai3="127,88,96,42,69,75,68,50,41,16,37,8,93"/><V54/><RYUUKYOKU type="yao9" ba="0,0" sc="207,0,403,0,185,0,205,0" hai2="21,29,54,61,71,72,103,107,109,114,119,122,124,134" /><INIT seed="2,1,0,2,4,79" ten="207,403,185,205" oya="2" hai0="59,119,77,126,7,122,37,88,5,102,107,35,54" hai1="81,104,23,14,45,8,134,42,71,83,64,49,31" hai2="29,61,87,105,13,28,120,116,94,133,66,19,6" hai3="53,118,43,69,30,128,97,98,38,85,21,125,10"/><V72/><F116/><W124/><G69/><T99/><D122/><U24/><E104/><V18/><F72/><W34/><G118/><T33/><D37/><U55/><E134/><V113/><F105/><W11/><G128/><T12/><D119/><U76/><E76/><V2/><F113/><W135/><G135/><T93/><D77/><U82/><E71/><V4/><F2/><W20/><G34/><T40/><D40/><U58/><E64/><V62/><F133/><W95/><G38/><T15/><D126/><U106/><E106/><V60/><F66/><W63/><G43/><T67/><D67/><U109/><E109/><V51/><F51/><W90/><G63/><T68/><D68/><U74/><E74/><V0/><F0/><W84/><G53/><T25/><D25/><U32/><E32/><V114/><F114/><W129/><G30/><N who="2" m="11881" /><F120/><W91/><REACH who="3" step="1"/><G129/><REACH who="3" ten="207,403,185,195" step="2"/><T110/><D33/><U121/><E121/><V80/><F62/><W56/><G56/><T46/><D35/><U131/><E131/><V96/><F61/><W16/><G16/><T48/><D59/><U100/><E100/><N who="2" m="60439" /><F60/><W52/><G52/><T47/><D54/><U1/><E42/><V70/><F70/><W101/><G101/><T9/><D102/><U111/><E111/><V36/><F36/><W132/><G132/><T103/><D110/><U44/><E1/><V127/><F127/><W41/><G41/><T108/><D108/><U65/><E65/><V130/><F130/><W3/><G3/><T115/><D115/><U117/><E117/><V26/><F19/><AGARI ba="1,1" hai="8,14,19,23,24,31,44,45,49,55,58,81,82,83" machi="19" ten="40,8000,1" yaku="8,1,52,3" doraHai="79" who="1" fromWho="2" sc="207,0,403,93,185,-83,195,0" /><INIT seed="3,0,0,2,1,64" ten="207,496,102,195" oya="3" hai0="88,117,77,125,2,132,7,70,63,28,10,110,126" hai1="30,54,16,58,42,48,31,66,116,79,46,74,24" hai2="135,4,25,29,90,78,86,56,8,27,55,53,109" hai3="87,95,11,13,41,43,47,36,33,128,82,22,9"/><W35/><G128/><T85/><D117/><U101/><E116/><V44/><F109/><W96/><G43/><T62/><D110/><U111/><E111/><V21/><F135/><W133/><G133/><T40/><D132/><U94/><E74/><V23/><F78/><W67/><G67/><N who="0" m="41335" /><D40/><U45/><E79/><V120/><F120/><W91/><G22/><T51/><D63/><U17/><E66/><V60/><F44/><W115/><G115/><T38/><D51/><U97/><E46/><V113/><F113/><W1/><G1/><T3/><D28/><U118/><E118/><V108/><F108/><W92/><G92/><N who="0" m="54287" /><D77/><U73/><E73/><V119/><F119/><W100/><REACH who="3" step="1"/><G11/><REACH who="3" ten="207,496,102,185" step="2"/><T18/><D2/><U71/><E71/><V69/><F69/><W84/><G84/><T105/><D10/><U59/><E58/><V19/><F56/><W121/><G121/><T15/><D3/><U32/><E31/><V39/><F29/><W93/><G93/><T130/><D130/><U83/><E83/><V99/><F8/><W89/><G89/><T103/><D105/><U80/><E80/><V131/><F131/><W37/><G37/><AGARI ba="0,1" hai="16,17,24,30,32,37,42,45,48,54,59,94,97,101" machi="37" ten="30,2000,0" yaku="7,1,54,1" doraHai="64" who="1" fromWho="3" sc="207,0,496,30,102,0,185,-20" /><INIT seed="4,0,0,2,0,81" ten="207,526,102,165" oya="0" hai0="26,100,68,129,92,16,20,40,30,98,128,87,119" hai1="101,85,42,79,91,9,122,105,29,84,3,23,5" hai2="131,66,27,15,76,118,74,75,39,55,104,25,126" hai3="108,114,82,102,73,6,109,96,65,67,115,14,0"/><T121/><D121/><U61/><E122/><V93/><F39/><W53/><G0/><T78/><D119/><U50/><E79/><V21/><F104/><W72/><G53/><T48/><D68/><U49/><E91/><V69/><F126/><W12/><G6/><T130/><D30/><U34/><E34/><V106/><F106/><W54/><G54/><T58/><D58/><U13/><E61/><V120/><F131/><W2/><G2/><T127/><D127/><U88/><E88/><V124/><F27/><W18/><G82/><N who="0" m="47575" /><D48/><U107/><E107/><V117/><F120/><W31/><G18/><T19/><D19/><U8/><E23/><V35/><F21/><W45/><G96/><T99/><D98/><U43/><E29/><V63/><F124/><W24/><G24/><T47/><D47/><U89/><E89/><V44/><F44/><W103/><G45/><T111/><D111/><U83/><E83/><V125/><F125/><W17/><G17/><T94/><D94/><U132/><E132/><V95/><F95/><W60/><REACH who="3" step="1"/><G31/><REACH who="3" ten="207,526,102,155" step="2"/><T4/><D4/><U97/><E49/><V62/><F93/><W133/><G133/><T37/><D40/><N who="1" m="15403" /><E50/><V41/><F41/><W77/><G77/><T7/><D7/><U36/><E36/><AGARI ba="0,1" hai="16,20,26,36,37,92,99,100,128,129,130" m="47575" machi="36" ten="30,5800,0" yaku="19,1,52,1,54,1" doraHai="81" who="0" fromWho="1" sc="207,68,526,-58,102,0,155,0" /><INIT seed="4,1,0,0,2,79" ten="275,468,102,155" oya="0" hai0="7,22,134,26,129,29,76,69,35,103,23,87,49" hai1="28,92,65,133,127,112,71,88,75,21,9,123,68" hai2="117,25,91,3,86,40,67,83,80,27,34,122,5" hai3="125,110,61,12,102,107,20,18,46,6,14,31,52"/><T57/><D69/><U97/><E75/><V72/><F122/><W96/><G110/><T135/><D103/><U118/><E123/><V98/><F34/><W53/><G125/><T17/><D7/><U58/><E118/><V100/><F40/><W39/><G61/><T116/><D116/><U42/><E127/><V115/><F115/><W113/><G113/><T8/><D129/><U13/><E42/><V89/><F117/><W63/><G31/><T130/><D130/><U33/><E33/><V120/><F120/><W54/><G46/><T104/><D104/><U124/><E124/><V121/><F67/><W109/><G39/><T77/><D8/><U131/><E131/><V126/><F126/><W19/><G109/><T2/><D2/><U101/><E133/><N who="0" m="50697" /><D87/><U15/><E101/><V47/><F121/><W81/><G63/><T16/><D35/><U82/><E82/><V50/><F5/><W43/><G6/><T41/><D29/><U10/><E28/><V45/><F3/><W60/><G60/><T56/><D56/><U1/><E1/><V132/><F132/><W66/><G66/><T38/><D38/><U114/><E21/><V44/><F50/><W106/><G43/><T99/><D99/><U37/><E37/><V119/><F119/><W24/><G107/><T128/><D128/><U90/><E114/><V95/><F72/><W73/><REACH who="3" step="1"/><G19/><REACH who="3" ten="275,468,102,145" step="2"/><T36/><D36/><U51/><E112/><V84/><AGARI ba="1,1" hai="25,27,44,45,47,80,83,84,86,89,91,95,98,100" machi="84" ten="30,8000,1" yaku="0,1,9,1,8,1,52,2" doraHai="79" who="2" fromWho="2" sc="275,-41,468,-21,102,93,145,-21" /><INIT seed="5,0,0,2,0,51" ten="234,447,195,124" oya="1" hai0="123,81,14,134,74,80,23,98,42,127,27,29,73" hai1="67,92,131,59,63,38,61,33,71,106,53,57,132" hai2="3,4,135,9,13,119,35,49,70,133,101,114,16" hai3="6,39,25,109,88,18,37,122,66,20,110,105,102"/><U56/><E131/><V32/><F70/><W126/><G122/><T60/><D127/><U99/><E132/><N who="2" m="50763" /><F101/><W62/><G126/><T130/><D134/><U69/><E106/><V45/><F45/><W108/><G6/><T115/><D130/><U48/><E38/><V91/><F91/><W103/><G105/><T68/><D123/><U44/><E33/><N who="2" m="12875" /><F49/><W7/><G7/><T65/><D42/><U24/><E24/><V43/><F43/><W112/><G112/><T72/><D115/><U17/><E17/><V40/><F40/><W2/><G2/><T83/><D98/><U82/><E82/><V124/><F124/><W87/><G102/><T26/><D26/><U41/><REACH who="1" step="1"/><E69/><REACH who="1" ten="234,437,195,124" step="2"/><V89/><F114/><W15/><G25/><T46/><D81/><U97/><E97/><V111/><F111/><W28/><G28/><T121/><D83/><U96/><E96/><V120/><F120/><W36/><G103/><AGARI ba="0,1" hai="41,44,48,53,56,57,59,61,63,67,71,92,99,103" machi="103" ten="30,11600,0" yaku="1,1,7,1,52,1,53,1" doraHai="51" doraHaiUra="64" who="1" fromWho="3" sc="234,0,437,126,195,0,124,-116" /><INIT seed="5,1,0,4,4,0" ten="234,563,195,8" oya="1" hai0="80,84,105,134,87,2,82,44,75,55,21,72,96" hai1="89,113,32,71,83,57,64,3,23,110,31,24,94" hai2="131,116,59,101,132,135,106,8,45,27,104,26,13" hai3="51,29,125,66,7,33,58,109,68,88,133,25,20"/><U12/><E113/><V36/><F116/><W67/><G109/><T85/><D2/><U93/><E110/><V92/><F59/><W99/><G125/><T123/><D21/><U74/><E71/><V91/><F101/><W130/><G130/><T103/><D44/><U46/><E3/><V70/><F70/><W129/><G129/><T62/><D55/><U114/><E114/><V119/><F119/><W69/><G133/><N who="2" m="51273" /><F36/><W40/><G68/><T18/><D18/><U117/><E117/><V38/><F38/><W43/><G69/><T61/><D134/><U112/><E112/><V6/><F45/><W15/><G33/><T111/><D111/><U39/><E46/><V108/><F131/><W9/><G43/><T60/><REACH who="0" step="1"/><D123/><REACH who="0" ten="224,563,195,8" step="2"/><U17/><E39/><V128/><F128/><W53/><G40/><T120/><D120/><U54/><E64/><V4/><F108/><W76/><G76/><T100/><D100/><U52/><E54/><V81/><F6/><W30/><G30/><T1/><D1/><U16/><E17/><V56/><F4/><W78/><G78/><T35/><D35/><U77/><REACH who="1" step="1"/><E89/><REACH who="1" ten="224,553,195,8" step="2"/><V124/><F91/><W10/><G10/><T73/><AGARI ba="1,2" hai="60,61,62,72,73,75,80,82,84,85,87,96,103,105" machi="73" ten="40,8000,1" yaku="1,1,0,1,29,2,53,0" doraHai="0" doraHaiUra="86" who="0" fromWho="0" sc="224,103,553,-41,195,-21,8,-21" owari="327,12.7,512,61.2,174,-22.6,-13,-51.3" /></mjloggm>