<mjloggm ver="2.3"><GO type="41" lobby="0"/><UN n0="%E5%85%A5%E9%AA%A8%E7%9B%B8%E6%80%9D%E7%9F%A5%E4%B8%8D%E7%9F%A5%78" n1="%E2%93%9D%4C%75%63%6B%79%4A" n2="%E9%A3%9B%E8%A1%8C%E3%83%9A%E3%83%B3%E3%82%AE%E3%83%B3%52%58" n3="%54%61%6D%61%78" dan="13,16,14,14" rate="1901.12,2148.95,1895.72,1855.70" sx="M,M,M,M"/><TAIKYOKU oya="0"/><INIT seed="0,0,0,5,1,13" ten="250,250,250,250" oya="0" hai0="95,41,40,42,100,74,54,47,31,93,109,111,62" hai1="71,24,51,125,128,10,38,107,1,69,48,127,34" hai2="50,22,108,119,56,21,46,123,126,115,80,19,117" hai3="67,86,90,5,102,57,52,8,63,73,72,110,76"/><T36/><D74/><U99/><E38/><V78/><F115/><W23/><G110/><N who="0" m="41995" /><D31/><U66/><E66/><V132/><F108/><W103/><G72/><T61/><D93/><U130/><E10/><V15/><F123/><W30/><G73/><T92/><D92/><U75/><E1/><V27/><F132/><W131/><G131/><N who="1" m="50218" /><E75/><N who="2" m="43103" /><F126/><N who="1" m="48137" /><E99/><V45/><F56/><W43/><G43/><N who="0" m="16459" /><D54/><U4/><E4/><V129/><F50/><N who="1" m="18985" /><E107/><V17/><F129/><W83/><G67/><T97/><AGARI ba="0,0" hai="36,42,47,61,62,95,97,100" m="16459,41995" machi="97" ten="30,3000,0" yaku="14,1,10,1" doraHai="13" who="0" fromWho="0" sc="250,30,250,-10,250,-10,250,-10" /><INIT seed="0,1,0,1,0,33" ten="280,240,240,240" oya="0" hai0="70,62,68,105,42,40,118,44,6,74,94,24,41" hai1="109,15,27,107,20,111,3,9,13,87,59,81,8" hai2="114,134,101,76,123,16,73,125,2,116,50,22,51" hai3="88,64,66,43,95,115,96,100,79,91,26,127,54"/><T131/><D105/><U32/><E59/><V49/><F114/><W37/><G115/><T7/><D74/><U21/><E107/><V85/><F116/><W4/><G127/><T128/><D118/><U112/><E87/><V117/><F123/><W86/><G4/><T53/><D24/><U30/><E81/><V14/><F117/><W77/><G37/><N who="0" m="21519" /><D94/><U71/><E71/><N who="0" m="27177" /><D6/><N who="1" m="1247" /><E112/><V48/><F125/><W29/><G43/><N who="0" m="16395" /><D7/><N who="1" m="3487" /><E21/><V56/><F73/><W34/><G77/><T69/><N who="0" m="27185" /><T36/><DORA hai="38" /><D36/><U84/><E84/><V121/><F101/><W135/><G79/><T108/><D108/><U28/><E30/><V75/><F75/><W52/><G91/><T89/><D89/><U63/><E111/><V110/><F110/><W129/><G100/><T57/><AGARI ba="1,0" hai="53,57,62,128,131" m="16395,27185,21519" machi="57" ten="50,18000,2" yaku="34,2,52,4" doraHai="33,38" who="0" fromWho="0" sc="280,183,240,-61,240,-61,240,-61" /><INIT seed="0,2,0,5,2,1" ten="463,179,179,179" oya="0" hai0="26,34,91,57,19,120,47,90,99,11,38,111,56" hai1="88,102,61,59,118,6,53,89,45,121,79,85,133" hai2="71,10,32,67,84,2,22,119,80,124,37,54,29" hai3="134,21,117,77,123,48,129,66,36,103,95,114,97"/><T58/><D120/><U46/><E121/><V130/><F37/><W60/><G117/><T73/><D73/><U16/><E118/><V20/><F119/><W83/><G123/><T3/><D111/><U75/><E75/><V132/><F130/><W112/><G129/><T33/><D99/><U94/><E133/><V128/><F128/><W93/><G134/><T106/><D106/><U108/><E108/><V7/><F132/><W64/><G36/><T35/><D38/><U4/><E79/><V105/><F105/><W70/><G64/><T87/><D47/><N who="1" m="17931" /><E102/><V13/><F124/><W52/><G21/><T30/><D91/><U109/><E109/><V39/><F39/><W14/><G14/><T81/><D3/><U31/><E31/><V96/><F96/><W100/><G95/><T116/><D116/><U135/><E135/><V55/><F67/><W113/><G103/><T126/><D126/><U18/><E89/><V92/><F92/><W62/><G62/><T40/><D40/><U23/><E18/><N who="2" m="10319" /><F22/><W15/><G15/><AGARI ba="2,0" hai="4,6,15,16,23,53,59,61,85,88,94" m="17931" machi="15" ten="30,8000,1" yaku="8,1,52,2,54,2" doraHai="1" who="1" fromWho="3" sc="463,0,179,86,179,0,179,-86" /><INIT seed="1,0,0,1,2,7" ten="463,265,179,93" oya="1" hai0="123,50,106,64,71,120,0,11,132,25,60,122,66" hai1="90,93,58,84,80,104,37,115,48,22,5,51,33" hai2="18,8,102,65,26,59,23,14,39,31,29,2,101" hai3="27,73,79,99,9,70,113,74,38,124,20,77,105"/><U82/><E33/><V130/><F39/><W36/><G9/><T72/><D72/><U125/><E104/><V98/><F130/><W119/><G119/><T12/><D106/><U19/><E115/><V10/><F2/><W3/><G20/><T46/><D132/><U56/><E125/><V126/><F126/><W109/><G27/><T16/><D0/><U30/><E37/><V28/><F98/><W86/><G86/><T81/><D81/><N who="1" m="31339" /><E30/><V43/><F43/><W76/><G124/><T21/><D66/><U95/><E5/><V97/><F97/><W75/><G113/><T85/><D85/><U32/><E32/><V107/><F107/><W127/><G127/><T49/><REACH who="0" step="1"/><D46/><REACH who="0" ten="453,265,179,93" step="2"/><U108/><E95/><V111/><F111/><W83/><G109/><T40/><D40/><U91/><E108/><V96/><F96/><W103/><G3/><T100/><D100/><N who="2" m="38506" /><F26/><W55/><G83/><T134/><D134/><U68/><E84/><V133/><F133/><W42/><G42/><T41/><D41/><U44/><E44/><V116/><F116/><W13/><G36/><T112/><D112/><U45/><E45/><V35/><F35/><W4/><G38/><T110/><D110/><U47/><E47/><V61/><AGARI ba="0,1" hai="8,10,14,18,23,28,29,31,59,61,65" m="38506" machi="61" ten="30,4000,0" yaku="8,1,52,2" doraHai="7" who="2" fromWho="2" sc="453,-10,265,-20,179,50,93,-10" /><INIT seed="2,0,0,4,4,99" ten="443,245,229,83" oya="2" hai0="122,56,24,40,21,134,9,96,58,67,73,11,124" hai1="39,116,63,133,4,6,12,72,70,94,103,3,100" hai2="61,82,49,106,83,62,52,13,80,2,60,117,43" hai3="131,115,76,22,81,8,32,135,55,86,14,118,114"/><V16/><F106/><W75/><G118/><T45/><D122/><U132/><E116/><V110/><F117/><W42/><G42/><T65/><D73/><U35/><E35/><V78/><F2/><W87/><G32/><T88/><D124/><U128/><E72/><V112/><F112/><N who="3" m="43051" /><G131/><T127/><D127/><U74/><E74/><V85/><F43/><W26/><G135/><N who="1" m="51786" /><E39/><V48/><F48/><W109/><G109/><T79/><D79/><U44/><E94/><V126/><F110/><W20/><G55/><T104/><D134/><U102/><E3/><V38/><F38/><W64/><G64/><N who="0" m="24651" /><D104/><U19/><E44/><N who="2" m="27687" /><F126/><W95/><G95/><N who="0" m="56423" /><D40/><U7/><E128/><V28/><F28/><N who="3" m="17479" /><G22/><AGARI ba="0,0" hai="13,16,22,60,61,62,78,80,82,83,85" m="27687" machi="22" ten="30,5800,0" yaku="8,1,54,2" doraHai="99" who="2" fromWho="3" sc="443,0,245,0,229,58,83,-58" /><INIT seed="2,1,0,3,1,11" ten="443,245,287,25" oya="2" hai0="42,33,132,76,87,13,40,90,105,61,101,57,92" hai1="74,59,135,94,118,46,0,7,22,31,28,63,52" hai2="120,2,115,125,117,114,20,66,29,107,30,85,55" hai3="131,95,21,3,4,109,77,104,25,121,71,81,123"/><V27/><F107/><W62/><G62/><T67/><D33/><U108/><E118/><V10/><F66/><W83/><G83/><BYE who="3" /><N who="0" m="47591" /><D132/><U70/><E108/><V113/><F85/><W53/><G53/><T91/><D105/><U89/><E74/><V129/><F55/><W99/><G99/><N who="0" m="59623" /><D13/><U130/><E130/><V75/><F75/><W12/><G12/><T34/><D34/><U64/><E135/><V48/><F48/><W80/><G80/><T133/><D133/><U32/><E32/><N who="2" m="20543" /><F117/><W1/><G1/><T128/><D128/><U18/><E0/><V49/><F49/><W36/><G36/><T6/><D6/><U98/><E7/><N who="2" m="1399" /><F129/><W127/><G127/><T72/><D72/><U14/><REACH who="1" step="1"/><E46/><REACH who="1" ten="443,235,287,25" step="2"/><V65/><F125/><W78/><G78/><T47/><D47/><U112/><E112/><V88/><F65/><W26/><G26/><T126/><D126/><U50/><AGARI ba="1,1" hai="14,18,22,28,31,50,52,59,63,64,70,89,94,98" machi="50" ten="20,8000,1" yaku="1,1,0,1,7,1,52,1,54,1,53,0" doraHai="11" doraHaiUra="69" who="1" fromWho="1" sc="443,-21,235,93,287,-41,25,-21" /><INIT seed="3,0,0,4,5,68" ten="422,328,246,4" oya="3" hai0="57,101,53,25,0,100,63,18,111,107,124,93,43" hai1="41,75,12,67,86,58,71,20,99,39,118,8,38" hai2="31,130,129,59,87,89,2,72,32,37,28,113,79" hai3="77,7,54,33,51,90,104,23,102,96,16,114,30"/><W73/><G73/><T74/><D74/><U120/><E75/><V92/><F113/><W69/><G69/><T10/><D111/><U44/><E120/><V78/><F2/><W83/><G83/><T112/><D124/><U56/><E20/><V4/><F4/><W1/><G1/><T116/><D116/><U62/><E99/><V103/><F103/><W115/><G115/><T14/><D112/><U123/><E123/><V85/><F72/><W64/><G64/><T13/><D107/><U24/><E24/><V108/><F108/><W52/><G52/><T22/><D43/><U49/><E86/><V21/><F32/><W46/><G46/><T122/><D122/><U50/><E12/><V88/><F59/><N who="1" m="22569" /><E8/><V76/><F37/><N who="1" m="13833" /><E118/><V84/><F21/><W125/><G125/><T11/><D0/><U17/><E17/><V5/><F5/><W132/><G132/><T95/><D95/><U134/><E134/><V60/><F60/><W117/><G117/><T66/><D93/><U106/><E106/><V15/><F15/><W80/><G80/><T48/><D100/><U36/><AGARI ba="0,0" hai="36,41,44,49,50,62,67,71" m="13833,22569" machi="36" ten="30,16000,3" yaku="35,5,52,4" doraHai="68" who="1" fromWho="1" sc="422,-40,328,160,246,-40,4,-80" owari="382,18.2,488,58.8,206,-19.4,-76,-57.6" /></mjloggm>