<mjloggm ver="2.3"><GO type="41" lobby="0"/><UN n0="%E2%93%9D%4C%75%63%6B%79%4A" n1="%6E%61%6F%7A%6F%36%37%35" n2="%E3%81%82%E3%81%91%E3%81%B3%E3%81%93%E3%81%BF%E3%81%A1" n3="%E3%81%99%E3%83%BC%E3%82%84%E3%82%93%31%32%31%32" dan="18,13,13,13" rate="2172.42,1870.08,1867.57,1835.06" sx="M,M,F,M"/><TAIKYOKU oya="0"/><INIT seed="0,0,0,2,0,62" ten="250,250,250,250" oya="0" hai0="56,94,126,72,66,116,2,91,131,77,15,79,3" hai1="22,49,54,123,93,39,30,19,47,106,1,17,32" hai2="35,18,127,8,75,51,44,31,130,0,103,109,81" hai3="4,33,73,37,68,45,89,20,23,101,16,36,82"/><T125/><D116/><U134/><E123/><V88/><F103/><W11/><G68/><T43/><D43/><U74/><E134/><V55/><F75/><W95/><G33/><T84/><D15/><U114/><E106/><V135/><F135/><W107/><G23/><T90/><D131/><U10/><E114/><V124/><F0/><W119/><G119/><T71/><D71/><U57/><E74/><V52/><F55/><W86/><G45/><T120/><D120/><U78/><E78/><N who="0" m="29705" /><D91/><U118/><E118/><V46/><F46/><W14/><G107/><T13/><D13/><U133/><E133/><V122/><F122/><W9/><G9/><T67/><D72/><U7/><E32/><V63/><F63/><W92/><G73/><T102/><D102/><U28/><E19/><V6/><F6/><W87/><G101/><T59/><D59/><U112/><E112/><V128/><F35/><W132/><G132/><T38/><D38/><U61/><E93/><V48/><F48/><W96/><G95/><T41/><D41/><U98/><E39/><V110/><F31/><W100/><G87/><T12/><D12/><AGARI ba="0,0" hai="4,11,12,14,16,20,36,37,82,86,89,92,96,100" machi="12" ten="30,2000,0" yaku="7,1,54,1" doraHai="62" who="3" fromWho="0" sc="250,-20,250,0,250,0,250,20" /><INIT seed="1,0,0,4,1,95" ten="230,250,250,270" oya="1" hai0="75,18,109,24,19,64,102,36,29,115,16,7,9" hai1="97,2,32,4,62,50,135,84,134,61,105,42,89" hai2="122,82,130,91,94,68,129,87,46,128,133,59,12" hai3="77,11,74,103,119,51,116,21,3,71,23,31,1"/><U26/><E4/><V60/><F122/><W10/><G71/><T99/><D115/><U65/><E2/><V107/><F68/><W58/><G77/><T20/><D36/><U98/><E105/><V43/><F107/><W73/><G103/><T15/><D75/><U92/><E50/><V78/><F12/><W108/><G51/><T118/><D118/><N who="3" m="45097" /><G58/><T104/><D109/><U14/><E14/><V120/><F120/><W56/><G56/><T101/><D102/><U67/><E42/><V41/><F46/><W17/><G108/><T54/><D54/><U123/><E123/><V80/><F133/><N who="1" m="50697" /><E26/><V112/><F112/><W70/><G70/><T44/><D44/><U28/><E28/><V55/><REACH who="2" step="1"/><F82/><REACH who="2" ten="230,250,240,270" step="2"/><W39/><G39/><T47/><D47/><U45/><E45/><V0/><F0/><W125/><G3/><T66/><AGARI ba="0,1" hai="7,9,15,16,18,19,20,24,29,64,66,99,101,104" machi="66" ten="30,4000,0" yaku="0,1,52,1,54,1" doraHai="95" who="0" fromWho="0" sc="230,50,250,-20,240,-10,270,-10" /><INIT seed="2,0,0,1,1,46" ten="280,230,230,260" oya="2" hai0="8,108,28,41,126,96,124,78,90,72,79,56,48" hai1="130,115,55,110,22,45,39,73,67,66,75,103,119" hai2="64,105,11,30,31,107,97,63,125,42,81,18,93" hai3="51,29,127,19,114,20,133,128,38,47,76,116,6"/><V26/><F125/><N who="0" m="48234" /><D28/><U14/><E130/><V129/><F129/><W94/><G38/><T25/><D25/><U3/><E110/><V4/><F31/><W62/><G116/><T91/><D8/><U58/><E119/><V36/><F81/><W98/><G128/><T35/><D35/><U7/><E115/><V117/><F117/><W5/><G133/><T12/><D12/><U74/><E103/><V27/><F27/><W9/><G114/><T85/><D72/><U50/><E3/><V113/><F113/><W112/><G76/><N who="0" m="29227" /><D96/><U69/><E22/><V52/><F30/><W88/><G112/><T1/><D1/><U80/><E80/><V131/><F131/><W13/><G127/><T23/><D23/><U95/><E95/><V15/><F36/><W33/><G33/><T0/><D0/><U121/><E121/><V17/><F64/><W34/><G34/><T87/><D41/><U101/><E101/><V109/><F42/><N who="3" m="25079" /><G62/><T134/><D108/><U24/><E24/><AGARI ba="0,0" hai="5,6,9,13,19,20,24,29,88,94,98" m="25079" machi="24" ten="30,3900,0" yaku="8,1,52,1,54,1" doraHai="46" who="3" fromWho="1" sc="280,0,230,-39,230,0,260,39" /><INIT seed="3,0,0,1,5,72" ten="280,191,230,299" oya="3" hai0="49,78,48,36,113,56,52,32,20,133,61,104,107" hai1="100,25,53,83,4,17,87,114,124,30,89,129,50" hai2="58,99,22,95,64,14,73,6,5,111,66,44,34" hai3="15,37,134,115,46,54,84,35,82,47,112,103,12"/><W76/><G35/><T94/><D32/><U69/><E129/><V125/><F73/><W23/><G134/><T9/><D36/><U121/><E124/><V131/><F111/><W18/><G37/><T1/><D133/><U122/><E114/><V96/><F34/><W109/><G103/><T101/><D113/><U128/><E128/><V80/><F131/><W116/><G116/><T77/><D1/><U70/><E100/><V85/><F125/><W102/><G102/><T11/><D107/><U123/><E4/><V45/><F22/><W26/><G109/><T90/><D104/><U98/><E98/><V0/><F0/><W92/><G115/><T105/><D105/><U31/><E31/><V40/><F95/><W60/><G112/><T38/><D38/><U79/><E30/><V3/><F3/><W63/><G92/><T110/><D20/><U97/><E25/><V71/><F71/><W126/><G126/><T33/><D33/><U68/><E17/><V16/><F58/><N who="3" m="34903" /><G63/><T21/><D21/><U130/><E130/><V81/><F85/><W135/><G135/><T39/><D39/><U8/><E8/><N who="0" m="3145" /><D101/><U27/><E27/><V88/><F14/><AGARI ba="0,0" hai="12,14,15,18,23,26,46,47,76,82,84" m="34903" machi="14" ten="30,2900,0" yaku="8,1,52,1" doraHai="72" who="3" fromWho="2" sc="280,0,191,0,230,-29,299,29" /><INIT seed="3,1,0,3,4,4" ten="280,191,201,328" oya="3" hai0="35,3,53,37,101,63,83,40,100,113,47,115,117" hai1="34,92,22,106,31,96,38,36,39,134,18,82,24" hai2="0,74,23,1,111,48,76,122,64,125,12,32,80" hai3="133,6,119,84,86,68,21,27,114,58,132,60,98"/><W5/><G68/><T107/><D35/><U14/><E134/><N who="3" m="51818" /><G119/><T126/><D117/><U103/><E82/><V43/><F32/><W66/><G114/><N who="0" m="43531" /><D3/><U26/><REACH who="1" step="1"/><E26/><REACH who="1" ten="280,181,201,328" step="2"/><V99/><F122/><W116/><G116/><T62/><D83/><U46/><E46/><V71/><F125/><W10/><G98/><T87/><D126/><U20/><E20/><V90/><F23/><W123/><G123/><T118/><D47/><U93/><AGARI ba="1,1" hai="14,18,22,24,31,34,36,38,39,92,93,96,103,106" machi="93" ten="40,2700,0" yaku="1,1,0,1,53,0" doraHai="4" doraHaiUra="128" who="1" fromWho="1" sc="280,-8,181,40,201,-8,328,-14" /><INIT seed="4,0,0,4,0,80" ten="272,221,193,314" oya="0" hai0="19,96,64,62,84,123,10,100,132,59,101,130,108" hai1="52,107,72,45,66,50,97,31,32,13,109,121,15" hai2="12,118,43,83,57,5,69,26,25,134,89,113,133" hai3="70,38,29,85,92,75,37,128,9,63,6,24,103"/><T30/><D123/><U82/><E109/><V119/><F69/><W117/><G75/><T4/><D108/><U78/><E121/><V8/><F43/><W90/><G117/><N who="2" m="44553" /><F57/><W3/><G128/><T22/><D132/><N who="2" m="50794" /><F83/><W60/><G103/><T21/><D130/><U112/><E112/><V67/><F67/><W93/><G93/><T73/><D73/><U44/><E44/><V39/><BYE who="1" /><F39/><W46/><G70/><T102/><D30/><U42/><E42/><V20/><F89/><W14/><G3/><UN n1="%6E%61%6F%7A%6F%36%37%35" /><T76/><D19/><U87/><E72/><V23/><F113/><W34/><G46/><T135/><D96/><U99/><E66/><V86/><F86/><W98/><G98/><T53/><D135/><U88/><E107/><V17/><F23/><W81/><G81/><N who="0" m="47143" /><D64/><U74/><E32/><V35/><F35/><W41/><REACH who="3" step="1"/><G41/><REACH who="3" ten="272,221,193,304" step="2"/><T120/><D120/><U2/><E2/><AGARI ba="0,1" hai="2,5,8,12,17,20,25,26" m="50794,44553" machi="2" ten="30,7700,0" yaku="12,1,20,1,34,2" doraHai="80" who="2" fromWho="1" sc="272,0,221,-77,193,87,304,0" /><INIT seed="5,0,0,4,5,7" ten="272,144,280,304" oya="1" hai0="61,31,111,117,106,12,8,122,125,45,50,70,23" hai1="78,27,105,52,63,6,133,22,2,109,3,128,90" hai2="30,87,29,92,57,96,5,21,54,116,11,35,16" hai3="14,71,51,80,77,102,103,43,130,42,99,134,115"/><U59/><E133/><V65/><F116/><W66/><G115/><T37/><D111/><U88/><E128/><V101/><F35/><W64/><G71/><T75/><D75/><U49/><E105/><V72/><F72/><W84/><G134/><T114/><D37/><U135/><E135/><V104/><F65/><N who="3" m="25195" /><G130/><T82/><D125/><U55/><E78/><V124/><F124/><W95/><G103/><T113/><D61/><U67/><E55/><V38/><F38/><W76/><G76/><T73/><D122/><U40/><E40/><V89/><F104/><W108/><G108/><T28/><D117/><U74/><E74/><V83/><F83/><W129/><G129/><T69/><D82/><U110/><E3/><V36/><F36/><W1/><G1/><T24/><D31/><N who="1" m="17911" /><E6/><V127/><F127/><W44/><G14/><T131/><D106/><U41/><E2/><V17/><F101/><W4/><G4/><N who="0" m="3079" /><D73/><U20/><E110/><V93/><F93/><W34/><G34/><T123/><D123/><U60/><E109/><V132/><F132/><W26/><G26/><T98/><D131/><U32/><E32/><V47/><F5/><W120/><G120/><T107/><D107/><U25/><E41/><AGARI ba="0,0" hai="41,42,43,44,51,77,80,84,95,99,102" m="25195" machi="41" ten="30,1000,0" yaku="8,1" doraHai="7" who="3" fromWho="1" sc="272,0,144,-10,280,0,304,10" /><INIT seed="6,0,0,5,1,74" ten="272,134,280,314" oya="2" hai0="6,132,100,61,0,117,77,48,22,81,55,95,118" hai1="89,36,76,120,60,8,91,107,82,124,53,73,134" hai2="29,109,38,72,33,40,20,64,1,103,121,45,116" hai3="85,3,44,75,12,88,2,5,70,21,83,47,59"/><V128/><F121/><W68/><G75/><T96/><D61/><U52/><E134/><V25/><F116/><N who="0" m="44650" /><D22/><U50/><E124/><V18/><F109/><W127/><G127/><T43/><D43/><U133/><E133/><V99/><F72/><W51/><G47/><N who="0" m="28063" /><D132/><U16/><E120/><V79/><F1/><W101/><G3/><T14/><D14/><N who="1" m="7239" /><E36/><V130/><F64/><W90/><G2/><T32/><D32/><U108/><E108/><V71/><F71/><W11/><G101/><T92/><D6/><U111/><E73/><V112/><F112/><W41/><G90/><N who="1" m="34314" /><E107/><V49/><F38/><W27/><G59/><T28/><D28/><AGARI ba="0,0" hai="5,11,12,21,27,28,41,44,51,68,70,83,85,88" machi="28" ten="30,2000,0" yaku="7,1,54,1" doraHai="74" who="3" fromWho="0" sc="272,-20,134,0,280,0,314,20" /><INIT seed="7,0,0,5,1,62" ten="252,134,280,334" oya="3" hai0="117,110,123,94,109,50,90,108,99,44,71,2,12" hai1="118,21,37,69,130,8,67,124,35,115,131,82,57" hai2="5,97,127,135,105,98,93,15,28,1,39,111,95" hai3="86,4,132,102,27,34,120,49,38,0,16,20,128"/><W68/><G38/><T107/><D123/><U89/><E37/><V48/><F111/><W84/><G120/><T18/><D2/><U122/><E122/><V92/><F135/><W73/><G73/><T103/><D71/><U9/><E69/><V83/><F127/><W87/><G132/><T65/><D117/><U30/><E21/><V79/><F105/><W74/><G74/><T32/><D32/><U106/><E57/><V58/><F1/><W88/><G68/><T60/><D60/><U14/><E14/><V11/><F28/><W126/><G126/><T19/><D65/><U51/><E124/><V42/><F39/><W7/><G34/><T119/><D119/><U63/><E63/><V6/><F6/><N who="3" m="2091" /><G0/><T101/><D107/><U31/><E35/><V104/><F104/><W78/><G128/><T59/><D59/><U25/><E106/><V129/><F129/><W22/><G78/><T52/><REACH who="0" step="1"/><D19/><REACH who="0" ten="242,134,280,334" step="2"/><U53/><E118/><V33/><F33/><W26/><G102/><T36/><D36/><U10/><E10/><AGARI ba="0,1" hai="10,12,18,44,50,52,90,94,99,101,103,108,109,110" machi="10" ten="40,2600,0" yaku="1,1,54,1,53,0" doraHai="62" doraHaiUra="29" who="0" fromWho="1" sc="242,36,134,-26,280,0,334,0" owari="278,-12.2,108,-39.2,280,8.0,334,43.4" /></mjloggm>