<mjloggm ver="2.3"><GO type="41" lobby="0"/><UN n0="%E3%81%95%E3%81%A8%EF%BC%95%EF%BC%90%EF%BC%90" n1="%E2%93%9D%4C%75%63%6B%79%4A" n2="%4D%41%4B%4B%45%49" n3="%50%75%64%64%69%6E%67" dan="15,14,13,15" rate="2003.42,2101.83,1906.55,1982.67" sx="M,M,M,F"/><TAIKYOKU oya="0"/><INIT seed="0,0,0,5,0,69" ten="250,250,250,250" oya="0" hai0="5,88,96,60,32,105,132,123,59,47,81,28,4" hai1="79,46,9,121,48,24,118,50,74,127,61,135,56" hai2="13,125,113,131,16,51,63,0,57,104,66,107,68" hai3="30,106,19,53,109,34,117,7,95,126,103,8,129"/><T100/><D123/><U2/><E121/><V94/><F0/><W49/><G117/><T27/><D132/><U21/><E135/><V134/><F113/><W42/><G129/><T119/><D119/><U78/><E118/><V12/><F131/><W133/><G133/><T84/><REACH who="0" step="1"/><D47/><REACH who="0" ten="240,250,250,250" step="2"/><U22/><E46/><V33/><F134/><W83/><G126/><T25/><D25/><U120/><E24/><V29/><F125/><W10/><G109/><T23/><D23/><U43/><E22/><V14/><F33/><W44/><G34/><T82/><D82/><U18/><E21/><V71/><F29/><W40/><G83/><T64/><AGARI ba="0,1" hai="4,5,27,28,32,59,60,64,81,84,88,96,100,105" machi="64" ten="20,12000,1" yaku="1,1,0,1,7,1,54,1,53,1" doraHai="69" doraHaiUra="58" who="0" fromWho="0" sc="240,130,250,-40,250,-40,250,-40" /><INIT seed="0,1,0,0,3,105" ten="370,210,210,210" oya="0" hai0="46,131,27,60,54,132,119,58,71,62,94,57,123" hai1="61,102,24,135,29,36,12,98,89,129,101,10,99" hai2="17,19,38,78,45,55,50,65,6,81,87,121,21" hai3="13,9,104,68,34,106,64,85,5,25,122,88,67"/><T48/><D123/><U15/><E36/><V53/><F121/><W113/><G122/><T107/><D107/><U14/><E135/><V43/><F6/><W92/><G113/><T114/><D114/><U66/><E129/><V18/><F65/><W111/><G111/><T22/><D119/><U74/><E89/><V39/><F39/><W42/><G42/><T37/><D131/><U49/><E49/><V30/><F30/><W109/><G109/><T83/><D83/><U1/><E1/><V91/><F21/><W26/><G67/><N who="0" m="41447" /><D22/><U77/><E10/><V47/><F55/><W79/><G79/><T120/><D94/><U8/><E8/><V59/><F59/><N who="0" m="22538" /><D27/><U20/><E102/><V11/><REACH who="2" step="1"/><F78/><REACH who="2" ten="370,210,200,210" step="2"/><W95/><G64/><T86/><D120/><U63/><E66/><V127/><F127/><W56/><G56/><T82/><D37/><U103/><E63/><V3/><F3/><W133/><G5/><T72/><D62/><U96/><REACH who="1" step="1"/><E61/><REACH who="1" ten="370,200,200,210" step="2"/><V118/><F118/><W41/><G9/><AGARI ba="1,2" hai="9,11,17,18,19,38,43,45,47,50,53,81,87,91" machi="9" ten="40,1300,0" yaku="1,1,53,0" doraHai="105" doraHaiUra="124" who="2" fromWho="3" sc="370,0,200,0,200,36,210,-16" /><INIT seed="1,0,0,4,5,9" ten="370,200,236,194" oya="1" hai0="58,119,100,117,85,53,103,42,132,118,111,60,40" hai1="21,116,3,90,68,64,66,123,14,105,113,99,67" hai2="4,74,81,77,94,54,108,1,65,124,121,72,51" hai3="22,24,89,102,50,12,62,34,133,131,33,128,38"/><U101/><E113/><V83/><F121/><W36/><G133/><T82/><D111/><U114/><E114/><V7/><F65/><W2/><G2/><T88/><REACH who="0" step="1"/><D132/><REACH who="0" ten="360,200,236,194" step="2"/><U52/><E123/><V78/><F108/><W70/><G102/><AGARI ba="0,1" hai="40,42,53,58,60,82,85,88,100,102,103,117,118,119" machi="102" ten="40,5200,0" yaku="1,1,2,1,54,1,53,0" doraHai="9" doraHaiUra="19" who="0" fromWho="3" sc="360,62,200,0,236,0,194,-52" /><INIT seed="2,0,0,4,4,24" ten="422,200,236,142" oya="2" hai0="104,73,3,23,70,5,111,33,130,125,109,102,131" hai1="32,36,115,31,97,63,86,43,62,100,120,65,91" hai2="135,15,112,54,42,119,21,96,38,133,110,52,90" hai3="106,114,4,22,13,124,58,19,53,26,6,113,118"/><V85/><F112/><N who="3" m="43115" /><G106/><T76/><D70/><U45/><E115/><V10/><F119/><W75/><G75/><T79/><D125/><U84/><E120/><V41/><F96/><W37/><G37/><T77/><D23/><U129/><E129/><N who="0" m="49161" /><D33/><U127/><E63/><V68/><F68/><W20/><G118/><T51/><D51/><U0/><E0/><V39/><F21/><W1/><G124/><T101/><D5/><N who="3" m="2153" /><G58/><T81/><D3/><U25/><E91/><V134/><F110/><N who="0" m="41994" /><D104/><U93/><REACH who="1" step="1"/><E127/><REACH who="1" ten="422,190,236,142" step="2"/><V105/><F105/><W9/><G53/><N who="2" m="20585" /><F41/><W98/><G1/><T74/><D81/><U89/><E89/><V69/><F42/><W28/><G98/><T99/><D99/><U40/><E40/><V27/><F69/><AGARI ba="0,1" hai="25,31,32,36,43,45,62,65,69,84,86,93,97,100" machi="69" ten="30,3900,0" yaku="1,1,7,1,52,1,53,0" doraHai="24" doraHaiUra="50" who="1" fromWho="2" sc="422,0,190,49,236,-39,142,0" /><INIT seed="3,0,0,3,2,95" ten="422,239,197,142" oya="3" hai0="36,126,129,83,29,39,49,131,41,47,24,4,132" hai1="106,5,13,70,33,14,34,66,43,96,118,88,15" hai2="20,89,78,87,23,111,6,65,99,58,21,57,134" hai3="54,64,110,44,3,55,63,26,104,86,94,79,124"/><W123/><G123/><T28/><D126/><U91/><E43/><V45/><F111/><W0/><G110/><T31/><D132/><U84/><E5/><V71/><F134/><W107/><G124/><T121/><D121/><U93/><E118/><V42/><F6/><W59/><G26/><T109/><D4/><U112/><E112/><V32/><F32/><W62/><G79/><T25/><D83/><U11/><E11/><V18/><F71/><W108/><G108/><T69/><D69/><U102/><REACH who="1" step="1"/><E91/><REACH who="1" ten="422,229,197,142" step="2"/><V120/><F120/><W30/><G0/><T53/><D109/><U82/><E82/><V97/><F78/><W51/><G3/><T98/><D41/><U92/><E92/><N who="2" m="54335" /><F18/><W125/><G125/><T7/><D7/><U16/><E16/><V130/><F130/><W56/><G30/><T52/><D31/><U9/><E9/><V73/><F73/><W117/><G117/><T133/><D29/><U27/><E27/><V1/><F1/><W80/><G80/><T17/><D24/><U8/><E8/><V90/><F90/><W35/><G35/><T37/><D25/><U61/><AGARI ba="0,1" hai="13,14,15,33,34,61,66,70,84,88,93,96,102,106" machi="61" ten="30,7900,0" yaku="1,1,0,1,52,1,54,1,53,0" doraHai="95" doraHaiUra="135" who="1" fromWho="1" sc="422,-20,229,89,197,-20,142,-39" /><INIT seed="4,0,0,3,3,56" ten="402,318,177,103" oya="0" hai0="99,116,102,19,41,118,5,16,85,32,9,47,135" hai1="70,8,30,13,2,27,24,68,114,34,39,64,33" hai2="117,96,71,35,59,60,46,75,91,87,42,1,98" hai3="134,90,77,54,103,119,100,25,10,26,61,94,52"/><T73/><D73/><U74/><E39/><V128/><F1/><W113/><G119/><T115/><D32/><U129/><E74/><V69/><F75/><W7/><G134/><T110/><D115/><U108/><E64/><V51/><F35/><W50/><G113/><T83/><D135/><U38/><E38/><V124/><F124/><W104/><G77/><T82/><D110/><U95/><E95/><V62/><F128/><W31/><G104/><T22/><D118/><U20/><E70/><V43/><F117/><W65/><G103/><T111/><D111/><U86/><E86/><V44/><F59/><W29/><G100/><T88/><D83/><U107/><E68/><V3/><F3/><W11/><G65/><T53/><D116/><U48/><E48/><N who="2" m="26647" /><F69/><W109/><G109/><T123/><D53/><U4/><E107/><V37/><F37/><W6/><G50/><N who="0" m="26991" /><D123/><U58/><E114/><V36/><F36/><W84/><G94/><N who="0" m="58743" /><D22/><N who="1" m="15735" /><E108/><V120/><F120/><W125/><G84/><T92/><D92/><U66/><E129/><V127/><F71/><W14/><G125/><T106/><D106/><U21/><E66/><V93/><F127/><W17/><G90/><T78/><D78/><U79/><E79/><V132/><F132/><W126/><G126/><T89/><D89/><U80/><E80/><V40/><F43/><W81/><G81/><T131/><D131/><U112/><E112/><V45/><F46/><W76/><G76/><T121/><D121/><U28/><E58/><V63/><AGARI ba="0,0" hai="40,45,51,60,62,63,87,91,93,96,98" m="26647" machi="63" ten="30,7900,0" yaku="8,1,52,3" doraHai="56" who="2" fromWho="2" sc="402,-39,318,-20,177,79,103,-20" /><INIT seed="5,0,0,5,4,134" ten="363,298,256,83" oya="1" hai0="90,64,62,81,70,121,24,114,91,66,126,71,47" hai1="60,12,73,100,82,13,113,80,33,18,111,21,30" hai2="11,76,5,41,0,65,15,89,26,104,129,17,56" hai3="68,16,99,28,128,3,86,9,69,54,96,31,94"/><U55/><E111/><V97/><F129/><W123/><G123/><T77/><D114/><U102/><E33/><V43/><F76/><W7/><G128/><T48/><D121/><U93/><E30/><V42/><F65/><W29/><G54/><T50/><D126/><U19/><E73/><V79/><F79/><W122/><G122/><T78/><D24/><U74/><E74/><V8/><F56/><W112/><G112/><T108/><D47/><U109/><E109/><V45/><F26/><W40/><G40/><T2/><D2/><U98/><E102/><V116/><F116/><W58/><G58/><T88/><D108/><U6/><E6/><V57/><F57/><W72/><G72/><T125/><D125/><U131/><E131/><V27/><F27/><W39/><G39/><T44/><D81/><U117/><E117/><V1/><F0/><W38/><G38/><T36/><D36/><U14/><E14/><V53/><F53/><W103/><G86/><T59/><D50/><U127/><E127/><V130/><F130/><W105/><REACH who="3" step="1"/><G16/><REACH who="3" ten="363,298,256,73" step="2"/><T49/><D59/><N who="1" m="34943" /><E113/><V32/><F45/><W25/><G25/><T75/><D75/><U132/><E132/><V87/><F32/><W110/><G110/><T4/><D44/><U92/><E19/><V106/><F97/><W95/><G95/><T115/><D115/><U124/><E124/><V119/><F119/><W20/><G20/><T67/><D71/><U83/><E93/><N who="2" m="54463" /><F106/><W37/><G37/><T135/><D70/><U107/><E107/><V63/><F104/><W85/><G85/><T118/><D118/><RYUUKYOKU ba="0,1" sc="363,-30,298,10,256,10,73,10" hai1="12,13,18,21,80,82,83,92,98,100" hai2="1,5,8,11,15,17,41,42,43,63" hai3="3,7,9,28,29,31,68,69,94,96,99,103,105" /><INIT seed="5,1,1,5,3,84" ten="333,308,266,83" oya="1" hai0="125,27,12,75,108,78,59,1,127,110,72,135,89" hai1="41,100,131,35,29,107,13,26,105,18,69,70,38" hai2="76,4,46,85,118,102,42,91,104,123,111,62,122" hai3="51,39,40,14,34,79,5,19,90,82,11,30,68"/><U87/><E131/><V132/><F4/><W66/><G39/><T15/><D1/><U8/><E100/><V95/><F62/><W55/><G40/><T2/><D2/><U3/><E87/><V81/><F132/><W20/><G68/><T57/><D135/><U33/><E35/><V65/><F65/><W0/><G66/><T28/><D89/><U67/><E3/><V112/><F111/><W63/><G63/><T96/><D96/><U106/><REACH who="1" step="1"/><E67/><REACH who="1" ten="333,298,266,83" step="2"/><V134/><F134/><W10/><G34/><N who="0" m="20767" /><D110/><U80/><E80/><V60/><F60/><W86/><G79/><T53/><D108/><U114/><E114/><V21/><F112/><W116/><G116/><T61/><D75/><U23/><E23/><V120/><F118/><W73/><G73/><T49/><D72/><U83/><E83/><V121/><F21/><W16/><G30/><T54/><D78/><U24/><E24/><V97/><F122/><W126/><G126/><AGARI ba="1,2" hai="12,15,49,53,54,57,59,61,125,126,127" m="20767" machi="126" ten="30,1000,0" yaku="18,1" doraHai="84" who="0" fromWho="3" sc="333,33,298,0,266,0,83,-13" /><INIT seed="6,0,0,4,4,109" ten="366,298,266,70" oya="2" hai0="130,36,131,73,45,33,63,10,55,75,3,6,60" hai1="95,110,54,16,124,111,34,65,83,40,128,74,100" hai2="19,69,66,71,123,104,129,17,7,12,13,52,11" hai3="89,31,24,88,121,9,72,98,93,57,27,46,50"/><V58/><F104/><W79/><G121/><T99/><D33/><U120/><E40/><V112/><F123/><W125/><G125/><T38/><D99/><U91/><E65/><V68/><F7/><W22/><G72/><T116/><D116/><U41/><E41/><V20/><F129/><N who="0" m="49162" /><D45/><U1/><E34/><V90/><F90/><W107/><G107/><T108/><D108/><U39/><E39/><N who="0" m="14889" /><D55/><U61/><E54/><V42/><F42/><W101/><G79/><T51/><D51/><U133/><E111/><V76/><F76/><W114/><G114/><T56/><D56/><U5/><E110/><V70/><F112/><W132/><G132/><T119/><D119/><U48/><E48/><V134/><F134/><W103/><G57/><T84/><D84/><U49/><E49/><V23/><F11/><W113/><G113/><T117/><D117/><U82/><E120/><V15/><N who="2" m="17408" /><DORA hai="8" /><V26/><REACH who="2" step="1"/><F66/><REACH who="2" ten="366,298,256,70" step="2"/><W87/><G9/><T4/><D4/><U92/><E5/><V53/><F53/><W86/><G98/><T67/><D67/><U29/><E128/><V126/><F126/><W59/><G59/><T30/><D10/><U14/><E124/><V78/><F78/><W21/><G46/><T118/><D6/><U77/><E77/><V96/><F96/><W64/><G64/><T80/><D118/><U0/><E133/><V81/><F81/><W47/><G47/><T105/><D80/><U43/><E83/><V85/><F85/><W28/><REACH who="3" step="1"/><G50/><AGARI ba="0,1" hai="12,13,15,17,19,20,23,26,50,52,58" m="17408" machi="50" ten="70,12000,1" yaku="1,1,52,3,54,1,53,0" doraHai="109,8" doraHaiUra="122,37" who="2" fromWho="3" sc="366,0,298,0,256,130,70,-120" owari="366,16.6,298,-10.2,386,48.6,-50,-55.0" /></mjloggm>