<mjloggm ver="2.3"><GO type="9" lobby="0"/><UN n0="%53%48%4F%54%41%2D%49%47" n1="%75%6B%75%6B%68%69%64%65" n2="%E6%BA%80%E8%B2%AB%E7%8C%BF" n3="%E2%93%9D%4C%75%63%6B%79%4A" dan="6,10,12,8" rate="1750.25,1538.63,1779.90,1701.27" sx="M,M,M,M"/><TAIKYOKU oya="0"/><INIT seed="0,0,0,5,1,49" ten="250,250,250,250" oya="0" hai0="58,67,55,61,64,30,25,127,134,97,36,84,116" hai1="125,119,86,98,100,87,3,129,33,62,75,72,83" hai2="120,101,90,121,15,74,110,60,59,32,5,37,50" hai3="132,70,94,126,20,43,0,8,76,17,88,118,95"/><T131/><D116/><U122/><E119/><V63/><F74/><W24/><G118/><T48/><D127/><U96/><E3/><V16/><F32/><W22/><G70/><T54/><D131/><U115/><E125/><V14/><F37/><W114/><G114/><T135/><D36/><U9/><E129/><V102/><F110/><W44/><G76/><T108/><D108/><U65/><E33/><V77/><F120/><W92/><G126/><T82/><D97/><U23/><E122/><V113/><F77/><W42/><G132/><N who="0" m="50731" /><D25/><U124/><E124/><V79/><F79/><W78/><G78/><N who="0" m="46167" /><D30/><U128/><E128/><V133/><F113/><W21/><G43/><T73/><D73/><U57/><E115/><V35/><F35/><W1/><G1/><T7/><D7/><U27/><E9/><N who="2" m="4399" /><F121/><W106/><G0/><T12/><D12/><U18/><E98/><V99/><F102/><W4/><G4/><T89/><D89/><U46/><E46/><AGARI ba="0,0" hai="46,48,54,55,58,61,64,67" m="46167,50731" machi="46" ten="30,5800,0" yaku="20,1,52,2" doraHai="49" who="0" fromWho="1" sc="250,58,250,-58,250,0,250,0" /><INIT seed="0,1,0,3,4,134" ten="308,192,250,250" oya="0" hai0="129,42,2,126,10,101,4,92,103,119,56,89,26" hai1="130,123,60,133,96,8,58,11,115,51,21,104,29" hai2="24,111,127,49,0,108,54,86,57,41,97,83,135" hai3="122,114,27,39,82,19,66,47,31,18,23,15,45"/><T124/><D119/><U87/><E123/><V55/><F0/><W67/><G114/><T69/><D69/><U61/><E115/><V91/><F135/><W78/><G122/><T5/><D5/><U35/><E133/><V98/><F41/><W43/><G47/><T63/><D129/><U112/><E112/><V110/><F127/><N who="0" m="48682" /><D26/><U64/><E130/><V40/><F40/><W131/><G131/><T65/><D42/><U46/><E87/><AGARI ba="1,0" hai="2,4,10,56,63,65,87,89,92,101,103" m="48682" machi="87" ten="30,11600,0" yaku="18,1,52,3" doraHai="134" who="0" fromWho="1" sc="308,119,192,-119,250,0,250,0" /><INIT seed="0,2,0,4,4,133" ten="427,73,250,250" oya="0" hai0="59,29,121,83,50,94,119,19,26,11,84,63,128" hai1="15,107,10,89,91,77,0,115,123,28,74,21,103" hai2="111,87,16,79,9,65,46,129,99,5,116,125,76" hai3="110,40,34,113,39,14,112,85,126,27,78,70,124"/><T118/><D121/><U69/><E123/><V30/><F125/><N who="3" m="48235" /><G70/><T66/><D128/><U2/><E115/><N who="3" m="44106" /><G110/><T44/><D94/><U31/><E69/><V131/><F116/><W127/><N who="3" m="48243" /><W13/><DORA hai="132" /><G40/><T48/><D118/><U60/><E2/><N who="2" m="183" /><F111/><W114/><N who="3" m="44114" /><W86/><DORA hai="71" /><G39/><T72/><D119/><U7/><E0/><V134/><F65/><W4/><G78/><T25/><D66/><U100/><E77/><V43/><F134/><W22/><G34/><T82/><D63/><U17/><E74/><V98/><F30/><N who="1" m="11305" /><E107/><V54/><F54/><W81/><G4/><T108/><D72/><U23/><E60/><V68/><F79/><N who="3" m="46399" /><G85/><T41/><D84/><U55/><E55/><V3/><F68/><W64/><G64/><T96/><D108/><U24/><E21/><V37/><F87/><W36/><G36/><T6/><D41/><U95/><E95/><V42/><F76/><W12/><G22/><T122/><D122/><U57/><E57/><V1/><F43/><W58/><G58/><T97/><D59/><U35/><E35/><V47/><F47/><W102/><G102/><AGARI ba="2,0" hai="7,10,15,17,23,24,89,91,100,102,103" m="11305" machi="102" ten="30,1000,0" yaku="8,1" doraHai="133,132,71" who="1" fromWho="3" sc="427,0,73,16,250,0,250,-16" /><INIT seed="1,0,0,2,2,121" ten="427,89,250,234" oya="1" hai0="98,3,76,43,68,47,33,85,28,125,19,64,113" hai1="120,127,135,45,131,124,39,132,61,116,29,0,80" hai2="22,41,110,15,38,87,109,37,27,11,91,4,8" hai3="10,48,25,74,53,42,114,54,103,86,133,84,119"/><U102/><E102/><V128/><F41/><W44/><G114/><T13/><D113/><U2/><E120/><V34/><F34/><W51/><G74/><T59/><D125/><N who="1" m="48203" /><E116/><V108/><F11/><W82/><G133/><N who="1" m="51274" /><E29/><N who="2" m="17655" /><F128/><W62/><G103/><T105/><D105/><U134/><N who="1" m="51282" /><U21/><DORA hai="16" /><E21/><V123/><F123/><W99/><G99/><T58/><D98/><U55/><E80/><AGARI ba="0,0" hai="4,8,15,37,38,80,87,91,108,109,110" m="17655" machi="80" ten="30,8000,1" yaku="14,1,52,4" doraHai="121,16" who="2" fromWho="1" sc="427,0,89,-80,250,80,234,0" /><INIT seed="2,0,0,2,0,24" ten="427,9,330,234" oya="2" hai0="10,114,22,72,110,40,104,77,52,46,8,11,9" hai1="16,62,127,20,117,25,65,32,89,83,124,91,55" hai2="118,61,128,93,131,107,73,85,70,69,1,67,63" hai3="44,132,90,18,105,121,120,38,87,49,92,57,95"/><V27/><F1/><W102/><G38/><T86/><D110/><U134/><E117/><V33/><F73/><W47/><G105/><T101/><D114/><U126/><E32/><V76/><F107/><W35/><G35/><T80/><N who="0" m="2048" /><DORA hai="45" /><T84/><D52/><U130/><E55/><V123/><F118/><W21/><G132/><T64/><D64/><U37/><E37/><V115/><F123/><W108/><G108/><T15/><D15/><U6/><E6/><V112/><F63/><W26/><G47/><T4/><D4/><U125/><N who="1" m="31744" /><DORA hai="48" /><U5/><E5/><V82/><F70/><W111/><G57/><T103/><D22/><U2/><E2/><V129/><REACH who="2" step="1"/><F93/><REACH who="2" ten="427,9,320,234" step="2"/><W81/><G111/><T122/><D122/><U113/><E113/><V133/><F133/><W66/><G121/><T28/><D104/><U96/><E134/><V68/><F68/><W106/><G120/><T58/><D72/><U94/><E130/><V116/><F116/><W78/><G106/><T34/><D80/><U12/><E83/><V19/><F19/><W13/><G81/><T88/><D77/><U42/><E42/><V17/><F17/><W23/><G18/><T99/><D40/><U54/><E25/><V50/><F50/><W51/><G51/><T36/><D36/><U31/><E31/><AGARI ba="0,1" hai="27,31,33,61,67,69,76,82,85,112,115,128,129,131" machi="31" ten="40,12000,1" yaku="1,1,19,1,52,1,53,1" doraHai="24,45,48" doraHaiUra="53,79,98" who="2" fromWho="1" sc="427,0,9,-120,320,130,234,0" owari="427,22.7,-111,-61.1,450,55.0,234,-16.6" /></mjloggm>