<mjloggm ver="2.3"><GO type="41" lobby="0"/><UN n0="%E2%93%9D%4C%75%63%6B%79%4A" n1="%E3%82%84%E3%82%8B%E3%81%8A%44%65%61%74%68" n2="%E4%BF%83%E9%80%B2%E9%85%B8%E5%8C%96%E5%87%A6%E7%90%86" n3="%E3%81%A1%E3%82%87%E3%81%8F" dan="18,13,14,15" rate="2190.65,1892.88,1967.39,2021.31" sx="M,M,M,M"/><TAIKYOKU oya="0"/><INIT seed="0,0,0,2,4,135" ten="250,250,250,250" oya="0" hai0="122,43,27,23,131,46,83,53,98,73,60,44,71" hai1="12,10,67,50,128,69,49,29,4,102,57,130,40" hai2="114,77,70,25,103,45,9,38,97,61,119,81,111" hai3="62,72,100,94,115,59,18,123,42,108,17,129,76"/><T96/><D122/><U95/><E29/><V48/><F111/><W8/><G115/><T37/><D131/><N who="1" m="50219" /><E69/><V75/><F114/><W118/><G129/><T87/><D73/><U104/><E104/><V84/><F119/><W32/><G118/><T89/><D46/><U19/><E40/><V26/><F38/><W125/><G42/><T28/><REACH who="0" step="1"/><D71/><REACH who="0" ten="240,250,250,250" step="2"/><U78/><E57/><AGARI ba="0,1" hai="23,27,28,37,43,44,53,57,60,83,87,89,96,98" machi="57" ten="40,3900,0" yaku="1,1,2,1,53,0" doraHai="135" doraHaiUra="14" who="0" fromWho="1" sc="240,49,250,-39,250,0,250,0" /><INIT seed="0,1,0,3,3,10" ten="289,211,250,250" oya="0" hai0="119,132,11,73,118,57,21,128,134,13,74,121,40" hai1="5,102,81,63,3,97,98,91,69,4,75,105,87" hai2="78,84,36,35,96,125,120,19,62,59,89,76,29" hai3="99,83,14,17,28,7,66,127,26,104,49,25,30"/><T27/><D40/><U115/><E115/><V39/><F120/><W85/><G127/><T112/><D57/><U80/><E3/><V113/><F113/><W55/><G66/><T60/><D60/><U131/><E69/><V103/><F125/><W51/><G104/><T111/><D112/><U31/><E31/><V135/><F135/><N who="0" m="51754" /><D121/><U56/><E131/><V123/><F123/><W48/><G99/><T86/><D86/><U33/><E33/><V50/><F29/><W12/><G7/><N who="0" m="3327" /><D128/><U61/><E61/><V8/><F59/><W6/><G6/><T23/><D111/><U52/><REACH who="1" step="1"/><E98/><REACH who="1" ten="289,201,250,250" step="2"/><V22/><F62/><W0/><G0/><T18/><D74/><U32/><E32/><V47/><F35/><W129/><G129/><T108/><D73/><U110/><E110/><V77/><F96/><W107/><G107/><T114/><D114/><U117/><E117/><V106/><F106/><W44/><G30/><N who="0" m="17791" /><D108/><U45/><E45/><V34/><F47/><W90/><G28/><T92/><D92/><U109/><E109/><V71/><F71/><W1/><G1/><T122/><D122/><U94/><E94/><V15/><F34/><W38/><G38/><T65/><D65/><U130/><E130/><V2/><F39/><W124/><G124/><T126/><D126/><U72/><E72/><V133/><F36/><W68/><G68/><T54/><D54/><U42/><E42/><V82/><F133/><W93/><G93/><T43/><D43/><U116/><E116/><V37/><F37/><W70/><G70/><T67/><D67/><U20/><E20/><RYUUKYOKU ba="1,1" sc="289,15,201,15,250,-15,250,-15" hai0="18,21,118,119" hai1="4,5,52,56,63,75,80,81,87,91,97,102,105" /><INIT seed="0,2,1,1,0,8" ten="304,216,235,235" oya="0" hai0="57,4,54,133,2,11,130,92,46,134,63,44,34" hai1="36,78,114,121,51,29,91,97,111,16,9,23,80" hai2="104,120,52,32,110,35,119,24,3,25,103,112,128" hai3="94,129,19,33,30,98,108,65,95,22,58,116,21"/><T105/><D105/><U41/><E121/><V85/><F120/><W66/><G116/><T115/><D115/><U124/><E114/><V56/><F112/><W12/><G108/><T45/><D34/><U76/><E111/><V26/><F110/><W1/><G1/><T71/><D71/><U0/><E124/><V42/><F3/><W131/><G33/><T14/><D130/><U28/><E36/><V87/><F128/><N who="3" m="49227" /><G30/><T69/><D69/><U62/><E78/><V79/><F42/><W117/><G117/><T37/><D92/><N who="3" m="35369" /><G98/><T84/><D84/><U50/><E97/><V89/><F79/><W17/><G58/><T55/><D2/><U106/><E91/><V75/><F75/><W109/><G109/><T125/><D125/><U107/><E62/><V123/><F123/><W27/><AGARI ba="2,1" hai="12,17,19,21,22,27,65,66" m="35369,49227" machi="27" ten="30,2000,0" yaku="19,1,52,1" doraHai="8" who="3" fromWho="3" sc="304,-12,216,-7,235,-7,235,36" /><INIT seed="1,0,0,3,5,129" ten="292,209,228,271" oya="1" hai0="46,67,58,44,52,110,57,38,111,89,53,22,36" hai1="87,115,98,117,13,118,47,62,40,90,94,101,102" hai2="63,128,39,70,83,31,61,120,113,12,99,75,65" hai3="93,71,127,131,3,80,41,20,133,106,104,84,125"/><U100/><E115/><V108/><F120/><W123/><G41/><T60/><D89/><U2/><E2/><V116/><F108/><N who="0" m="41514" /><D22/><U96/><E62/><V28/><F128/><W0/><G71/><T109/><N who="0" m="41522" /><T8/><DORA hai="130" /><D8/><U74/><E13/><V34/><F39/><N who="0" m="14890" /><D67/><U18/><E18/><V54/><F65/><W132/><G131/><T50/><AGARI ba="0,0" hai="44,46,50,52,53,57,58,60" m="14890,41522" machi="50" ten="50,8000,1" yaku="14,1,34,2,54,1" doraHai="129,130" who="0" fromWho="0" sc="292,80,209,-40,228,-20,271,-20" /><INIT seed="2,0,0,2,5,98" ten="372,169,208,251" oya="2" hai0="48,26,93,35,32,29,12,22,87,70,96,113,16" hai1="13,135,122,68,56,132,21,97,77,105,24,3,47" hai2="90,67,25,58,15,72,125,23,66,5,86,52,64" hai3="126,106,103,30,46,6,108,115,88,121,34,89,111"/><V54/><F125/><W134/><G121/><T117/><D113/><U114/><E68/><V63/><F72/><W119/><G119/><T40/><D70/><U50/><E3/><V39/><F39/><W104/><G6/><T94/><D117/><U1/><E1/><V73/><F73/><W129/><G46/><T128/><D128/><U36/><E36/><V4/><F15/><W107/><G30/><T112/><D112/><U101/><E114/><V110/><F54/><W74/><G34/><T57/><D94/><U65/><E77/><V17/><REACH who="2" step="1"/><F110/><REACH who="2" ten="372,169,198,251" step="2"/><N who="3" m="42027" /><G115/><T130/><D12/><U49/><E122/><V100/><F100/><W2/><G2/><T81/><D130/><U120/><E13/><V102/><F102/><W84/><G129/><T71/><D40/><U42/><E120/><V7/><F7/><W53/><G126/><T44/><D35/><U59/><E65/><V14/><F14/><W116/><G116/><T27/><D32/><U76/><E76/><V10/><F10/><W38/><G38/><T8/><D8/><U9/><E9/><V75/><F75/><W91/><G74/><T92/><D22/><U79/><E79/><V118/><F118/><W33/><G33/><T62/><D27/><U0/><E0/><V31/><F31/><W95/><G103/><T60/><D29/><N who="1" m="17551" /><E50/><V61/><F61/><W43/><G43/><T124/><D62/><U37/><E37/><V51/><F51/><W85/><G53/><T82/><D48/><U123/><E123/><V45/><F45/><W55/><G55/><T78/><D44/><U80/><E47/><RYUUKYOKU ba="0,1" sc="372,-10,169,-10,198,30,251,-10" hai2="4,5,17,23,25,52,58,63,64,66,67,86,90" /><INIT seed="2,1,1,4,5,91" ten="362,159,228,241" oya="2" hai0="28,18,126,69,29,111,114,15,107,2,89,65,82" hai1="39,64,122,26,105,133,20,32,79,81,33,5,40" hai2="115,131,55,53,30,21,129,127,50,95,77,116,96" hai3="3,106,76,134,10,48,124,56,46,86,74,9,72"/><V43/><F115/><W25/><G106/><T88/><D114/><U78/><E122/><V93/><F116/><W41/><G124/><T70/><D2/><U66/><E105/><V61/><F127/><W36/><G134/><T45/><D107/><U119/><E119/><V27/><F77/><W120/><G120/><T51/><D111/><U128/><E133/><V84/><F43/><W49/><G25/><T103/><D103/><U44/><E128/><N who="2" m="49227" /><F84/><W101/><G101/><T125/><D65/><U60/><E5/><V6/><F6/><W132/><G132/><T16/><D51/><U13/><E13/><V102/><F61/><W99/><G99/><T59/><D15/><U135/><E135/><V83/><F83/><W130/><G130/><T8/><D82/><U14/><E14/><V38/><F38/><W1/><G36/><T7/><D7/><U98/><E98/><N who="2" m="59727" /><F50/><W118/><G86/><T58/><D45/><U31/><E66/><V112/><F112/><W100/><G76/><T71/><D71/><U37/><E39/><V97/><F97/><W52/><G118/><T85/><D85/><U110/><E110/><V54/><F55/><W0/><REACH who="3" step="1"/><G100/><AGARI ba="1,1" hai="21,27,30,53,54,95,96,100" m="59727,49227" machi="100" ten="30,5800,0" yaku="19,1,52,2" doraHai="91" who="2" fromWho="3" sc="362,0,159,0,228,71,241,-61" /><INIT seed="2,2,0,4,1,72" ten="362,159,299,180" oya="2" hai0="32,8,6,13,55,89,29,57,115,15,21,78,42" hai1="65,27,80,31,39,91,82,108,67,77,22,1,5" hai2="93,17,43,132,63,74,90,98,18,61,101,111,34" hai3="86,51,114,94,116,134,110,104,73,117,83,48,56"/><V66/><F132/><W7/><G104/><T36/><D115/><U133/><E39/><V95/><F34/><W35/><G35/><T30/><D36/><U53/><E133/><V25/><F74/><W75/><G134/><T60/><D42/><U112/><E112/><V103/><F43/><W0/><G114/><T97/><D32/><U135/><E135/><V62/><F111/><W99/><G110/><T68/><D68/><U126/><E108/><V107/><F66/><W85/><G7/><T79/><D89/><U2/><E126/><V109/><F109/><W10/><G10/><N who="0" m="4567" /><D97/><U20/><E20/><V16/><F107/><W26/><G26/><N who="0" m="16719" /><D29/><U84/><E53/><V70/><F70/><W123/><G0/><T23/><D23/><U12/><E1/><V120/><F120/><W71/><G71/><T49/><D60/><U127/><E127/><V106/><F106/><W41/><G123/><T96/><D96/><U37/><E37/><V64/><F64/><W125/><G99/><T81/><D81/><U59/><E59/><V3/><F3/><W105/><G83/><T24/><D24/><U46/><E46/><V52/><F25/><W38/><G105/><T11/><D11/><N who="1" m="4207" /><E2/><V76/><F76/><W33/><G33/><T47/><D47/><U9/><E9/><V124/><F124/><W119/><G125/><T128/><D128/><U130/><E130/><V54/><F95/><W14/><G94/><T50/><D50/><U58/><E58/><V88/><F90/><W100/><G56/><T69/><D69/><U28/><E28/><V44/><F44/><RYUUKYOKU ba="2,0" sc="362,10,159,10,299,10,180,-30" hai0="8,13,49,55,57,78,79" hai1="22,27,31,65,67,77,80,82,84,91" hai2="16,17,18,52,54,61,62,63,88,93,98,101,103" /><INIT seed="2,3,0,3,0,92" ten="372,169,309,150" oya="2" hai0="8,67,125,21,65,85,28,83,129,40,74,12,61" hai1="63,116,106,42,114,98,84,124,122,91,60,87,33" hai2="25,79,120,70,45,108,104,69,14,2,112,56,44" hai3="19,37,36,20,123,93,82,130,35,72,27,105,100"/><V134/><F112/><W32/><G123/><T0/><D74/><U111/><E116/><V3/><F120/><W99/><G130/><T77/><D0/><U54/><E114/><V4/><F104/><W101/><G72/><T55/><D40/><U115/><E115/><V127/><F127/><W88/><G82/><T58/><D129/><U5/><E33/><V94/><F79/><W121/><G101/><T18/><D125/><U78/><E124/><V64/><F56/><W107/><G121/><T23/><D28/><U43/><E111/><V131/><F131/><W53/><G53/><T80/><D83/><U17/><E122/><V47/><F14/><W46/><G107/><T50/><REACH who="0" step="1"/><D67/><REACH who="0" ten="362,169,309,150" step="2"/><U119/><E119/><V118/><F64/><W68/><G68/><AGARI ba="3,1" hai="8,12,18,21,23,50,55,58,61,65,68,77,80,85" machi="68" ten="30,7700,0" yaku="1,1,2,1,7,1,53,1" doraHai="92" doraHaiUra="52" who="0" fromWho="3" sc="362,96,169,0,309,0,150,-86" /><INIT seed="3,0,0,1,4,59" ten="458,169,309,64" oya="3" hai0="54,47,2,89,130,30,64,31,63,83,126,99,57" hai1="125,108,36,43,90,50,91,68,22,113,103,87,85" hai2="80,9,100,131,133,18,96,28,78,48,123,72,56" hai3="4,79,75,66,102,23,46,39,51,135,25,65,13"/><W116/><G116/><T77/><D2/><U132/><E68/><V19/><F133/><W16/><G135/><T110/><D110/><U40/><E36/><V35/><F131/><W124/><G39/><T62/><D130/><U129/><E129/><V45/><F123/><W58/><G124/><T49/><D126/><U128/><E128/><V67/><F9/><N who="3" m="4263" /><G75/><T70/><D89/><U5/><E125/><V11/><F11/><W17/><G79/><T115/><D99/><U14/><E108/><V118/><F28/><N who="3" m="17471" /><G102/><T15/><D15/><U7/><E113/><V26/><F35/><W61/><G66/><T73/><REACH who="0" step="1"/><D115/><REACH who="0" ten="448,169,309,64" step="2"/><U24/><E132/><V44/><F118/><W1/><G1/><T38/><D38/><U120/><E120/><V34/><F96/><W53/><AGARI ba="0,1" hai="16,17,46,51,53,58,61,65" m="17471,4263" machi="53" ten="30,6000,0" yaku="8,1,52,1,54,1" doraHai="59" who="3" fromWho="3" sc="448,-20,169,-20,309,-20,64,70" /><INIT seed="3,1,0,2,3,5" ten="428,149,289,134" oya="3" hai0="53,40,80,56,84,46,124,106,52,18,24,75,83" hai1="93,79,34,87,22,61,107,47,129,91,130,66,26" hai2="74,28,88,110,100,126,98,81,50,11,119,35,133" hai3="1,42,69,57,96,64,6,36,45,15,94,58,115"/><W135/><G115/><T30/><D106/><U113/><E107/><V103/><F110/><W128/><G1/><T95/><D75/><U104/><E104/><V102/><F119/><W76/><G76/><T41/><D124/><U13/><E34/><V17/><F126/><W114/><G114/><T99/><D18/><U112/><E79/><V29/><F35/><W123/><G123/><T12/><D12/><U10/><E47/><V19/><F74/><W16/><G6/><T67/><D67/><U134/><E134/><V38/><F38/><W14/><G135/><T2/><D2/><U111/><E111/><V8/><F133/><W92/><G128/><T3/><D53/><U101/><E130/><V27/><F50/><N who="3" m="26935" /><G69/><T4/><D4/><U77/><E129/><V89/><F81/><W20/><G36/><T0/><D83/><U109/><E109/><V125/><F125/><W122/><G122/><T65/><D65/><U108/><E101/><V43/><F43/><W105/><G105/><T127/><D3/><U70/><E77/><V132/><F132/><W71/><G71/><T63/><D0/><U97/><E97/><V44/><F44/><W117/><G117/><T116/><D46/><U72/><E72/><V48/><F48/><W25/><G64/><T23/><D116/><U73/><E73/><V60/><F60/><W39/><G39/><T9/><D127/><U62/><E108/><V59/><F59/><N who="3" m="22539" /><G94/><T118/><D118/><U90/><E62/><V78/><F78/><W55/><G55/><T54/><D54/><U85/><E113/><V21/><F98/><RYUUKYOKU ba="1,0" sc="428,-10,149,-10,289,-10,134,30" hai3="14,15,16,20,25,92,96" /><INIT seed="3,2,0,5,5,14" ten="418,139,279,164" oya="3" hai0="67,84,17,39,129,25,53,124,59,66,43,123,55" hai1="79,96,90,65,75,94,131,73,32,81,62,38,106" hai2="127,15,64,34,68,46,77,48,130,12,114,9,33" hai3="24,105,7,63,36,133,74,29,85,71,11,118,51"/><W92/><G118/><T2/><D2/><U102/><E32/><V41/><F114/><W16/><G105/><T108/><D123/><U76/><E38/><V128/><F127/><W103/><G74/><N who="1" m="28170" /><E62/><N who="2" m="39959" /><F77/><N who="1" m="29769" /><E65/><V93/><F93/><W116/><G116/><T99/><D55/><U86/><E131/><N who="2" m="50219" /><F15/><N who="3" m="7295" /><G36/><T78/><D39/><U52/><E52/><V104/><F104/><AGARI ba="2,0" hai="81,86,90,94,96,102,104,106" m="29769,28170" machi="104" ten="30,8000,1" yaku="35,5" doraHai="14" who="1" fromWho="2" sc="418,0,139,86,279,-86,164,0" /><INIT seed="4,0,0,4,5,120" ten="418,225,193,164" oya="0" hai0="5,132,6,58,91,39,87,8,116,78,109,7,47" hai1="133,73,30,122,37,46,107,106,34,4,60,14,113" hai2="94,100,71,101,27,75,108,50,80,90,121,62,128" hai3="125,134,42,25,79,119,13,66,135,44,57,104,0"/><T26/><D116/><U67/><E122/><V117/><F121/><W103/><G119/><T23/><D132/><N who="3" m="50729" /><G0/><T89/><D39/><U43/><E133/><V59/><F117/><W124/><G79/><T77/><D47/><U69/><E14/><V127/><F127/><N who="3" m="48715" /><G103/><T74/><D74/><U118/><E118/><V16/><F75/><W40/><G13/><T54/><D109/><U18/><E18/><V96/><F80/><W45/><G25/><T102/><D102/><U82/><E113/><V2/><F2/><W63/><G104/><T31/><D8/><U114/><E114/><V55/><F101/><W52/><G45/><T126/><D126/><U24/><E4/><V76/><F76/><AGARI ba="0,0" hai="24,30,34,37,43,46,60,67,69,73,76,82,106,107" machi="76" ten="40,5200,0" yaku="33,3" doraHai="120" who="1" fromWho="2" sc="418,0,225,52,193,-52,164,0" /><INIT seed="5,0,0,2,3,54" ten="418,277,141,164" oya="1" hai0="32,38,91,59,104,115,62,50,47,81,112,35,0" hai1="46,39,6,103,114,116,135,69,11,125,129,56,4" hai2="131,108,97,87,118,19,107,124,110,42,27,132,61" hai3="8,70,71,86,29,44,20,53,79,60,66,43,18"/><U72/><E116/><V123/><F118/><W34/><G34/><T13/><D0/><U55/><E125/><V37/><F123/><W121/><G121/><T96/><D38/><U49/><E129/><V94/><F124/><W75/><G75/><T16/><D104/><U109/><E135/><V78/><F132/><W10/><G29/><T36/><D36/><U28/><E114/><N who="0" m="43561" /><D96/><U12/><E109/><V122/><F122/><W23/><G53/><N who="0" m="29919" /><D91/><U126/><E126/><V113/><F131/><W33/><G33/><T17/><D81/><U22/><E72/><V92/><F113/><W1/><G71/><T111/><D17/><U101/><E69/><V85/><F107/><W58/><G70/><T99/><D99/><U128/><E128/><V26/><F37/><W83/><G23/><N who="0" m="11663" /><D111/><U76/><E76/><V105/><F97/><W93/><G93/><T9/><D9/><U119/><E119/><V80/><F105/><W41/><G1/><T90/><D90/><U48/><E39/><V134/><F80/><W5/><G5/><T73/><D73/><U3/><E3/><V102/><F94/><W82/><G82/><T63/><D63/><U7/><E28/><V98/><F92/><W14/><REACH who="3" step="1"/><G44/><REACH who="3" ten="418,277,141,154" step="2"/><T74/><D74/><U21/><E4/><V31/><F110/><W40/><AGARI ba="0,1" hai="8,10,14,18,20,40,41,43,58,60,66,79,83,86" machi="40" ten="30,8000,1" yaku="1,1,2,1,0,1,8,1,52,1,53,0" doraHai="54" doraHaiUra="45" who="3" fromWho="3" sc="418,-20,277,-40,141,-20,154,90" /><INIT seed="6,0,0,2,3,96" ten="398,237,121,244" oya="2" hai0="73,91,6,134,26,29,4,21,2,87,56,31,105" hai1="71,113,107,124,129,34,48,128,63,135,115,3,43" hai2="75,62,121,45,61,65,102,116,77,79,97,7,12" hai3="118,38,90,76,27,50,30,36,125,133,44,117,112"/><V120/><F116/><W11/><G125/><T111/><D73/><U41/><E3/><V84/><F75/><W94/><G133/><T67/><D111/><U114/><E34/><V19/><F7/><W54/><G76/><T24/><D105/><U55/><E107/><V88/><F45/><W0/><G112/><T123/><D123/><U39/><E124/><V93/><F121/><W110/><G110/><T92/><D134/><U13/><E13/><V32/><F32/><W104/><G11/><T72/><D72/><U46/><E135/><V18/><F62/><W58/><G0/><T69/><D69/><U132/><E132/><V53/><F53/><W122/><G104/><T37/><D37/><U83/><E83/><V35/><F35/><W127/><G122/><T60/><REACH who="0" step="1"/><D2/><REACH who="0" ten="388,237,121,244" step="2"/><U100/><E100/><V1/><F1/><W47/><G127/><T49/><D49/><U68/><E68/><V8/><F19/><W101/><G101/><T5/><D5/><U108/><E108/><V74/><F74/><W10/><G38/><T82/><D82/><U130/><E39/><V25/><F120/><W16/><G36/><T23/><AGARI ba="0,1" hai="4,6,21,23,24,26,29,31,56,60,67,87,91,92" machi="23" ten="20,12000,2" yaku="1,1,0,1,7,1,9,1,8,1,53,1" doraHai="96" doraHaiUra="85" who="0" fromWho="0" sc="388,130,237,-30,121,-60,244,-30" /><INIT seed="7,0,0,0,0,58" ten="518,207,61,214" oya="3" hai0="95,46,25,16,39,27,102,66,101,57,47,112,97" hai1="42,4,61,80,77,123,90,116,33,109,72,51,38" hai2="26,36,70,64,37,115,12,54,24,73,13,67,68" hai3="114,129,131,128,107,65,69,22,78,52,45,132,49"/><W135/><G107/><T121/><D121/><U44/><E33/><V75/><REACH who="2" step="1"/><F54/><REACH who="2" ten="518,207,51,214" step="2"/><W120/><G120/><T92/><D112/><AGARI ba="0,1" hai="12,13,24,26,36,37,64,67,68,70,73,75,112,115" machi="112" ten="25,8000,1" yaku="21,2,2,1,22,2,53,0" doraHai="58" doraHaiUra="5" who="2" fromWho="0" sc="518,-80,207,0,51,90,214,0" owari="438,53.8,207,-19.3,141,-35.9,214,1.4" /></mjloggm>