<mjloggm ver="2.3"><GO type="41" lobby="0"/><UN n0="%E2%93%9D%4C%75%63%6B%79%4A" n1="%E6%B2%BE%E5%BA%8A%E5%8D%B3%E7%9D%A1" n2="%E4%BA%9C%E9%87%8C%E6%B2%99" n3="%51%43%31%35%31%32%37" dan="17,15,13,15" rate="2147.25,2073.14,1839.02,1895.25" sx="M,M,M,M"/><TAIKYOKU oya="0"/><INIT seed="0,0,0,2,4,48" ten="250,250,250,250" oya="0" hai0="97,101,8,104,120,108,79,29,121,14,60,36,71" hai1="93,98,63,1,103,111,83,89,7,52,117,34,42" hai2="32,116,94,43,40,114,2,17,49,72,64,19,135" hai3="24,122,35,68,30,69,81,128,124,109,80,127,110"/><T129/><D36/><U106/><E117/><V70/><F114/><W132/><G122/><T105/><D129/><U6/><E34/><V67/><F116/><W37/><G37/><T25/><D105/><U96/><E111/><N who="3" m="42506" /><G132/><T77/><D108/><U118/><E118/><V13/><F135/><W26/><G128/><T91/><D91/><U55/><E42/><V18/><F32/><W119/><G119/><T46/><D46/><U130/><E130/><V66/><F2/><W10/><G10/><T33/><D121/><U50/><E1/><V113/><F72/><W16/><G80/><T12/><D120/><U131/><E131/><V84/><F113/><W23/><G81/><T126/><D126/><AGARI ba="0,0" hai="16,23,24,26,30,35,68,69,124,126,127" m="42506" machi="126" ten="30,3900,0" yaku="18,1,14,1,54,1" doraHai="48" who="3" fromWho="0" sc="250,-39,250,0,250,0,250,39" /><INIT seed="1,0,0,5,1,4" ten="211,250,250,289" oya="1" hai0="14,76,91,47,60,55,36,125,18,11,45,73,65" hai1="106,28,50,51,54,77,98,78,19,68,41,116,16" hai2="6,25,30,95,103,9,75,3,40,64,46,10,123" hai3="122,94,85,105,80,109,69,39,61,27,15,48,38"/><U44/><E116/><V99/><F123/><W62/><G105/><T24/><D125/><U101/><E68/><V107/><F75/><W12/><G94/><T119/><D119/><U63/><E63/><V1/><F64/><W49/><G27/><T29/><D36/><U120/><E28/><V34/><F95/><W13/><G85/><T5/><D91/><U71/><E71/><V129/><F129/><W113/><G80/><T59/><D73/><U43/><E120/><V8/><REACH who="2" step="1"/><F1/><REACH who="2" ten="211,250,240,289" step="2"/><W70/><G122/><T37/><D65/><U74/><E74/><V83/><F83/><W35/><G70/><T132/><D132/><U118/><E118/><V86/><F86/><W130/><G69/><T33/><D37/><AGARI ba="0,1" hai="3,6,8,9,10,25,30,34,37,40,46,99,103,107" machi="37" ten="30,8000,1" yaku="1,1,7,1,52,3,53,0" doraHai="4" doraHaiUra="87" who="2" fromWho="0" sc="211,-80,250,0,240,90,289,0" /><INIT seed="2,0,0,3,5,70" ten="131,250,330,289" oya="2" hai0="133,131,77,100,87,75,74,16,121,97,85,82,125" hai1="35,79,107,49,4,119,17,59,46,52,9,47,105" hai2="126,118,91,15,130,96,69,98,33,3,19,40,37" hai3="51,95,99,13,93,132,66,26,76,23,42,57,18"/><V101/><F69/><W127/><G132/><T8/><D121/><U92/><E119/><V22/><F33/><W14/><G127/><T72/><D133/><U78/><E35/><V43/><F130/><W117/><G76/><T84/><D8/><U86/><E17/><V1/><F126/><W50/><G95/><N who="0" m="58431" /><D16/><U134/><E134/><V106/><F118/><W11/><G14/><T24/><D24/><U129/><E129/><V45/><REACH who="2" step="1"/><F40/><REACH who="2" ten="131,250,320,289" step="2"/><W25/><G42/><T31/><D125/><U67/><E105/><V83/><F83/><W103/><G117/><T5/><D131/><U89/><E107/><V88/><F88/><W62/><REACH who="3" step="1"/><G26/><REACH who="3" ten="131,250,320,279" step="2"/><T10/><D82/><U39/><E78/><V73/><F73/><W55/><G55/><T81/><D75/><U111/><E79/><V20/><F20/><W29/><AGARI ba="0,2" hai="11,13,18,23,25,29,50,51,57,62,66,93,99,103" machi="29" ten="20,12000,2" yaku="1,1,0,1,7,1,25,2,8,1,53,1" doraHai="70" doraHaiUra="53" who="3" fromWho="3" sc="131,-30,250,-30,320,-60,279,140" /><INIT seed="3,0,0,0,2,20" ten="101,220,260,419" oya="3" hai0="27,28,75,63,49,66,39,5,46,97,50,38,92" hai1="109,7,131,36,65,19,98,58,122,30,112,76,135" hai2="43,17,83,55,12,106,127,104,23,24,102,85,22" hai3="82,13,21,119,3,62,116,115,11,105,56,69,6"/><W40/><G115/><T125/><D75/><U101/><E112/><V59/><F127/><W93/><G105/><T71/><D125/><U25/><E122/><V2/><F43/><W94/><G40/><T37/><D5/><U128/><E36/><V84/><F2/><W79/><G69/><T0/><D0/><U117/><E109/><V52/><F55/><W29/><G93/><T54/><D50/><U81/><E7/><V74/><F74/><W96/><G29/><T91/><REACH who="0" step="1"/><D39/><REACH who="0" ten="91,220,260,419" step="2"/><U41/><E128/><V31/><F102/><N who="3" m="60695" /><G3/><T73/><D73/><U110/><E131/><V4/><F4/><W121/><G121/><T44/><D44/><U123/><E123/><V34/><F104/><W48/><G48/><T16/><D16/><U90/><E19/><V67/><F106/><W32/><G6/><T14/><D14/><U35/><E101/><V53/><F12/><W1/><G1/><T107/><D107/><U8/><E110/><V132/><F17/><W72/><G13/><T60/><D60/><U51/><E51/><V80/><F132/><W42/><G11/><T95/><D95/><U87/><E8/><V134/><F134/><W33/><G116/><T89/><D89/><U118/><E135/><V103/><F103/><W108/><G119/><T88/><D88/><U124/><E124/><V133/><F133/><W114/><G72/><T130/><D130/><U57/><E117/><V64/><F80/><W47/><G82/><T126/><D126/><U86/><E118/><V70/><F83/><W113/><G114/><T45/><D45/><U61/><E81/><RYUUKYOKU ba="0,1" sc="91,30,220,-10,260,-10,419,-10" hai0="27,28,37,38,46,49,54,63,66,71,91,92,97" /><INIT seed="4,1,1,2,1,50" ten="121,210,250,409" oya="0" hai0="51,101,27,8,114,94,122,36,99,118,15,95,25" hai1="124,69,70,91,66,42,41,30,73,117,6,98,77" hai2="47,85,110,76,130,24,54,106,68,43,120,111,23" hai3="33,57,128,102,11,46,13,88,53,44,64,26,17"/><T58/><D122/><U104/><E117/><V92/><F106/><W9/><G128/><T134/><D36/><U82/><E124/><V84/><F120/><W125/><G125/><T71/><D71/><U38/><E6/><V18/><F68/><W78/><G78/><T113/><D95/><U56/><E30/><V123/><F123/><W3/><G102/><T31/><D118/><U131/><E131/><V28/><F130/><W48/><G33/><T79/><D79/><U93/><E41/><V115/><F115/><N who="0" m="44042" /><D134/><U35/><E35/><V90/><F28/><W89/><G26/><T67/><D31/><U135/><E135/><V0/><F0/><W103/><G3/><T65/><D67/><U29/><E29/><V97/><F54/><W81/><G103/><T19/><D65/><U72/><E72/><V105/><F76/><W61/><G46/><T10/><D10/><N who="3" m="3593" /><G81/><T119/><D119/><U100/><E38/><V39/><REACH who="2" step="1"/><F105/><REACH who="2" ten="121,210,240,409" step="2"/><W129/><G129/><T96/><D99/><U32/><E32/><V127/><F127/><W34/><G34/><T4/><D4/><U7/><E7/><V112/><F112/><W2/><G2/><T86/><D86/><AGARI ba="1,2" hai="18,23,24,39,43,47,84,85,86,90,92,97,110,111" machi="86" ten="40,1300,0" yaku="1,1,53,0" doraHai="50" doraHaiUra="62" who="2" fromWho="0" sc="121,-16,210,0,240,36,409,0" /><INIT seed="5,0,0,0,1,85" ten="105,210,276,409" oya="1" hai0="82,23,119,106,9,77,122,7,27,25,44,109,71" hai1="101,116,21,72,112,69,10,1,94,105,123,131,31" hai2="19,17,74,56,46,84,42,34,15,78,62,40,30" hai3="111,96,52,12,91,22,88,115,8,16,132,6,89"/><U5/><E116/><V83/><F74/><W67/><G115/><T98/><D109/><U55/><E123/><V120/><F120/><W76/><G111/><T39/><D122/><U14/><E72/><V102/><F102/><W32/><G32/><T0/><D71/><U107/><E69/><V124/><F124/><W58/><G76/><T61/><D61/><U79/><E79/><V64/><F46/><W134/><G67/><T43/><D119/><U129/><E112/><V135/><F135/><N who="3" m="51755" /><G96/><T11/><D11/><U63/><E63/><V26/><REACH who="2" step="1"/><F17/><REACH who="2" ten="105,210,266,409" step="2"/><W48/><G6/><T28/><D7/><U35/><E101/><V93/><F93/><W68/><G68/><T54/><D44/><U80/><E94/><V50/><F50/><W113/><G113/><T121/><D121/><U2/><E105/><V126/><F126/><W37/><G37/><T3/><D39/><U65/><E107/><V18/><F18/><W95/><G95/><T110/><D106/><U51/><E51/><V99/><F99/><W70/><G70/><T20/><D98/><U128/><E5/><V104/><F104/><W59/><G59/><T86/><D110/><U117/><E117/><V4/><F4/><W90/><N who="3" m="22528" /><DORA hai="81" /><W125/><G125/><T33/><D3/><U103/><E1/><V45/><F45/><W73/><G73/><T41/><D0/><U92/><E2/><V36/><F36/><W38/><G38/><T49/><D49/><U87/><E92/><V100/><F100/><W75/><G75/><T53/><D28/><U114/><E31/><V66/><F66/><RYUUKYOKU ba="0,1" sc="105,-15,210,-15,266,15,409,15" hai2="15,19,26,30,34,40,42,56,62,64,78,83,84" hai3="8,12,16,22,48,52,58" /><INIT seed="6,1,1,5,0,81" ten="90,195,281,424" oya="2" hai0="80,11,68,65,73,105,9,133,50,131,52,109,95" hai1="118,85,4,69,128,99,13,23,20,29,84,27,66" hai2="75,132,28,46,22,94,130,121,34,10,83,67,114" hai3="56,97,7,14,25,63,127,120,123,24,35,108,62"/><V16/><F67/><W82/><G108/><T2/><D109/><U44/><E118/><V51/><F114/><W45/><G127/><T92/><D105/><U43/><E128/><V115/><F115/><W37/><G82/><T17/><D131/><U107/><E69/><V5/><F132/><W125/><G125/><T42/><D42/><U119/><E119/><V103/><F83/><W47/><G56/><T60/><D133/><U15/><E66/><V72/><F121/><W6/><G97/><T111/><D111/><U3/><E3/><V41/><F28/><W33/><G14/><T101/><D101/><U112/><E112/><V76/><F76/><W113/><G113/><T102/><D102/><U38/><E107/><V48/><F48/><W40/><G40/><T135/><D135/><U19/><REACH who="1" step="1"/><E99/><REACH who="1" ten="90,185,281,424" step="2"/><V31/><F130/><W87/><G120/><T110/><D110/><U55/><E55/><V39/><F41/><W54/><G54/><T117/><D117/><U71/><E71/><V26/><F103/><W12/><G123/><T49/><D2/><U90/><E90/><V79/><F79/><W93/><G37/><T104/><D104/><U78/><E78/><V58/><F39/><W18/><G45/><T86/><D68/><U100/><E100/><V32/><F46/><W88/><G47/><T74/><D65/><U126/><E126/><V89/><F89/><W8/><G88/><T64/><D64/><U116/><E116/><V57/><F51/><W30/><G62/><T98/><D60/><U96/><E96/><V106/><F106/><W77/><G63/><RYUUKYOKU ba="1,2" sc="90,-10,185,30,281,-10,424,-10" hai1="4,13,15,19,20,23,27,29,38,43,44,84,85" /><INIT seed="7,2,2,5,1,78" ten="80,215,271,414" oya="3" hai0="112,67,50,17,18,21,56,11,99,125,37,36,65" hai1="40,44,123,55,96,7,82,126,27,29,90,31,113" hai2="109,2,24,106,87,30,51,15,25,9,127,10,101" hai3="119,102,83,111,73,58,74,3,85,81,107,130,68"/><W115/><G3/><T110/><D110/><U52/><E123/><V41/><F109/><W94/><G58/><T104/><D125/><U128/><E126/><V12/><F127/><W114/><G68/><T97/><D104/><U38/><E113/><V64/><F64/><W89/><G111/><T8/><D56/><U6/><E128/><V49/><F2/><W133/><G119/><T63/><D21/><U116/><E116/><V32/><F41/><W54/><G54/><T5/><D5/><U77/><E29/><V124/><F124/><W43/><G43/><T117/><D117/><U71/><E71/><V70/><F70/><W59/><G59/><T79/><D79/><U14/><E90/><V45/><F45/><W100/><G133/><T88/><D88/><U62/><E96/><V103/><F106/><W60/><G60/><T19/><D19/><U22/><E62/><V121/><F30/><W122/><G130/><T4/><D4/><U129/><E129/><V61/><F61/><W23/><G23/><T75/><D63/><U16/><E6/><V42/><F87/><W135/><G135/><T95/><D95/><U34/><E7/><V53/><F42/><W69/><G69/><T72/><REACH who="0" step="1"/><D112/><REACH who="0" ten="70,215,271,414" step="2"/><N who="3" m="43049" /><G122/><T80/><D80/><N who="3" m="30793" /><G107/><T84/><D84/><AGARI ba="2,3" hai="14,16,22,27,31,34,38,40,44,52,55,77,82,84" machi="84" ten="30,7700,0" yaku="7,1,52,1,54,2" doraHai="78" who="1" fromWho="0" sc="70,-83,215,113,271,0,414,0" owari="-13,-51.3,328,12.8,271,-12.9,414,51.4" /></mjloggm>