<mjloggm ver="2.3"><GO type="41" lobby="0"/><UN n0="%E4%B8%89%E6%B2%B3%E5%B1%8B%E3%81%AE%E3%82%B5%E3%83%96" n1="%E3%81%82%E3%81%91%E3%81%B3%E3%81%93%E3%81%BF%E3%81%A1" n2="%E3%81%A1%E3%82%87%E3%81%8F" n3="%E2%93%9D%4C%75%63%6B%79%4A" dan="15,13,15,15" rate="2025.47,1853.95,2021.69,2142.57" sx="M,F,M,M"/><TAIKYOKU oya="0"/><INIT seed="0,0,0,0,1,61" ten="250,250,250,250" oya="0" hai0="121,31,13,78,54,30,50,41,35,132,42,38,69" hai1="118,21,85,47,34,52,26,77,59,119,58,68,96" hai2="135,103,80,17,89,20,45,32,65,19,104,29,83" hai3="23,4,98,134,127,43,53,7,71,90,87,51,108"/><T115/><D115/><U122/><E68/><V12/><F135/><W39/><G39/><T95/><D121/><U60/><E34/><V22/><F32/><W74/><G74/><T81/><D132/><U120/><E47/><V86/><F29/><W56/><G71/><T44/><D69/><U5/><E5/><V101/><F45/><W112/><G108/><T9/><D95/><U0/><E0/><V128/><F128/><W97/><G127/><T3/><D3/><U116/><E96/><N who="3" m="36970" /><G43/><T62/><D62/><U105/><E105/><V76/><F104/><W73/><G73/><T91/><D91/><U88/><E77/><V33/><F33/><W8/><G8/><T113/><D113/><U66/><E122/><V55/><F55/><W15/><G112/><T49/><D38/><U126/><E126/><V84/><F65/><W1/><G1/><T93/><D93/><U82/><E120/><V94/><REACH who="2" step="1"/><F80/><REACH who="2" ten="250,250,240,250" step="2"/><N who="3" m="49511" /><G134/><T28/><D35/><U63/><E119/><V110/><F110/><W6/><G53/><T109/><D109/><U125/><E125/><V57/><F57/><W106/><G56/><T14/><D54/><U133/><E133/><V27/><AGARI ba="0,1" hai="12,17,19,20,22,27,76,83,84,86,89,94,101,103" machi="27" ten="20,5200,0" yaku="1,1,0,1,7,1,8,1,53,0" doraHai="61" doraHaiUra="67" who="2" fromWho="2" sc="250,-26,250,-13,240,62,250,-13" /><INIT seed="1,0,0,4,5,36" ten="224,237,302,237" oya="1" hai0="67,88,124,97,117,111,33,92,71,1,3,21,94" hai1="62,76,99,4,35,127,112,41,54,14,132,134,104" hai2="89,25,48,26,59,69,98,53,123,18,110,73,80" hai3="23,86,22,5,66,42,83,93,105,27,108,120,50"/><U9/><E112/><V49/><F123/><W91/><G120/><T57/><D33/><U119/><E35/><V11/><F69/><W115/><G115/><T37/><D117/><U20/><E119/><V102/><F110/><W28/><G105/><T68/><D111/><U133/><E76/><V79/><F89/><W107/><G107/><T131/><D131/><U15/><E62/><V65/><F65/><W87/><G5/><T126/><D37/><U72/><E54/><V16/><F18/><W60/><G23/><T74/><D74/><U52/><E72/><V64/><F64/><W34/><G34/><T82/><D82/><U46/><E20/><V129/><F129/><W45/><G108/><T43/><D43/><U8/><E99/><V122/><F122/><W95/><REACH who="3" step="1"/><G87/><REACH who="3" ten="224,237,302,227" step="2"/><T128/><D21/><U12/><E104/><V113/><F113/><W63/><G63/><T58/><D128/><U85/><E85/><V24/><F11/><N who="1" m="4169" /><E4/><V118/><F118/><W32/><G32/><T17/><D126/><U135/><E127/><V114/><F114/><W38/><G38/><T40/><D124/><U61/><E135/><V101/><F16/><W19/><G19/><T130/><D17/><U103/><E61/><V125/><F125/><W84/><G84/><T121/><D121/><U106/><E106/><V51/><REACH who="2" step="1"/><F98/><REACH who="2" ten="224,237,292,227" step="2"/><W100/><G100/><AGARI ba="0,2" hai="24,25,26,48,49,51,53,59,73,79,80,100,101,102" machi="100" ten="40,5200,0" yaku="1,1,2,1,53,1" doraHai="36" doraHaiUra="78" who="2" fromWho="3" sc="224,0,237,0,292,72,227,-52" /><INIT seed="2,0,0,4,1,18" ten="224,237,364,175" oya="2" hai0="36,85,118,134,110,9,78,50,56,1,17,96,0" hai1="27,34,37,72,89,132,112,116,66,101,39,73,3" hai2="98,19,81,114,60,125,75,88,94,127,43,33,2" hai3="109,69,102,31,117,95,30,76,70,61,35,111,128"/><V77/><F114/><W119/><G76/><T100/><D36/><U47/><E89/><V10/><F33/><W87/><G35/><T93/><D110/><N who="3" m="41993" /><G61/><T105/><D134/><U68/><E132/><V67/><F43/><W83/><G83/><T4/><D118/><N who="3" m="45065" /><G102/><T121/><D121/><U65/><E112/><V59/><REACH who="2" step="1"/><F19/><REACH who="2" ten="224,237,354,175" step="2"/><W71/><G128/><T103/><D17/><U55/><E116/><V74/><F74/><W58/><G31/><T12/><D105/><U11/><E34/><V90/><F90/><N who="3" m="53727" /><G30/><T57/><D103/><U91/><E101/><V16/><F16/><W15/><G58/><T54/><D56/><U7/><E73/><V22/><F22/><W64/><G64/><T80/><AGARI ba="0,1" hai="0,1,4,9,12,50,54,57,78,80,85,93,96,100" machi="80" ten="30,1100,0" yaku="0,1" doraHai="18" who="0" fromWho="0" sc="224,21,237,-3,354,-5,175,-3" /><INIT seed="3,0,0,5,3,52" ten="245,234,349,172" oya="3" hai0="58,128,41,123,91,115,68,86,109,63,33,38,82" hai1="99,75,111,65,130,81,5,112,62,10,67,57,43" hai2="118,87,85,50,54,3,103,124,25,8,48,9,119" hai3="78,102,77,21,70,11,19,27,49,73,113,7,47"/><W117/><G117/><T106/><D123/><U83/><E112/><V134/><F124/><W17/><G113/><T64/><D115/><U1/><E111/><V98/><F134/><W71/><G102/><T39/><D109/><U125/><E125/><V121/><F121/><W24/><G73/><T12/><D128/><U16/><E130/><V74/><F74/><W94/><G94/><T92/><D33/><U84/><E43/><V127/><F127/><W69/><G19/><T60/><D106/><U122/><E99/><V6/><F25/><W104/><G27/><T132/><D132/><U105/><E105/><V93/><F9/><W42/><REACH who="3" step="1"/><G104/><REACH who="3" ten="245,234,349,162" step="2"/><T114/><D114/><U37/><E75/><V30/><F119/><W2/><AGARI ba="0,1" hai="2,7,11,17,21,24,42,47,49,69,70,71,77,78" machi="2" ten="30,11700,0" yaku="1,1,2,1,0,1,53,1" doraHai="52" doraHaiUra="44" who="3" fromWho="3" sc="245,-39,234,-39,349,-39,162,127" /><INIT seed="3,1,0,2,1,5" ten="206,195,310,289" oya="3" hai0="89,116,115,58,6,131,119,11,50,81,47,66,25" hai1="82,72,133,27,54,21,8,42,67,36,41,73,71" hai2="12,100,20,104,107,101,37,22,130,49,87,114,7" hai3="85,63,44,75,35,52,112,65,92,79,10,93,23"/><W106/><G35/><T14/><D131/><U128/><E128/><V51/><F114/><W135/><G106/><T45/><D115/><U68/><E133/><V0/><F130/><W60/><G75/><T105/><D105/><U108/><E108/><V9/><F37/><W57/><G112/><T96/><D119/><U126/><E126/><V127/><F127/><W121/><G121/><T28/><D116/><U16/><E54/><V78/><F78/><W55/><G23/><T86/><D96/><U77/><E73/><V109/><F87/><W48/><G135/><T56/><D66/><U124/><E124/><V110/><F12/><W24/><G24/><T62/><D62/><U19/><E67/><V88/><F7/><W132/><G132/><T125/><D125/><U111/><E111/><V34/><F34/><W129/><G129/><T18/><D6/><U26/><E36/><V95/><F95/><W32/><G32/><T102/><D102/><U122/><E122/><V90/><F0/><W118/><G10/><AGARI ba="1,0" hai="9,10,20,22,49,51,88,90,100,101,104,107,109,110" machi="10" ten="25,8000,1" yaku="22,2,52,2,54,1" doraHai="5" who="2" fromWho="3" sc="206,0,195,0,310,83,289,-83" /><INIT seed="4,0,0,3,2,84" ten="206,195,393,206" oya="0" hai0="111,102,96,2,79,29,118,0,97,57,99,112,110" hai1="121,83,114,22,16,88,74,86,63,13,130,27,4" hai2="92,14,59,100,10,39,24,56,81,19,20,15,44" hai3="75,120,64,76,60,36,95,132,7,94,134,30,37"/><T78/><D118/><U93/><E121/><V45/><F81/><N who="3" m="45215" /><G30/><T128/><D112/><U50/><E74/><V125/><F125/><W131/><G7/><T23/><D128/><U58/><E130/><V34/><F34/><W3/><G3/><N who="0" m="1067" /><D57/><U61/><E114/><V107/><F107/><W68/><G120/><T119/><D102/><U126/><E126/><V89/><F100/><W38/><G131/><T116/><D23/><U109/><E109/><N who="0" m="41481" /><D29/><U54/><E83/><V133/><F39/><W106/><G106/><T85/><D78/><U91/><E91/><V35/><F59/><W43/><G43/><T115/><D115/><U1/><E1/><V41/><F56/><W42/><G42/><T80/><AGARI ba="0,0" hai="79,80,85,96,97,99,116,119" m="41481,1067" machi="80" ten="40,2100,0" yaku="10,1" doraHai="84" who="0" fromWho="0" sc="206,21,195,-7,393,-7,206,-7" /><INIT seed="4,1,0,4,5,0" ten="227,188,386,199" oya="0" hai0="60,83,114,24,92,58,104,22,27,122,115,56,52" hai1="121,99,88,42,96,32,132,11,68,86,25,81,94" hai2="82,2,18,95,3,31,134,67,93,19,1,59,53" hai3="8,14,85,66,100,64,43,6,30,47,39,51,109"/><T48/><D104/><U123/><E68/><V20/><F67/><W126/><G109/><T70/><D122/><U117/><E117/><V9/><F134/><W38/><G126/><T73/><D70/><U105/><E42/><V124/><F124/><W10/><G30/><T15/><D92/><U89/><E25/><V111/><F111/><W61/><G66/><T119/><D119/><U108/><E32/><V7/><F82/><W62/><G62/><T79/><D15/><U116/><E116/><V98/><F31/><W131/><G131/><T120/><D120/><U71/><E71/><V65/><F65/><W69/><G100/><T23/><D24/><U49/><E49/><V80/><F80/><W102/><G102/><T101/><D101/><U12/><E108/><V45/><F45/><W4/><REACH who="3" step="1"/><G85/><REACH who="3" ten="227,188,386,189" step="2"/><T127/><D127/><U72/><E123/><V55/><F98/><W133/><G133/><T41/><D115/><U97/><E121/><V91/><F59/><W125/><G125/><T135/><D114/><U13/><E132/><V28/><F28/><W17/><G17/><T130/><D130/><U107/><E72/><V26/><F19/><W77/><G77/><T33/><D135/><U76/><E107/><V110/><F110/><W128/><G128/><T57/><D60/><U54/><E105/><V5/><F91/><W112/><G112/><T90/><D90/><U118/><E118/><V74/><F74/><W78/><G78/><T36/><D79/><U37/><E76/><V29/><F29/><W113/><G113/><T46/><D73/><U63/><E89/><RYUUKYOKU ba="1,1" sc="227,-10,188,-10,386,-10,189,30" hai3="4,6,8,10,14,38,39,43,47,51,61,64,69" /><INIT seed="5,2,1,0,4,83" ten="217,178,376,219" oya="1" hai0="93,32,85,81,8,88,49,7,23,1,128,53,46" hai1="9,50,44,71,34,118,90,109,18,94,65,100,38" hai2="45,76,110,20,101,91,123,28,14,48,47,73,63" hai3="86,39,125,17,60,41,130,22,96,75,82,99,3"/><U6/><E118/><V117/><F110/><W111/><G3/><T95/><D32/><U121/><E34/><V104/><F123/><W87/><G111/><T119/><D119/><U16/><E121/><V0/><F0/><W52/><G39/><T89/><D128/><U51/><E109/><V78/><F117/><W66/><G41/><T92/><REACH who="0" step="1"/><D23/><REACH who="0" ten="207,178,376,219" step="2"/><U30/><E38/><V120/><F20/><W25/><G130/><T68/><D68/><U131/><E131/><V15/><F120/><W5/><G22/><T33/><D33/><U57/><E71/><V116/><F116/><W54/><G25/><T24/><D24/><U10/><E30/><V77/><F28/><W122/><G122/><T133/><D133/><U115/><E115/><V62/><F73/><W40/><G75/><T126/><D126/><U72/><E72/><V105/><F105/><W129/><G125/><T113/><D113/><U35/><E35/><V56/><F104/><W36/><G129/><T12/><D12/><N who="1" m="5175" /><E100/><V98/><F101/><W26/><G26/><T13/><D13/><N who="1" m="7223" /><E44/><V79/><F47/><W108/><G108/><T106/><D106/><U74/><E74/><V107/><F107/><W42/><G36/><T37/><D37/><U59/><E18/><V2/><F45/><W64/><G17/><T27/><D27/><U67/><E59/><V69/><F56/><W61/><G5/><T114/><D114/><U112/><E112/><V127/><F127/><W103/><G103/><T134/><D134/><U84/><E57/><V19/><F69/><W135/><G135/><T132/><D132/><RYUUKYOKU ba="2,2" sc="207,10,178,10,376,-30,219,10" hai0="1,7,8,46,49,53,81,85,88,89,92,93,95" hai1="50,51,65,67,84,90,94" hai3="40,42,52,54,60,61,64,66,82,86,87,96,99" /><INIT seed="5,3,2,3,4,55" ten="217,188,346,229" oya="1" hai0="115,80,89,107,56,46,17,38,72,51,105,71,131" hai1="134,64,110,68,108,9,69,36,40,35,114,27,122" hai2="52,5,109,23,42,91,97,67,88,99,43,79,93" hai3="126,102,130,31,84,45,48,3,133,76,12,104,101"/><U124/><E122/><V8/><F109/><N who="1" m="42089" /><E9/><V10/><F79/><W135/><G31/><T37/><D71/><N who="1" m="27211" /><E35/><V116/><F116/><W129/><G3/><T113/><D131/><N who="3" m="50185" /><G126/><T39/><D17/><U1/><E1/><V15/><F67/><W54/><G12/><T82/><D56/><U22/><E124/><V87/><F99/><N who="3" m="61535" /><G101/><T106/><D89/><U132/><E64/><V98/><F98/><W2/><G2/><T73/><D51/><U63/><E63/><V94/><F23/><W65/><G65/><T60/><D46/><N who="1" m="23815" /><E114/><N who="0" m="43529" /><D60/><U85/><E85/><V21/><F21/><W53/><G54/><T29/><D29/><AGARI ba="3,2" hai="22,27,29,132,134" m="23815,27211,42089" machi="29" ten="30,1500,0" yaku="10,1" doraHai="55" who="1" fromWho="0" sc="217,-24,188,44,346,0,229,0" /><INIT seed="5,4,0,1,3,110" ten="193,232,346,229" oya="1" hai0="86,100,68,127,117,124,92,49,81,72,34,24,77" hai1="85,120,37,13,114,40,108,25,8,93,48,107,22" hai2="88,111,90,3,52,61,98,18,6,103,51,102,121" hai3="118,73,99,112,115,70,132,23,126,109,16,1,128"/><U104/><E120/><V125/><F111/><W71/><RYUUKYOKU type="yao9" ba="4,0" sc="193,0,232,0,346,0,229,0" hai3="1,16,23,70,71,73,99,109,112,115,118,126,128,132" /><INIT seed="5,5,0,4,5,54" ten="193,232,346,229" oya="1" hai0="135,6,79,35,85,110,39,60,82,14,120,131,124" hai1="111,44,29,65,68,26,4,41,18,16,77,2,126" hai2="67,42,108,88,47,72,40,90,92,7,125,117,8" hai3="116,118,56,98,19,84,36,22,107,95,51,62,17"/><U93/><E126/><V127/><F108/><W86/><G36/><T128/><D35/><U132/><E111/><V119/><F72/><W73/><G51/><T105/><D110/><U94/><E132/><V71/><F67/><N who="3" m="39367" /><G107/><T24/><D105/><U58/><E68/><V129/><F71/><W134/><G73/><T59/><D39/><U74/><E74/><V100/><F100/><N who="3" m="60511" /><G19/><N who="1" m="7210" /><E77/><V81/><F129/><W11/><G11/><T49/><D128/><U66/><E2/><V103/><F103/><W28/><G28/><T99/><D131/><U113/><E113/><V87/><F119/><N who="3" m="45611" /><G134/><T27/><D135/><U50/><E4/><V25/><F117/><W13/><AGARI ba="5,0" hai="13,17,22,84,86" m="45611,60511,39367" machi="13" ten="30,2000,0" yaku="12,1,52,1" doraHai="54" who="3" fromWho="3" sc="193,-10,232,-15,346,-10,229,35" /><INIT seed="6,0,0,1,5,60" ten="183,217,336,264" oya="2" hai0="55,11,121,26,123,40,2,44,38,43,71,0,15" hai1="102,46,134,25,111,24,22,79,42,99,74,103,125" hai2="83,35,61,4,53,95,32,100,59,81,98,36,91" hai3="30,23,54,31,117,3,90,129,104,1,56,108,69"/><V18/><F36/><W21/><G69/><T66/><D43/><U58/><E111/><V107/><F4/><W124/><G104/><T27/><D55/><U80/><E134/><V89/><F35/><W93/><G117/><T114/><D114/><U87/><E125/><V20/><F91/><W110/><G129/><T96/><D96/><U17/><E74/><V94/><F32/><W132/><G132/><T8/><D71/><U9/><E9/><V33/><F33/><W10/><G10/><T64/><D40/><U68/><E68/><V62/><F62/><W51/><G124/><T5/><D44/><U13/><E58/><V105/><F107/><W82/><G82/><T133/><D38/><U116/><E116/><V101/><F105/><W41/><G41/><T130/><D133/><U85/><E85/><V119/><F101/><W34/><G34/><T118/><D118/><U73/><E73/><V7/><F7/><W65/><G3/><T120/><D130/><U50/><E99/><N who="2" m="57839" /><F119/><W52/><G1/><T14/><D121/><U88/><E79/><V12/><AGARI ba="0,0" hai="12,18,20,53,59,61,81,83,94,98,100" m="57839" machi="12" ten="30,1500,0" yaku="8,1" doraHai="60" who="2" fromWho="2" sc="183,-5,217,-5,336,15,264,-5" /><INIT seed="6,1,0,4,5,56" ten="178,212,351,259" oya="2" hai0="130,62,90,86,51,81,14,124,61,31,79,9,74" hai1="5,97,57,114,92,63,49,89,19,87,110,119,69" hai2="107,75,93,88,118,100,18,28,132,73,16,36,8" hai3="3,7,111,135,23,2,54,123,112,122,55,1,71"/><V50/><F118/><W99/><G71/><T60/><D130/><U13/><E119/><V33/><F36/><W29/><G99/><T85/><D124/><U95/><E69/><V26/><F132/><W98/><G98/><T78/><D74/><U66/><E110/><V12/><F107/><W11/><G55/><T76/><D31/><U94/><E114/><V22/><F50/><W105/><G54/><T53/><D85/><U10/><E49/><V115/><F100/><W82/><G82/><T96/><D96/><U108/><E108/><V128/><F115/><W47/><G47/><N who="0" m="27903" /><D78/><U58/><E97/><V17/><F128/><W134/><G105/><T67/><D67/><U38/><E38/><V70/><F70/><W116/><G116/><T34/><D34/><U39/><E39/><V35/><F35/><W68/><G68/><T45/><D45/><U109/><E109/><V64/><F64/><W72/><G72/><T44/><D44/><U32/><E32/><V15/><F18/><AGARI ba="1,0" hai="9,14,18,60,61,62,76,79,81,86,90" m="27903" machi="18" ten="30,8000,1" yaku="25,1,8,1,52,3" doraHai="56" who="0" fromWho="2" sc="178,83,212,0,351,-83,259,0" /><INIT seed="7,0,0,5,5,14" ten="261,212,268,259" oya="3" hai0="19,44,38,26,119,129,122,96,27,63,77,67,70" hai1="7,17,94,54,28,8,69,92,1,75,21,112,9" hai2="31,101,47,6,61,106,35,72,102,42,120,73,98" hai3="84,108,131,12,124,113,117,125,57,65,88,68,76"/><W127/><G117/><T18/><D119/><U20/><E75/><V32/><F6/><W74/><G131/><T100/><D122/><U59/><E69/><V30/><F120/><W81/><G113/><T48/><D129/><U0/><E112/><V58/><F102/><W52/><G108/><T115/><D115/><U40/><E40/><V130/><F130/><W103/><G103/><T135/><D77/><U5/><E28/><V62/><F62/><N who="3" m="39991" /><G12/><T49/><D38/><U116/><E116/><V80/><F80/><W104/><G104/><T10/><D135/><U121/><E121/><V16/><F73/><W23/><G23/><T39/><D39/><U105/><E105/><V128/><F72/><W37/><G37/><T60/><D60/><U78/><E78/><V4/><F4/><W89/><G74/><T55/><D48/><AGARI ba="0,0" hai="48,52,57,76,81,84,88,89,124,125,127" m="39991" machi="48" ten="30,5800,0" yaku="18,1,54,2" doraHai="14" who="3" fromWho="0" sc="261,-58,212,0,268,0,259,58" owari="203,-29.7,212,-18.8,268,6.8,317,41.7" /></mjloggm>