<mjloggm ver="2.3"><GO type="41" lobby="0"/><UN n0="%E6%BF%A0%E6%B1%9F%E5%AF%B6" n1="%E6%B8%AF%E7%94%B7" n2="%E2%93%9D%4C%75%63%6B%79%4A" n3="%2F%52%73" dan="13,13,18,13" rate="1845.99,1876.51,2209.93,1818.92" sx="M,M,M,F"/><TAIKYOKU oya="0"/><INIT seed="0,0,0,2,2,92" ten="250,250,250,250" oya="0" hai0="20,8,97,64,61,87,134,73,110,1,27,31,118" hai1="28,108,63,25,129,70,39,32,0,123,127,81,86" hai2="101,49,55,131,102,56,84,41,94,16,14,121,46" hai3="104,115,128,125,45,18,4,78,15,124,99,21,10"/><T71/><D118/><U48/><E123/><V57/><F121/><W89/><G78/><T72/><D134/><U62/><E108/><V68/><F68/><W36/><G45/><T106/><D110/><U83/><E127/><N who="3" m="48714" /><G115/><T3/><D87/><U82/><E129/><V116/><F57/><W19/><G19/><T88/><D3/><U50/><E39/><V7/><F7/><W35/><G35/><T65/><D65/><U132/><E132/><V58/><F58/><W60/><G60/><T42/><D42/><U126/><E126/><V113/><F131/><W135/><G135/><T75/><D1/><U120/><E0/><V107/><F107/><W34/><G34/><T122/><D122/><U52/><E70/><V117/><F113/><W91/><G36/><T26/><D8/><U54/><E120/><V11/><F117/><W38/><G38/><T77/><D27/><U112/><E86/><V13/><F14/><N who="3" m="5447" /><G128/><T33/><D20/><U53/><REACH who="1" step="1"/><E112/><REACH who="1" ten="250,240,250,250" step="2"/><V100/><F116/><W98/><G104/><T9/><D106/><U51/><AGARI ba="0,1" hai="25,28,32,48,50,51,52,53,54,62,63,81,82,83" machi="51" ten="40,12000,2" yaku="1,1,2,1,0,1,29,2,54,1,53,0" doraHai="92" doraHaiUra="85" who="1" fromWho="1" sc="250,-60,240,130,250,-30,250,-30" /><INIT seed="1,0,0,2,0,116" ten="190,370,220,220" oya="1" hai0="21,93,125,69,52,78,105,98,55,19,18,86,88" hai1="106,109,113,44,94,54,100,128,90,83,31,87,101" hai2="15,7,43,122,25,115,64,11,73,50,127,6,40" hai3="74,68,58,3,70,72,51,99,130,104,59,13,120"/><U67/><E31/><V112/><F73/><W39/><G13/><T24/><D125/><U121/><E67/><V56/><F127/><W97/><G104/><T102/><D69/><U62/><E44/><V65/><F25/><W77/><G77/><T134/><D134/><U26/><E26/><V75/><F75/><W23/><G23/><T45/><D45/><U22/><E22/><V71/><F71/><W119/><G119/><T95/><D95/><U126/><E54/><V135/><F135/><W131/><G39/><T27/><REACH who="0" step="1"/><D78/><REACH who="0" ten="180,370,220,220" step="2"/><N who="1" m="46583" /><E126/><V38/><F115/><W53/><G3/><T96/><D96/><N who="1" m="61703" /><E113/><V33/><F112/><W84/><G99/><T35/><D35/><U108/><E101/><V66/><F33/><W82/><G97/><T89/><D89/><U81/><E62/><V46/><F46/><W28/><G59/><T129/><D129/><U37/><E37/><V61/><F38/><W124/><G58/><T57/><D57/><U12/><E128/><V49/><F56/><W132/><G124/><T111/><D111/><N who="1" m="42571" /><E81/><V76/><F66/><W29/><G82/><T91/><D91/><U85/><E12/><V107/><F15/><W32/><G32/><T10/><D10/><U36/><E36/><V60/><F11/><W114/><G114/><T14/><D14/><U34/><E34/><V118/><F65/><W80/><G80/><T42/><D42/><U79/><E79/><V117/><F76/><W17/><G131/><T47/><D47/><U4/><E4/><V30/><F64/><W2/><G130/><T8/><D8/><U48/><E48/><RYUUKYOKU ba="0,1" sc="180,15,370,15,220,-15,220,-15" hai0="18,19,21,24,27,52,55,86,88,93,98,102,105" hai1="85,90,94,121" /><INIT seed="1,1,1,0,2,69" ten="195,385,205,205" oya="1" hai0="63,29,57,59,47,104,80,3,113,99,115,5,108" hai1="103,49,27,98,100,96,62,120,14,118,94,71,0" hai2="1,124,112,39,73,135,54,2,30,129,97,127,60" hai3="50,95,114,107,26,34,101,56,37,121,91,92,38"/><U36/><E120/><V74/><F30/><W64/><G121/><T42/><D108/><U23/><E118/><V83/><F83/><W81/><G107/><T53/><D29/><U132/><E0/><N who="2" m="107" /><F54/><W43/><G34/><T18/><D80/><U93/><E132/><V33/><F60/><W45/><G26/><T4/><D18/><U44/><E36/><V126/><F129/><W85/><G114/><T128/><D128/><U130/><E71/><V109/><F109/><W119/><G101/><T32/><D32/><U82/><E62/><V122/><F122/><W105/><G105/><T87/><D3/><U88/><E82/><V35/><F112/><W110/><G110/><T52/><D113/><U123/><E14/><V77/><F77/><W13/><G13/><T133/><D115/><U76/><E76/><V134/><F97/><W20/><G20/><T19/><D133/><N who="2" m="50698" /><F39/><W40/><G40/><T70/><D70/><U106/><E130/><V65/><F65/><W7/><G7/><T117/><D87/><U25/><E123/><V102/><F102/><W86/><G95/><T58/><D58/><U10/><E106/><V131/><F131/><W116/><G56/><T6/><D99/><N who="1" m="57767" /><E10/><V28/><F35/><W11/><G64/><T51/><D104/><N who="1" m="63495" /><E23/><V79/><F79/><N who="3" m="46271" /><G11/><T125/><D117/><AGARI ba="1,1" hai="37,38,43,45,50,86,91,92,116,117,119" m="46271" machi="117" ten="30,3900,0" yaku="12,1,52,2" doraHai="69" who="3" fromWho="0" sc="195,-42,385,0,205,0,205,52" /><INIT seed="2,0,0,3,5,72" ten="153,385,205,257" oya="2" hai0="131,75,71,97,22,123,128,62,65,106,105,61,115" hai1="127,117,21,68,94,89,70,81,77,85,111,121,110" hai2="74,49,47,48,88,78,6,119,20,100,44,54,19" hai3="53,133,84,1,33,5,92,87,107,126,59,2,90"/><V34/><F119/><W17/><G107/><T15/><D75/><U12/><E117/><V23/><F34/><W32/><G126/><T93/><D123/><U134/><E121/><V35/><F35/><W67/><G67/><T69/><D115/><U112/><E112/><V73/><F6/><W109/><G109/><N who="1" m="41482" /><E127/><V41/><F100/><W18/><G5/><T40/><D40/><U96/><E134/><V26/><F78/><W80/><G32/><T46/><D46/><U130/><E130/><N who="0" m="49705" /><D15/><U28/><E12/><V55/><F41/><W8/><G33/><T102/><D22/><U10/><E10/><V51/><F51/><W60/><G133/><T50/><D50/><U58/><E58/><V99/><F23/><W4/><REACH who="3" step="1"/><G1/><REACH who="3" ten="153,385,205,247" step="2"/><T108/><D108/><U125/><E125/><V16/><F19/><W31/><G31/><T82/><D69/><U98/><E70/><V38/><F38/><W95/><G95/><AGARI ba="0,1" hai="16,20,26,44,47,48,49,54,55,73,74,88,95,99" machi="95" ten="40,7700,0" yaku="9,1,54,2" doraHai="72" who="2" fromWho="3" sc="153,0,385,0,205,87,247,-77" /><INIT seed="2,1,0,3,4,129" ten="153,385,292,170" oya="2" hai0="20,31,122,50,113,130,84,119,62,91,87,114,35" hai1="70,106,82,56,38,40,19,132,126,67,64,45,97" hai2="71,109,41,117,34,3,88,55,53,11,108,61,73" hai3="80,14,1,46,69,128,32,43,9,86,59,101,10"/><V28/><F73/><W42/><G69/><T83/><D122/><U7/><E7/><N who="2" m="1535" /><F117/><W78/><G32/><T8/><D130/><U77/><E106/><V124/><F41/><W99/><G46/><T17/><D119/><U102/><E97/><V89/><F124/><W66/><G1/><T94/><D35/><U90/><E102/><V23/><F23/><W121/><G9/><T24/><D62/><N who="1" m="40215" /><E90/><N who="2" m="34923" /><F28/><W110/><G121/><T118/><D118/><U47/><E19/><V22/><F22/><W123/><G123/><T127/><D127/><U30/><E30/><V96/><F96/><W112/><G112/><T58/><D31/><U104/><E82/><V135/><F34/><W21/><G21/><T26/><D26/><U72/><E77/><V54/><F71/><W57/><G42/><T39/><D39/><U29/><E29/><V76/><F76/><W27/><G43/><T51/><D8/><U79/><E79/><V81/><F81/><W13/><G27/><T105/><D105/><U116/><E104/><V115/><F115/><W133/><G10/><T100/><D100/><U85/><E85/><V36/><F36/><W5/><G101/><T4/><D4/><U74/><E126/><V60/><F135/><W15/><G5/><T48/><D58/><U111/><E116/><V2/><F2/><W33/><G133/><T93/><D93/><U103/><E103/><V16/><F16/><W120/><G33/><T49/><N who="0" m="12288" /><DORA hai="0" /><T131/><D131/><U25/><E25/><V125/><F125/><W65/><G128/><T95/><D95/><U107/><E107/><RYUUKYOKU ba="1,0" sc="153,15,385,-15,292,15,170,-15" hai0="17,20,24,83,84,87,91,94,113,114" hai2="53,54,55,60,61,108,109" /><INIT seed="2,2,0,3,5,67" ten="168,370,307,155" oya="2" hai0="48,126,107,74,93,71,45,19,29,95,15,65,6" hai1="53,131,16,50,17,125,111,85,8,120,109,117,54" hai2="72,134,42,79,118,49,38,90,14,116,97,69,61" hai3="98,119,46,70,113,51,7,82,63,55,108,2,26"/><V3/><F14/><W4/><G108/><N who="1" m="41546" /><E117/><V27/><F49/><W10/><G7/><T76/><D126/><U11/><E125/><V25/><F90/><W129/><G129/><T57/><D107/><U102/><E85/><V28/><F27/><W66/><G113/><T20/><D29/><U130/><E50/><V128/><F134/><W64/><G64/><T47/><D6/><U44/><E102/><V133/><F97/><W88/><G26/><T106/><D106/><U121/><E44/><N who="2" m="23639" /><F133/><W99/><REACH who="3" step="1"/><G119/><REACH who="3" ten="168,370,307,145" step="2"/><T122/><D122/><N who="1" m="47211" /><E131/><V30/><F128/><W86/><AGARI ba="2,1" hai="2,4,10,46,51,55,63,66,70,82,86,88,98,99" machi="86" ten="30,8000,1" yaku="1,1,0,1,52,1,54,1,53,1" doraHai="67" doraHaiUra="87" who="3" fromWho="3" sc="168,-22,370,-22,307,-42,145,96" /><INIT seed="3,0,0,0,1,52" ten="146,348,265,241" oya="3" hai0="54,85,65,108,70,39,55,42,58,7,92,14,4" hai1="57,123,68,13,71,90,126,37,6,118,82,131,84" hai2="61,43,18,132,0,40,28,35,31,24,60,63,102" hai3="115,86,78,113,5,34,59,64,122,107,38,45,110"/><W8/><G34/><T33/><D108/><U93/><E123/><V47/><F0/><W124/><G107/><T94/><D33/><U133/><E37/><V62/><F132/><W41/><G110/><T119/><D119/><U134/><E118/><V16/><N who="2" m="15360" /><DORA hai="56" /><V51/><F31/><W32/><G32/><T15/><D70/><N who="1" m="26667" /><E57/><V9/><F102/><W130/><G64/><T23/><D39/><U80/><E6/><N who="0" m="2089" /><D42/><U79/><E13/><N who="0" m="4617" /><D23/><U99/><E126/><V125/><F125/><W116/><G38/><T100/><D65/><U69/><N who="1" m="26675" /><U66/><DORA hai="89" /><E66/><V75/><F75/><W19/><G41/><T72/><D72/><U73/><E131/><V22/><F35/><W30/><G130/><T74/><D74/><U112/><E82/><V46/><REACH who="2" step="1"/><F9/><REACH who="2" ten="146,348,255,241" step="2"/><W135/><G8/><T127/><D127/><U114/><E73/><V97/><F97/><W81/><G124/><T76/><D100/><U27/><E27/><V36/><AGARI ba="0,1" hai="16,18,22,24,28,36,40,43,46,47,51" m="15360" machi="36" ten="40,12000,2" yaku="1,1,0,1,52,4,54,1,53,0" doraHai="52,56,89" doraHaiUra="10,2,121" who="2" fromWho="2" sc="146,-30,348,-30,255,130,241,-60" /><INIT seed="4,0,0,5,0,116" ten="116,318,385,181" oya="0" hai0="74,25,47,26,124,52,104,11,6,126,28,57,1" hai1="61,134,53,29,100,65,30,125,94,73,127,5,119" hai2="19,40,43,72,60,12,132,24,77,68,89,46,105" hai3="109,95,14,33,120,7,123,112,81,16,58,38,91"/><T99/><D74/><U63/><E119/><V54/><F105/><W42/><G33/><T130/><D130/><U114/><E73/><V118/><F118/><W84/><G109/><T22/><D26/><U44/><E5/><V128/><F132/><W106/><G106/><T122/><D47/><U87/><E114/><V36/><F89/><W59/><G7/><T55/><D55/><U129/><E129/><V21/><F128/><W113/><G42/><T78/><D78/><U107/><E107/><V97/><F97/><W70/><G70/><T0/><D0/><U48/><E134/><V83/><F43/><W110/><G81/><T98/><D122/><N who="3" m="46633" /><G38/><T133/><D133/><U15/><E15/><V62/><F68/><W85/><G85/><T41/><D41/><U90/><E100/><V80/><F83/><W102/><G102/><T31/><D31/><N who="1" m="11787" /><E65/><V111/><F111/><W103/><G103/><T56/><D56/><N who="3" m="21545" /><G110/><T2/><D2/><U93/><E94/><V20/><F54/><W66/><G66/><T49/><REACH who="0" step="1"/><D104/><REACH who="0" ten="106,318,385,181" step="2"/><U9/><E127/><AGARI ba="0,1" hai="1,6,11,22,25,28,49,52,57,98,99,124,126,127" machi="127" ten="40,12000,1" yaku="1,1,2,1,18,1,54,1,53,1" doraHai="116" doraHaiUra="34" who="0" fromWho="1" sc="106,130,318,-120,385,0,181,0" /><INIT seed="4,1,0,3,2,62" ten="236,198,385,181" oya="0" hai0="15,93,114,13,84,101,109,80,100,4,110,10,29" hai1="99,102,7,129,95,66,19,55,74,116,33,35,3" hai2="98,48,130,89,83,44,63,6,45,24,82,39,106" hai3="123,108,132,86,49,85,107,56,79,14,75,52,57"/><T104/><D104/><U103/><E116/><V59/><F39/><W120/><G108/><N who="0" m="41579" /><D29/><U81/><E129/><V77/><F6/><W36/><G107/><T2/><D114/><U67/><E7/><V112/><F130/><W118/><G36/><T69/><D69/><U34/><E3/><V53/><F112/><W8/><G118/><T117/><D117/><U41/><E41/><V64/><F24/><W40/><G40/><T27/><D27/><U88/><E55/><V28/><F28/><W16/><G57/><T78/><D93/><U125/><E19/><V96/><F45/><W65/><G65/><T50/><D50/><U133/><E133/><V135/><F135/><W121/><REACH who="3" step="1"/><G132/><REACH who="3" ten="236,198,385,171" step="2"/><T131/><D131/><U134/><E125/><V70/><F106/><W122/><N who="3" m="30720" /><DORA hai="21" /><W58/><G58/><T20/><D2/><U60/><E134/><V113/><F113/><W5/><G5/><T72/><D72/><U128/><E128/><V26/><F70/><W1/><G1/><T22/><D22/><U71/><REACH who="1" step="1"/><E66/><REACH who="1" ten="236,188,385,171" step="2"/><V46/><F64/><W38/><G38/><T54/><D54/><U12/><E12/><V87/><F53/><W68/><G68/><T127/><D127/><U92/><E92/><V11/><F59/><W25/><G25/><T32/><D15/><U126/><E126/><V111/><F111/><W0/><G0/><T31/><D13/><U115/><E115/><V17/><F26/><W9/><G9/><T51/><D10/><U73/><E73/><V43/><F11/><W94/><G94/><T105/><D4/><U30/><E30/><RYUUKYOKU ba="1,2" sc="236,-15,188,15,385,-15,171,15" hai1="33,34,35,60,67,71,74,81,88,95,99,102,103" hai3="8,14,16,49,52,56,75,79,85,86" /><INIT seed="5,2,2,0,3,28" ten="221,203,370,186" oya="1" hai0="130,84,121,129,113,54,21,114,95,14,64,59,42" hai1="36,81,11,24,134,90,105,16,92,0,5,51,13" hai2="43,19,96,73,125,127,60,80,30,104,35,46,49" hai3="69,78,75,79,133,135,120,63,22,15,38,45,48"/><U85/><E105/><V99/><F19/><N who="3" m="10623" /><G38/><T83/><D42/><U106/><E36/><V97/><F60/><W6/><G6/><T76/><D64/><U67/><E106/><V126/><F104/><W9/><G9/><T31/><D121/><U100/><E67/><V17/><F17/><W37/><G37/><T18/><D31/><U131/><E134/><N who="3" m="51210" /><G75/><T57/><D95/><U52/><E131/><N who="0" m="50185" /><D57/><U68/><E68/><V77/><F30/><W87/><G87/><T132/><D132/><U88/><E0/><V86/><F35/><W93/><G93/><T50/><AGARI ba="2,2" hai="14,18,21,50,54,59,76,83,84,113,114" m="50185" machi="50" ten="30,1100,0" yaku="19,1" doraHai="28" who="0" fromWho="0" sc="221,37,203,-7,370,-5,186,-5" /><INIT seed="6,0,0,5,3,64" ten="258,196,365,181" oya="2" hai0="28,60,86,121,49,108,23,16,22,103,27,14,13" hai1="53,30,94,98,59,122,37,80,18,29,5,115,71" hai2="0,116,42,58,40,88,95,54,110,106,44,91,90" hai3="12,19,102,132,56,99,7,25,78,70,41,66,9"/><V43/><F116/><W111/><G111/><T4/><D108/><U83/><E37/><V131/><F110/><W129/><G129/><T85/><D121/><U75/><E122/><V68/><F106/><W89/><G78/><T100/><D49/><U74/><E5/><V130/><F0/><W119/><G41/><T21/><D60/><U96/><E18/><V39/><F68/><W47/><G47/><T55/><D55/><U73/><E115/><V76/><F76/><W79/><G79/><T72/><D72/><U133/><E94/><V107/><F107/><W109/><G109/><T69/><D69/><U104/><E104/><V126/><F126/><W124/><G102/><N who="0" m="38955" /><D22/><U63/><E71/><V134/><F134/><W35/><G70/><T123/><D123/><U38/><E38/><V62/><REACH who="2" step="1"/><F95/><REACH who="2" ten="258,196,355,181" step="2"/><W135/><G124/><T32/><D32/><U36/><E133/><V97/><F97/><W31/><G119/><T10/><AGARI ba="0,1" hai="4,10,13,14,16,21,23,27,28,85,86" m="38955" machi="10" ten="30,2000,0" yaku="8,1,54,1" doraHai="64" who="0" fromWho="0" sc="258,30,196,-5,355,-10,181,-5" /><INIT seed="7,0,0,4,3,58" ten="288,191,345,176" oya="3" hai0="73,131,89,48,44,123,38,85,14,28,95,112,118" hai1="101,22,90,77,67,46,49,45,111,8,36,50,25" hai2="16,40,41,87,93,10,109,133,108,104,69,54,107" hai3="130,66,2,134,116,70,33,29,31,99,34,83,81"/><W52/><G116/><T37/><D118/><U106/><E111/><V135/><F69/><W126/><G2/><T125/><D123/><U94/><E106/><N who="2" m="40491" /><F54/><W113/><G70/><T19/><D73/><U23/><E101/><V122/><F122/><W35/><G66/><T92/><D112/><U17/><E36/><V129/><F129/><W71/><G71/><T42/><D131/><U3/><E3/><V74/><F74/><W7/><G130/><T97/><D28/><N who="3" m="10825" /><G113/><T121/><D125/><U64/><E77/><V39/><F39/><W43/><G126/><T13/><D13/><U120/><E8/><V12/><F109/><W26/><G99/><T18/><D18/><U124/><E124/><V75/><F75/><W20/><G52/><T79/><D121/><U102/><E102/><V53/><F53/><W61/><G61/><T78/><D38/><U47/><E23/><V132/><F108/><W59/><G59/><T9/><REACH who="0" step="1"/><D37/><REACH who="0" ten="278,191,345,176" step="2"/><U30/><E17/><V5/><F16/><N who="3" m="12551" /><G7/><T88/><AGARI ba="0,1" hai="9,14,19,42,44,48,78,79,85,88,89,92,95,97" machi="88" ten="20,8000,1" yaku="1,1,0,1,7,1,8,1,54,1,53,0" doraHai="58" doraHaiUra="0" who="0" fromWho="0" sc="278,90,191,-20,345,-20,176,-40" owari="368,46.8,171,-22.9,325,12.5,136,-36.4" /></mjloggm>