<mjloggm ver="2.3"><GO type="41" lobby="0"/><UN n0="%E2%93%9D%4C%75%63%6B%79%4A" n1="%E3%81%AD%E3%81%93%E3%81%9F%E3%81%99" n2="%6B%69%6C%6F" n3="%E6%9D%A3%E3%81%AE%E5%A4%A9%E7%8B%97" dan="18,13,13,15" rate="2214.23,1827.45,1817.81,1980.00" sx="M,F,M,M"/><TAIKYOKU oya="0"/><INIT seed="0,0,0,1,3,14" ten="250,250,250,250" oya="0" hai0="48,73,0,22,46,2,113,129,62,132,102,43,29" hai1="135,91,114,66,133,18,81,84,106,71,90,63,101" hai2="76,119,50,61,104,7,51,31,100,96,23,15,110" hai3="3,98,9,82,57,85,72,53,97,30,68,56,5"/><T11/><D113/><U32/><E114/><V118/><F110/><W83/><G68/><T93/><D73/><U126/><E32/><V13/><F76/><W33/><G72/><T60/><D132/><N who="1" m="50763" /><E126/><V41/><F41/><W103/><G30/><T44/><D129/><U88/><E101/><V4/><F61/><W117/><G33/><T107/><D107/><U127/><E127/><V47/><F15/><W69/><G69/><T45/><D2/><U123/><E123/><V35/><F35/><W38/><G38/><T122/><D0/><U112/><E106/><V25/><F47/><N who="0" m="17962" /><D11/><U92/><E112/><V40/><F40/><W58/><G117/><N who="2" m="44553" /><F4/><W49/><G82/><T42/><D122/><U37/><E37/><V12/><F12/><W128/><G128/><T77/><D77/><N who="1" m="46127" /><E92/><V87/><F87/><W59/><REACH who="3" step="1"/><G103/><REACH who="3" ten="250,250,250,240" step="2"/><T67/><D102/><U16/><AGARI ba="0,1" hai="16,18,63,66,71,88,90,91" m="46127,50763" machi="16" ten="40,8000,1" yaku="20,1,52,2,54,2" doraHai="14" who="1" fromWho="1" sc="250,-40,250,90,250,-20,240,-20" /><INIT seed="1,0,0,3,2,42" ten="210,340,230,220" oya="1" hai0="129,127,113,10,14,77,110,39,69,117,0,29,128" hai1="21,81,94,35,130,106,125,11,9,102,2,3,34" hai2="107,59,84,13,92,40,31,111,6,60,96,5,135" hai3="123,7,82,16,83,24,22,119,48,28,109,47,93"/><U38/><E106/><V71/><F111/><W20/><G123/><T121/><RYUUKYOKU type="yao9" ba="0,0" sc="210,0,340,0,230,0,220,0" hai0="0,10,14,29,39,69,77,110,113,117,121,127,128,129" /><INIT seed="1,1,0,5,1,131" ten="210,340,230,220" oya="1" hai0="93,64,31,28,1,8,104,123,63,26,108,21,88" hai1="56,37,95,132,25,124,34,114,85,2,89,79,38" hai2="45,75,50,54,48,60,27,67,19,14,80,92,46" hai3="57,77,51,119,121,44,32,12,101,127,97,130,128"/><U98/><E2/><V3/><F3/><W29/><G121/><T71/><D123/><U120/><E120/><V53/><F27/><N who="3" m="18495" /><G77/><T40/><D108/><U39/><E114/><V100/><F75/><W59/><G12/><T129/><D129/><N who="3" m="49769" /><G127/><T91/><D104/><U17/><E124/><V82/><F92/><N who="3" m="58535" /><G119/><T52/><D40/><AGARI ba="1,0" hai="40,44,51,57,59" m="58535,49769,18495" machi="40" ten="30,1000,0" yaku="19,1" doraHai="131" who="3" fromWho="0" sc="210,-13,340,0,230,0,220,13" /><INIT seed="2,0,0,5,3,67" ten="197,340,230,233" oya="2" hai0="56,120,82,89,61,122,52,38,28,125,25,70,0" hai1="17,132,128,118,5,88,73,91,50,64,34,80,22" hai2="130,131,75,96,101,92,102,45,39,83,93,60,63" hai3="97,55,95,107,47,26,66,42,69,68,35,59,124"/><V71/><F75/><W44/><G107/><T121/><D0/><U21/><E118/><V114/><F114/><W51/><G124/><T100/><D38/><U74/><E34/><V113/><F113/><W31/><G47/><T72/><D100/><U108/><E108/><V98/><F83/><W111/><G66/><T20/><D125/><U86/><E132/><V105/><F105/><W84/><G84/><T9/><D9/><U1/><E128/><V23/><F23/><W58/><G58/><T57/><D57/><U19/><E5/><V119/><F119/><W123/><G111/><T106/><D106/><U135/><E1/><V46/><REACH who="2" step="1"/><F39/><REACH who="2" ten="197,340,220,233" step="2"/><W13/><G123/><T37/><D37/><U27/><E135/><V134/><F134/><W10/><G10/><T4/><D72/><U126/><E126/><V7/><F7/><W81/><G81/><T30/><D4/><U36/><E36/><V54/><F54/><W3/><G3/><T117/><D117/><U18/><E74/><V62/><F62/><W43/><G43/><T14/><D122/><U115/><E115/><V99/><F99/><W2/><G2/><T85/><D121/><U112/><E73/><V90/><F90/><W77/><G77/><T109/><D120/><U65/><E112/><V76/><F76/><W87/><G87/><T24/><D109/><U33/><E33/><V127/><F127/><W16/><G55/><T103/><D85/><U49/><E91/><V78/><F78/><W110/><G97/><T133/><D133/><U104/><E104/><V94/><F94/><W53/><G95/><RYUUKYOKU ba="0,1" sc="197,-10,340,-10,220,30,233,-10" hai2="45,46,60,63,71,92,93,96,98,101,102,130,131" /><INIT seed="2,1,1,4,5,131" ten="187,330,250,223" oya="2" hai0="104,41,40,9,14,82,89,121,43,116,4,105,115" hai1="24,80,99,85,12,58,76,50,74,2,130,127,75" hai2="133,19,20,132,46,88,109,8,33,61,15,87,45" hai3="32,91,120,38,39,53,83,48,70,95,96,101,1"/><V92/><F33/><W114/><G1/><T51/><D121/><U98/><E2/><V21/><F109/><W30/><G70/><T59/><D115/><U108/><E108/><V56/><F21/><W126/><G120/><T117/><D89/><U66/><E130/><V93/><F93/><W134/><G126/><T27/><D82/><U36/><E36/><V10/><F10/><W113/><G30/><T67/><D27/><U54/><E127/><V3/><F3/><W79/><G32/><T125/><D125/><U107/><E66/><V26/><F56/><N who="3" m="32807" /><G101/><T60/><REACH who="0" step="1"/><D51/><REACH who="0" ten="177,330,250,223" step="2"/><U111/><E111/><V29/><REACH who="2" step="1"/><F61/><REACH who="2" ten="177,330,240,223" step="2"/><W119/><G114/><T62/><D62/><U72/><E107/><AGARI ba="1,3" hai="4,9,14,40,41,43,59,60,67,104,105,107,116,117" machi="107" ten="40,8000,1" yaku="1,1,53,3" doraHai="131" doraHaiUra="37" who="0" fromWho="1" sc="177,113,330,-83,240,0,223,0" /><INIT seed="3,0,0,0,0,20" ten="290,247,240,223" oya="3" hai0="76,84,44,59,26,47,0,127,114,30,90,68,82" hai1="115,93,103,113,25,104,17,70,6,133,54,1,131" hai2="116,67,18,96,52,36,14,27,97,88,16,49,24" hai3="100,22,42,117,81,45,10,101,86,32,122,77,134"/><W5/><G122/><T121/><D121/><U129/><E70/><V62/><F36/><W21/><G117/><T11/><D68/><U31/><E104/><V28/><F116/><W33/><G33/><T64/><D127/><U128/><E54/><V94/><F96/><W118/><G32/><T57/><D114/><N who="1" m="43531" /><E93/><V73/><F73/><W85/><G85/><T55/><D0/><U89/><E89/><V69/><F28/><W80/><G80/><T46/><D11/><N who="1" m="2511" /><E103/><V78/><F78/><W41/><G41/><T109/><D109/><U12/><E133/><V15/><F15/><W120/><G120/><T125/><D125/><U43/><E43/><V126/><F18/><W50/><G134/><T105/><D105/><U40/><E40/><V119/><F126/><W130/><G130/><T71/><D71/><U37/><E37/><V91/><F91/><W75/><G75/><T124/><D64/><U123/><E123/><V111/><F111/><W83/><G83/><T112/><D112/><U58/><E58/><V48/><F48/><W7/><G7/><T19/><D124/><U51/><E51/><V135/><F119/><W102/><REACH who="3" step="1"/><G118/><REACH who="3" ten="290,247,240,213" step="2"/><T99/><D82/><U106/><E106/><V61/><F135/><W132/><G132/><T63/><D84/><U34/><E17/><V23/><REACH who="2" step="1"/><F62/><REACH who="2" ten="290,247,230,213" step="2"/><W38/><G38/><T107/><D63/><U9/><E12/><AGARI ba="0,2" hai="5,10,12,21,22,42,45,50,77,81,86,100,101,102" machi="12" ten="40,12000,1" yaku="1,1,25,2,8,1,53,1" doraHai="20" doraHaiUra="3" who="3" fromWho="1" sc="290,0,247,-120,230,0,213,140" /><INIT seed="3,1,0,5,0,66" ten="290,127,230,353" oya="3" hai0="132,3,25,133,78,62,93,74,49,88,126,11,121" hai1="47,72,21,37,94,131,57,50,18,75,40,96,103" hai2="4,85,134,90,42,59,100,110,19,41,127,128,125" hai3="32,20,27,48,23,95,89,116,52,13,44,6,38"/><W102/><G116/><T53/><D121/><U71/><E131/><V55/><F110/><W91/><G38/><T1/><D62/><U97/><E97/><V113/><F113/><W43/><G32/><T12/><D25/><U115/><E115/><V9/><F128/><W46/><G102/><T81/><D126/><U83/><E57/><V123/><F19/><W22/><G43/><T69/><D69/><U73/><E83/><V135/><F100/><W98/><G44/><T87/><D53/><U63/><E63/><V10/><F123/><W99/><G6/><T8/><D49/><U105/><E105/><V107/><F107/><W124/><G13/><T54/><D54/><U101/><E101/><V82/><F42/><W77/><G77/><T65/><D65/><U31/><E31/><V16/><F16/><N who="3" m="12679" /><G124/><N who="2" m="47689" /><F41/><W114/><G114/><T80/><D11/><N who="2" m="4106" /><F4/><W129/><G129/><T2/><REACH who="0" step="1"/><D81/><REACH who="0" ten="280,127,230,353" step="2"/><U117/><E117/><V76/><F76/><W56/><G46/><T33/><D33/><U122/><E122/><V17/><F134/><W109/><G109/><T84/><D84/><U112/><E112/><V111/><F135/><W67/><G67/><T29/><D29/><U51/><REACH who="1" step="1"/><E71/><REACH who="1" ten="280,117,230,353" step="2"/><V130/><F130/><W104/><G104/><T15/><D15/><AGARI ba="1,2" hai="15,18,21,37,40,47,50,51,72,73,75,94,96,103" machi="15" ten="40,5200,0" yaku="1,1,2,1,53,1" doraHai="66" doraHaiUra="70" who="1" fromWho="0" sc="280,-55,117,75,230,0,353,0" /><INIT seed="4,0,0,3,4,43" ten="225,192,230,353" oya="0" hai0="107,33,30,97,117,27,72,127,125,111,79,21,47" hai1="62,16,132,74,80,53,96,100,17,38,1,113,119" hai2="4,92,109,71,99,6,118,31,67,130,35,83,32" hai3="51,77,60,19,76,50,123,126,56,12,54,84,95"/><T57/><D117/><U114/><E1/><V9/><F109/><W5/><G126/><N who="0" m="48139" /><D57/><U82/><E119/><V24/><F130/><W134/><G134/><T81/><D111/><U112/><E38/><V18/><F118/><W133/><G123/><T37/><D21/><U45/><E132/><V15/><F35/><W86/><G5/><T44/><D37/><U34/><E34/><V36/><F36/><W41/><G133/><T91/><D91/><U61/><E74/><V135/><F135/><W93/><G86/><T70/><D70/><U49/><E82/><V124/><F124/><W39/><G39/><T63/><D63/><N who="1" m="24075" /><E80/><V102/><F67/><W11/><G60/><T28/><D30/><U42/><E42/><V69/><REACH who="2" step="1"/><F83/><REACH who="2" ten="225,192,220,353" step="2"/><N who="3" m="47207" /><G77/><T14/><D14/><U87/><E87/><V131/><F131/><W3/><G3/><T8/><D8/><U121/><E121/><V94/><F94/><AGARI ba="0,1" hai="16,17,45,49,53,94,96,100,112,113,114" m="24075" machi="94" ten="30,7700,0" yaku="15,1,11,1,52,1,54,1" doraHai="43" who="1" fromWho="2" sc="225,0,192,87,220,-77,353,0" /><INIT seed="5,0,0,4,0,95" ten="225,279,143,353" oya="1" hai0="13,100,114,67,31,65,123,106,44,88,87,45,2" hai1="52,119,5,78,128,98,131,130,89,69,80,3,133" hai2="39,135,75,17,57,30,90,92,18,24,84,25,55" hai3="103,34,41,28,4,85,96,47,54,20,58,38,111"/><U36/><E119/><V10/><F135/><W72/><G72/><T63/><D2/><U107/><E69/><V11/><F75/><W122/><G122/><T93/><D123/><U42/><E133/><V82/><F39/><W120/><G120/><T121/><D121/><U48/><E42/><V43/><F43/><W15/><G34/><T115/><D31/><U132/><E132/><V49/><F25/><W32/><G32/><T102/><D13/><U6/><E36/><V108/><F108/><W126/><G126/><T56/><D67/><U110/><E110/><V129/><F129/><W7/><G85/><T112/><REACH who="0" step="1"/><D106/><REACH who="0" ten="215,279,143,353" step="2"/><U66/><E66/><V9/><REACH who="2" step="1"/><F82/><REACH who="2" ten="215,279,133,353" step="2"/><W125/><G111/><T94/><D94/><N who="1" m="56655" /><E107/><V104/><F104/><W60/><G125/><T105/><D105/><U40/><E40/><V64/><F64/><W61/><G41/><T14/><D14/><U91/><E3/><V81/><F81/><W53/><G15/><T1/><D1/><U86/><E78/><V113/><F113/><W127/><G127/><T74/><D74/><U59/><AGARI ba="0,2" hai="5,6,48,52,59,80,86,91,128,130,131" m="56655" machi="59" ten="30,6000,0" yaku="19,1,52,1,54,1" doraHai="95" who="1" fromWho="1" sc="215,-20,279,80,133,-20,353,-20" /><INIT seed="5,1,0,2,5,15" ten="195,359,113,333" oya="1" hai0="130,23,101,63,74,60,22,76,0,16,98,105,29" hai1="112,51,48,92,11,10,100,75,37,31,68,56,118" hai2="116,127,44,45,82,49,1,34,71,47,43,58,106" hai3="14,39,41,12,24,8,64,36,87,89,78,20,54"/><U83/><E68/><V134/><F34/><W102/><G102/><T99/><D0/><U97/><E118/><V80/><F1/><W40/><G64/><T67/><D130/><U84/><E75/><V65/><F106/><W79/><G54/><T62/><D99/><U108/><E112/><V13/><F116/><W77/><G39/><T115/><D115/><U30/><E37/><V90/><F134/><W91/><G36/><T131/><D131/><U46/><E56/><V5/><F127/><W124/><G14/><T96/><D98/><U111/><E108/><V72/><F71/><W33/><G89/><T2/><D2/><U69/><E69/><V3/><F3/><W52/><G52/><T109/><D109/><U123/><E123/><V21/><F72/><W120/><G33/><T81/><D23/><U128/><E128/><V32/><F32/><W66/><G66/><T4/><D4/><U35/><E35/><V104/><F104/><W126/><G120/><T53/><D53/><N who="1" m="29847" /><E51/><V28/><F49/><W17/><G126/><T55/><D55/><U103/><E103/><V86/><F58/><W114/><G114/><T132/><D132/><U6/><E111/><V95/><F65/><W70/><G70/><T73/><D74/><U59/><E59/><V50/><F50/><W42/><G124/><T57/><REACH who="0" step="1"/><D29/><REACH who="0" ten="185,359,113,333" step="2"/><N who="1" m="10763" /><E6/><V25/><REACH who="2" step="1"/><F43/><REACH who="2" ten="185,359,103,333" step="2"/><W94/><REACH who="3" step="1"/><G41/><REACH who="3" ten="185,359,103,323" step="2"/><T7/><D7/><AGARI ba="1,3" hai="7,8,12,17,20,24,40,42,77,78,79,87,91,94" machi="7" ten="40,8000,1" yaku="1,1,2,1,8,1,52,1,53,0" doraHai="15" doraHaiUra="61" who="3" fromWho="0" sc="185,-83,359,0,103,0,323,113" /><INIT seed="6,0,0,5,2,64" ten="102,359,103,436" oya="2" hai0="48,100,98,66,75,85,62,56,6,32,36,13,123" hai1="127,11,116,1,94,21,19,71,33,87,0,37,58" hai2="49,7,115,86,29,44,26,119,113,4,39,83,91" hai3="8,5,53,73,24,50,101,112,126,65,135,125,12"/><V3/><F119/><W25/><G73/><T122/><D75/><U96/><E116/><V106/><F106/><W16/><G135/><T54/><D32/><U97/><E37/><V89/><F39/><W23/><G101/><T102/><D36/><U2/><E33/><V45/><F91/><W38/><G38/><T109/><D109/><U108/><E108/><V81/><F81/><W120/><G120/><T95/><D102/><U118/><E118/><V70/><F70/><W18/><G65/><T61/><D62/><U28/><E28/><V20/><F45/><W46/><G112/><N who="2" m="43081" /><F3/><W130/><G130/><T42/><D42/><AGARI ba="0,0" hai="4,7,20,26,29,42,44,49,83,86,89" m="43081" machi="42" ten="30,1500,0" yaku="15,1" doraHai="64" who="2" fromWho="0" sc="102,-15,359,0,103,15,436,0" /><INIT seed="6,1,0,5,3,28" ten="87,359,118,436" oya="2" hai0="128,35,32,133,15,99,69,97,56,100,13,20,34" hai1="63,9,49,109,125,113,66,95,5,117,74,92,25" hai2="12,72,130,22,11,127,14,126,68,53,102,88,26" hai3="39,29,60,73,24,132,0,51,123,18,78,118,4"/><V55/><F68/><W77/><G39/><T38/><D69/><U50/><E113/><V57/><F72/><W129/><G51/><T44/><D133/><U43/><E109/><V21/><F102/><W62/><G18/><T93/><D128/><U124/><E74/><V121/><F121/><W108/><G77/><T119/><D119/><U61/><E117/><V42/><F42/><W2/><G62/><T80/><D20/><U10/><E25/><V110/><F130/><W134/><G60/><T85/><D99/><U82/><E43/><V107/><F107/><W31/><G78/><T58/><D44/><U106/><E5/><V52/><F57/><W23/><G73/><T36/><D38/><U120/><E82/><V27/><F110/><W47/><G47/><T3/><D3/><U46/><E46/><V16/><F88/><W71/><G71/><T90/><REACH who="0" step="1"/><D36/><REACH who="0" ten="77,359,118,436" step="2"/><U8/><E120/><V131/><F131/><W112/><G129/><T122/><D122/><U64/><E8/><N who="2" m="6151" /><F127/><W115/><G123/><T91/><D91/><U98/><E98/><V48/><F126/><W1/><G118/><T81/><D81/><U94/><E94/><V103/><F103/><W116/><G116/><T114/><D114/><U33/><E106/><V59/><F22/><W7/><G112/><T105/><D105/><U83/><E83/><V89/><F89/><W19/><G115/><T70/><D70/><U54/><REACH who="1" step="1"/><E54/><REACH who="1" ten="77,349,118,436" step="2"/><V67/><F53/><W87/><G132/><T104/><D104/><U96/><E96/><V65/><F55/><W6/><G134/><T30/><D30/><RYUUKYOKU ba="1,2" sc="77,15,349,15,118,-15,436,-15" hai0="13,15,32,34,35,56,58,80,85,90,93,97,100" hai1="9,10,33,49,50,61,63,64,66,92,95,124,125" /><INIT seed="7,2,2,5,1,74" ten="92,364,103,421" oya="3" hai0="61,54,40,86,71,8,65,77,59,31,58,55,83" hai1="115,120,17,112,81,26,84,28,132,122,73,64,18" hai2="128,118,95,14,78,10,47,1,33,13,76,114,44" hai3="90,125,87,51,66,75,25,133,134,105,48,27,103"/><W56/><G75/><T0/><D40/><U113/><E73/><V52/><F118/><W35/><G56/><T88/><D31/><U16/><E64/><V45/><F33/><W70/><G66/><T60/><D0/><U93/><E93/><V94/><F1/><W79/><G90/><T42/><D42/><U123/><E132/><V62/><F114/><W32/><G87/><T4/><D71/><U89/><REACH who="1" step="1"/><E28/><REACH who="1" ten="92,354,103,421" step="2"/><V34/><F94/><W24/><G134/><T82/><D65/><U11/><E11/><V100/><F10/><W15/><G133/><T107/><D107/><U7/><E7/><V12/><F95/><W119/><G105/><T121/><D121/><U96/><E96/><V98/><F98/><W30/><G30/><T23/><D23/><AGARI ba="2,3" hai="16,17,18,23,26,81,84,89,112,113,115,120,122,123" machi="23" ten="50,6400,0" yaku="1,1,15,1,54,1,53,0" doraHai="74" doraHaiUra="69" who="1" fromWho="0" sc="92,-70,354,100,103,0,421,0" owari="22,-47.8,454,55.4,103,-29.7,421,22.1" /></mjloggm>