<mjloggm ver="2.3"><GO type="41" lobby="0"/><UN n0="%E2%91%A3%E9%81%BF%E9%81%8A%E6%88%AF%E3%80%90%E6%9D%B1%E5%8D%97%E3%80%91" n1="%E7%8E%8B%E9%81%93%E5%AE%B6" n2="%E6%A1%9C%E5%A1%A9%E6%BC%AC%E3%81%82%E3%82%93%E3%81%B1%E3%82%93" n3="%E2%93%9D%4C%75%63%6B%79%4A" dan="15,13,13,15" rate="2009.66,1900.83,1904.03,2158.76" sx="M,M,M,M"/><TAIKYOKU oya="0"/><INIT seed="0,0,0,2,1,53" ten="250,250,250,250" oya="0" hai0="1,10,30,18,42,126,37,125,9,32,106,127,112" hai1="35,84,34,131,108,135,29,50,134,20,87,19,118" hai2="89,15,93,99,122,11,103,77,48,62,79,54,28" hai3="123,51,63,104,21,72,45,74,129,107,2,88,13"/><T5/><D106/><U115/><E118/><V109/><F109/><W97/><G2/><T114/><D42/><U64/><E115/><V130/><F130/><W47/><G129/><T66/><D37/><U100/><E108/><V27/><F62/><W86/><G123/><T120/><D66/><U85/><E131/><V91/><F122/><W128/><G47/><T75/><D75/><U71/><E100/><V33/><F103/><W3/><G3/><T6/><D120/><U22/><E64/><V68/><F91/><W43/><G128/><T17/><D18/><U8/><E8/><V56/><REACH who="2" step="1"/><F68/><REACH who="2" ten="250,250,240,250" step="2"/><W83/><G63/><T7/><D1/><U92/><E71/><V124/><F124/><W31/><G107/><T44/><D44/><U16/><E92/><V67/><F67/><W117/><G104/><T36/><D36/><U95/><E95/><V55/><F55/><W121/><G121/><T12/><D10/><U60/><E60/><V96/><F96/><W133/><G97/><T132/><D132/><U4/><E50/><V82/><F82/><W80/><G83/><T73/><D73/><U105/><E105/><V69/><F69/><W24/><G74/><T90/><D90/><U101/><E101/><V102/><F102/><W113/><G72/><T98/><D98/><U81/><E81/><V59/><F59/><W111/><G111/><T39/><D39/><U70/><E70/><V116/><F116/><W14/><G117/><T23/><D9/><U46/><E87/><V41/><F41/><W0/><G43/><T57/><D57/><U38/><E38/><RYUUKYOKU ba="0,1" sc="250,15,250,-15,240,15,250,-15" hai0="5,6,7,12,17,23,30,32,112,114,125,126,127" hai2="11,15,27,28,33,48,54,56,77,79,89,93,99" /><INIT seed="0,1,1,3,4,28" ten="265,235,255,235" oya="0" hai0="73,78,85,32,98,76,8,21,94,104,4,114,71" hai1="16,86,90,128,125,36,42,117,97,74,61,12,54" hai2="130,106,38,96,111,7,75,113,80,59,24,119,0" hai3="20,134,127,46,33,92,40,87,65,50,58,102,118"/><T15/><D114/><U135/><E117/><V2/><F59/><W95/><G118/><T34/><D71/><U103/><E74/><V99/><F119/><W23/><G33/><T105/><D73/><U72/><E72/><V13/><F13/><W82/><G127/><T132/><D132/><U26/><E125/><V108/><F113/><W63/><G134/><T27/><D105/><U14/><E135/><V131/><F38/><W91/><REACH who="3" step="1"/><G95/><REACH who="3" ten="265,235,255,225" step="2"/><T52/><D104/><U17/><E128/><N who="2" m="49195" /><F106/><W67/><G67/><T11/><D34/><U22/><E36/><V89/><F24/><W83/><G83/><T101/><D32/><U30/><E26/><V35/><F35/><W41/><G41/><T45/><D85/><U62/><E42/><V68/><F80/><W64/><G64/><T1/><D1/><U37/><E37/><V51/><F0/><W18/><G18/><N who="0" m="12727" /><D11/><U112/><E112/><V3/><F2/><W133/><G133/><T84/><D84/><U57/><E30/><V43/><F75/><W100/><G100/><T19/><D19/><U53/><E103/><V88/><F3/><W77/><G77/><T79/><D78/><U81/><E97/><AGARI ba="1,2" hai="20,23,40,46,50,58,63,65,82,87,91,92,97,102" machi="97" ten="40,2600,0" yaku="1,1,8,1,53,0" doraHai="28" doraHaiUra="25" who="3" fromWho="1" sc="265,0,235,-29,255,0,225,49" /><INIT seed="1,0,0,2,1,128" ten="265,206,255,274" oya="1" hai0="3,115,43,4,89,49,90,5,103,86,84,77,85" hai1="51,7,21,135,26,117,59,37,132,40,112,16,38" hai2="113,107,52,125,60,45,42,129,82,92,41,12,94" hai3="11,66,56,55,133,71,93,31,78,20,123,64,126"/><U96/><E112/><V105/><F129/><W39/><G123/><T127/><D115/><U80/><E117/><V47/><F113/><W48/><G78/><T61/><D127/><U81/><E7/><V50/><F125/><W19/><G39/><T120/><D120/><U34/><E34/><V29/><F29/><W35/><G71/><T97/><D77/><U13/><E96/><V130/><F130/><W63/><G35/><T119/><D119/><U1/><E1/><V116/><F116/><W74/><G74/><T65/><D49/><U121/><E121/><V70/><F82/><W58/><G31/><T57/><D43/><U102/><E102/><V28/><F28/><W88/><G11/><T73/><D73/><U72/><E26/><V10/><F105/><W18/><G133/><N who="1" m="51274" /><E72/><V53/><F107/><W2/><G2/><T95/><D3/><U131/><E131/><V27/><F27/><W14/><G19/><T108/><D108/><U15/><E13/><V17/><F70/><W6/><G6/><AGARI ba="0,0" hai="4,5,6,57,61,65,84,85,86,89,90,95,97,103" machi="6" ten="40,1300,0" yaku="8,1" doraHai="128" who="0" fromWho="3" sc="265,13,206,0,255,0,274,-13" /><INIT seed="2,0,0,0,5,2" ten="278,206,255,261" oya="2" hai0="19,51,62,12,99,14,122,74,116,134,35,53,36" hai1="113,37,92,107,102,80,60,11,96,79,68,97,110" hai2="18,118,41,88,65,17,45,105,85,42,13,90,131" hai3="56,75,55,126,89,8,94,93,9,40,33,5,83"/><V117/><F105/><W27/><G126/><T39/><D122/><U106/><E37/><V24/><F131/><W132/><G132/><T133/><D74/><U125/><E125/><V91/><F65/><W28/><G9/><T50/><D35/><U127/><E127/><V23/><F85/><W32/><G33/><T21/><D116/><U7/><E110/><V128/><F128/><W59/><G40/><T54/><D99/><U103/><E113/><V58/><F58/><W78/><G89/><T119/><D119/><U98/><E98/><V6/><F42/><W84/><G75/><T72/><D72/><U43/><E43/><V31/><F118/><W44/><G44/><T16/><D62/><U15/><E92/><V38/><REACH who="2" step="1"/><F117/><REACH who="2" ten="278,206,245,261" step="2"/><W25/><G59/><T71/><D71/><U1/><E68/><V100/><F100/><W109/><G109/><T120/><D120/><U111/><E111/><V112/><F112/><W20/><G56/><T104/><D104/><U108/><E108/><V66/><F66/><W86/><G86/><T67/><D67/><U95/><E60/><V124/><F124/><W76/><G55/><T34/><D133/><U123/><E123/><V61/><F61/><W52/><G52/><T77/><D134/><U121/><E121/><V101/><F101/><W48/><G48/><T29/><D54/><U114/><E114/><V10/><AGARI ba="0,1" hai="6,10,13,17,18,23,24,31,38,41,45,88,90,91" machi="10" ten="30,11700,0" yaku="1,1,0,1,52,1,54,1,53,0" doraHai="2" doraHaiUra="73" who="2" fromWho="2" sc="278,-39,206,-39,245,127,261,-39" /><INIT seed="2,1,0,1,4,19" ten="239,167,372,222" oya="2" hai0="55,132,92,6,29,24,133,18,108,30,123,53,50" hai1="131,76,129,86,7,84,121,62,90,26,115,85,95" hai2="107,68,98,135,5,110,122,69,41,109,126,0,43" hai3="35,70,97,46,17,57,20,32,36,8,39,127,15"/><V118/><F118/><W12/><G70/><T37/><D37/><U77/><E7/><V91/><F122/><W22/><G97/><T119/><D123/><U88/><E26/><V96/><F5/><W78/><G78/><N who="1" m="30314" /><E62/><V63/><F0/><W83/><G83/><T13/><D119/><U51/><E51/><V66/><F91/><N who="1" m="34857" /><E121/><V105/><F63/><W14/><G127/><T75/><D92/><U74/><E95/><V42/><F66/><W116/><G116/><T60/><D75/><U2/><E2/><V31/><F31/><W3/><G57/><T128/><D60/><U16/><E16/><V120/><F120/><W87/><G87/><T34/><D6/><U125/><E125/><V113/><F126/><W47/><G17/><T67/><D67/><U65/><E65/><V71/><F98/><W124/><G124/><T44/><D30/><U59/><E59/><V81/><F96/><W89/><G89/><T9/><D55/><U52/><E52/><V103/><F68/><W38/><G8/><T72/><D72/><U93/><E93/><V111/><F69/><W130/><G3/><T4/><D4/><U79/><E115/><V1/><F113/><W21/><G130/><N who="1" m="49674" /><E79/><V56/><F71/><W114/><G114/><T64/><D64/><U99/><E99/><V28/><F1/><W54/><G54/><T80/><D128/><U45/><E45/><AGARI ba="1,0" hai="12,14,15,20,21,22,32,35,36,38,39,45,46,47" machi="45" ten="50,12000,2" yaku="29,2,28,2,52,3" doraHai="19" who="3" fromWho="1" sc="239,0,167,-123,372,0,222,123" /><INIT seed="3,0,0,2,4,85" ten="239,44,372,345" oya="3" hai0="75,34,108,90,53,54,112,110,127,111,83,22,70" hai1="126,120,118,94,69,113,33,20,123,28,135,96,64" hai2="39,106,104,107,30,32,131,103,124,82,56,84,43" hai3="81,62,21,24,66,78,45,42,60,63,44,79,92"/><W133/><G133/><T35/><D70/><U116/><E64/><V52/><F124/><W48/><G45/><T93/><D127/><U37/><E69/><V86/><F131/><W11/><G11/><T16/><D83/><U88/><E37/><V134/><F134/><W31/><G92/><T1/><D75/><U61/><E33/><N who="0" m="12297" /><D1/><U68/><E135/><V98/><F43/><W102/><G102/><T97/><D112/><U27/><E113/><V47/><F47/><W115/><G115/><T36/><D36/><U14/><E126/><V73/><F39/><W101/><G101/><T117/><D117/><N who="1" m="45163" /><E68/><V114/><F114/><W129/><G129/><T29/><D29/><U130/><E130/><V3/><F3/><W74/><REACH who="3" step="1"/><G79/><REACH who="3" ten="239,44,372,335" step="2"/><T51/><D51/><U41/><E61/><V55/><F107/><W57/><AGARI ba="0,1" hai="21,24,31,42,44,48,57,60,62,63,66,74,78,81" machi="57" ten="20,7800,0" yaku="1,1,2,1,0,1,7,1,53,0" doraHai="85" doraHaiUra="128" who="3" fromWho="3" sc="239,-26,44,-26,372,-26,335,88" /><INIT seed="3,1,0,5,5,32" ten="213,18,346,423" oya="3" hai0="46,110,61,60,113,49,76,50,96,21,59,67,84" hai1="98,14,130,13,131,31,81,17,106,77,111,73,135" hai2="63,7,39,65,37,10,79,36,0,118,3,126,18" hai3="40,15,30,74,19,62,89,68,120,43,24,83,9"/><W4/><G120/><T122/><D122/><U58/><E135/><V5/><F118/><W26/><G68/><T28/><D113/><U99/><E31/><V112/><F112/><W66/><G26/><T52/><D110/><U23/><E111/><V109/><F109/><W44/><G74/><T16/><D28/><U75/><E75/><V132/><F132/><W57/><G83/><T22/><D21/><U134/><E134/><V121/><F121/><W80/><G80/><N who="0" m="47111" /><D96/><U92/><E106/><V100/><F79/><W35/><G89/><T41/><D67/><U87/><E73/><V88/><F100/><W69/><G69/><T133/><D133/><U117/><E117/><V85/><F18/><W45/><G43/><T115/><D115/><U107/><E107/><V78/><F78/><W11/><REACH who="3" step="1"/><G40/><REACH who="3" ten="213,18,346,413" step="2"/><T25/><AGARI ba="1,1" hai="16,22,25,41,46,49,50,52,59,60,61" m="47111" machi="25" ten="30,4000,0" yaku="8,1,54,2" doraHai="32" who="0" fromWho="0" sc="213,53,18,-11,346,-11,413,-21" /><INIT seed="4,0,0,3,4,118" ten="266,7,335,392" oya="0" hai0="121,29,16,125,67,36,42,39,46,72,109,11,90" hai1="23,4,7,96,114,27,64,14,87,19,135,26,34" hai2="110,58,1,61,105,35,28,111,101,37,117,95,82" hai3="128,52,69,70,83,32,15,106,9,102,65,73,55"/><T129/><D109/><U8/><E87/><V54/><F117/><W66/><G32/><T123/><D36/><U38/><E96/><V124/><F37/><W24/><G24/><T94/><D72/><U13/><E64/><V3/><F124/><W5/><G128/><T44/><D125/><U25/><E38/><V78/><F105/><W81/><G106/><T22/><D129/><U115/><E135/><V77/><F111/><W122/><G102/><T49/><D67/><U43/><E43/><V33/><F78/><W130/><G130/><T127/><D29/><U45/><E45/><V68/><F68/><W79/><G83/><T18/><D11/><U51/><E51/><V56/><F110/><W21/><G21/><T80/><D80/><U93/><E93/><V6/><F6/><W98/><G98/><T12/><D18/><U41/><E41/><V47/><F47/><W119/><G119/><T10/><D22/><U91/><E91/><V88/><F101/><W132/><G132/><T120/><D127/><U17/><E34/><V103/><F103/><W60/><G122/><T104/><D104/><U75/><E75/><V74/><F56/><W59/><G59/><T50/><REACH who="0" step="1"/><D46/><REACH who="0" ten="256,7,335,392" step="2"/><U89/><E89/><V107/><F107/><W131/><G131/><T116/><D116/><U20/><E8/><V63/><F35/><W112/><G70/><T133/><D133/><U40/><E40/><V0/><F33/><W99/><G69/><T30/><D30/><U2/><E2/><V57/><F28/><W92/><G73/><T100/><D100/><U53/><E53/><RYUUKYOKU ba="0,1" sc="256,15,7,15,335,-15,392,-15" hai0="10,12,16,39,42,44,49,50,90,94,120,121,123" hai1="4,7,13,14,17,19,20,23,25,26,27,114,115" /><INIT seed="4,1,1,5,5,26" ten="271,22,320,377" oya="0" hai0="61,104,55,125,112,120,54,33,82,109,24,31,4" hai1="116,122,124,25,92,117,41,50,28,80,30,84,15" hai2="40,110,52,97,56,37,5,76,101,1,106,93,126" hai3="94,44,89,99,107,105,108,133,131,102,86,135,83"/><T6/><D120/><U64/><E122/><V0/><F110/><W14/><G14/><T113/><D109/><U21/><E124/><V12/><F40/><W111/><G44/><T57/><D104/><N who="3" m="40009" /><G131/><T100/><D100/><U81/><E64/><V134/><F37/><W90/><G102/><T128/><D128/><U8/><E117/><V95/><F126/><W75/><G75/><T59/><D82/><U130/><E130/><V49/><F134/><AGARI ba="1,1" hai="83,86,89,90,94,99,108,111,133,134,135" m="40009" machi="134" ten="30,3900,0" yaku="20,1,34,2" doraHai="26" who="3" fromWho="2" sc="271,0,22,0,320,-42,377,52" /><INIT seed="5,0,0,1,1,12" ten="271,22,278,429" oya="1" hai0="42,117,23,93,100,113,78,1,92,52,36,3,54" hai1="74,39,81,64,94,63,86,2,18,27,130,109,57" hai2="77,14,70,132,127,53,83,80,107,91,41,87,103" hai3="105,71,110,123,31,29,85,16,26,51,8,49,133"/><U118/><E118/><V98/><F70/><W134/><G105/><T82/><D117/><U25/><E2/><V99/><F41/><W61/><G123/><T40/><D113/><U7/><E109/><V90/><F53/><W4/><G85/><T102/><D23/><U48/><E39/><V30/><F30/><N who="3" m="11275" /><G61/><T69/><D69/><U111/><E111/><V68/><F68/><W129/><G71/><T34/><D36/><U0/><E130/><V73/><F127/><W122/><G122/><T108/><D108/><U10/><E74/><V19/><F132/><N who="3" m="50795" /><G129/><T55/><D34/><U97/><E48/><V5/><F5/><W120/><G120/><T43/><D82/><U126/><E126/><V119/><F119/><W24/><G110/><T45/><D78/><U59/><E59/><V6/><F6/><W125/><G125/><T114/><D45/><U79/><REACH who="1" step="1"/><E18/><REACH who="1" ten="271,12,278,429" step="2"/><V37/><F37/><W22/><G26/><T35/><D114/><U58/><E58/><V95/><F19/><W11/><G4/><T9/><D35/><U101/><AGARI ba="0,1" hai="0,7,10,25,27,57,63,64,79,81,86,94,97,101" machi="101" ten="20,7800,0" yaku="1,1,0,1,7,1,53,1" doraHai="12" doraHaiUra="62" who="1" fromWho="1" sc="271,-26,12,88,278,-26,429,-26" /><INIT seed="5,1,0,2,2,87" ten="245,100,252,403" oya="1" hai0="123,20,59,49,80,70,116,106,17,79,32,36,37" hai1="66,39,52,73,91,110,109,128,130,61,25,77,67" hai2="24,105,6,45,117,120,98,7,126,31,56,132,21" hai3="11,93,122,48,131,28,84,5,44,57,64,19,2"/><U112/><E39/><V8/><F117/><W111/><G122/><T92/><D116/><U54/><E73/><V114/><F120/><W134/><G28/><T60/><D32/><U53/><E77/><V22/><F126/><W85/><G111/><N who="1" m="42506" /><E25/><V30/><F132/><W10/><G131/><N who="1" m="50218" /><E112/><V58/><F114/><W83/><G134/><T55/><D106/><U119/><E119/><V4/><F8/><W107/><G11/><T74/><D123/><U86/><E61/><V43/><F105/><W99/><G107/><T34/><D34/><U14/><E14/><V13/><F98/><W71/><G99/><T41/><D70/><U29/><E29/><V82/><F30/><W125/><G71/><T9/><D9/><U51/><E51/><N who="2" m="27071" /><F13/><W47/><G48/><T104/><D104/><U115/><E115/><V50/><F50/><W0/><G10/><T40/><D37/><U90/><E86/><V78/><F22/><W102/><G85/><AGARI ba="1,0" hai="4,6,7,21,24,31,56,58,78,82,85" m="27071" machi="85" ten="30,1000,0" yaku="8,1" doraHai="87" who="2" fromWho="3" sc="245,0,100,0,252,13,403,-13" /><INIT seed="6,0,0,1,0,36" ten="245,100,265,390" oya="2" hai0="87,55,0,126,112,34,1,88,19,43,35,13,3" hai1="91,60,29,120,40,17,108,95,97,74,50,85,56" hai2="61,49,21,2,76,9,129,44,90,94,52,116,111" hai3="104,80,134,16,72,82,71,133,127,123,110,63,18"/><V12/><F116/><W64/><G123/><T83/><D126/><U30/><E120/><V124/><F129/><W122/><G122/><T23/><D112/><U48/><E74/><V10/><F124/><W69/><G127/><T15/><D55/><U98/><E108/><V28/><F76/><W99/><G110/><T7/><D43/><U93/><E85/><V128/><F128/><W132/><G71/><T86/><D87/><U77/><E77/><V62/><F111/><W6/><G6/><T51/><D51/><U8/><E8/><V57/><F2/><W100/><REACH who="3" step="1"/><G82/><REACH who="3" ten="245,100,265,380" step="2"/><T39/><D7/><U119/><E119/><V33/><F33/><W68/><G68/><T73/><D35/><U117/><E117/><V130/><F130/><W59/><G59/><T46/><D34/><U5/><E5/><V113/><F113/><W109/><G109/><T115/><D115/><U103/><E17/><N who="2" m="10407" /><F28/><W66/><G66/><T118/><D118/><U24/><E29/><V25/><F25/><W38/><G38/><T114/><D39/><U89/><E103/><V53/><F61/><W92/><G92/><T125/><D125/><U54/><REACH who="1" step="1"/><E40/><REACH who="1" ten="245,90,265,380" step="2"/><V106/><F106/><W121/><G121/><T27/><D114/><U107/><E107/><V22/><F22/><AGARI ba="0,2" hai="22,24,30,48,50,54,56,60,89,91,93,95,97,98" machi="22" ten="30,7700,0" yaku="1,1,7,1,9,1,8,1,53,0" doraHai="36" doraHaiUra="67" who="1" fromWho="2" sc="245,0,90,97,265,-77,380,0" /><INIT seed="7,0,0,5,3,114" ten="245,187,188,380" oya="3" hai0="116,111,51,9,97,38,16,47,82,1,10,14,135" hai1="71,113,118,53,44,12,25,90,83,133,69,106,46" hai2="32,3,125,26,35,95,60,129,8,132,112,54,36" hai3="78,110,122,102,76,43,17,19,42,84,123,61,68"/><W39/><G61/><T11/><D116/><U21/><E106/><V134/><F36/><W56/><G19/><T40/><D111/><U18/><E113/><V50/><F112/><W89/><G89/><T72/><D135/><N who="2" m="51754" /><F125/><W93/><G102/><T0/><D97/><U58/><E133/><V99/><F129/><W91/><G91/><T4/><D0/><U130/><E130/><V23/><F60/><W5/><G17/><T30/><D30/><U94/><E118/><V22/><F8/><W98/><G98/><T6/><D6/><U126/><E126/><V115/><F3/><W28/><G43/><T29/><D29/><N who="1" m="17583" /><E71/><V15/><F15/><W52/><G42/><T127/><D127/><U81/><E69/><V48/><F48/><N who="3" m="30727" /><G39/><T75/><D10/><N who="1" m="6423" /><E58/><N who="2" m="33111" /><F115/><W37/><G37/><T77/><REACH who="0" step="1"/><D51/><REACH who="0" ten="235,187,188,380" step="2"/><N who="1" m="28903" /><E46/><V119/><F119/><W74/><G68/><T33/><D33/><N who="2" m="12874" /><F26/><W101/><G110/><T34/><D34/><U31/><E31/><V2/><F2/><W88/><G28/><T109/><D109/><U105/><E105/><V96/><F99/><AGARI ba="0,1" hai="81,83,90,94,99" m="28903,6423,17583" machi="99" ten="30,1000,0" yaku="8,1" doraHai="114" who="1" fromWho="2" sc="235,0,187,20,188,-10,380,0" owari="235,3.5,207,-19.3,178,-32.2,380,48.0" /></mjloggm>