<mjloggm ver="2.3"><GO type="41" lobby="0"/><UN n0="%74%6F%6D%6F%74%69%6E" n1="%E2%93%9D%4C%75%63%6B%79%4A" n2="%E5%B1%AF%E5%A4%A9" n3="%E9%8C%A6%E6%9C%A8%E5%8D%83%E6%9D%9F" dan="13,18,14,13" rate="1857.66,2213.08,1839.93,1960.18" sx="M,M,M,F"/><TAIKYOKU oya="0"/><INIT seed="0,0,0,4,1,33" ten="250,250,250,250" oya="0" hai0="128,68,116,74,100,4,18,17,37,118,72,56,54" hai1="84,115,98,66,41,131,9,88,94,111,69,45,121" hai2="28,85,132,13,114,96,109,135,52,123,81,97,87" hai3="63,51,44,20,25,91,14,99,75,93,120,124,46"/><T119/><D37/><U5/><E121/><V107/><F114/><W36/><G75/><T125/><D68/><U129/><E115/><V27/><F107/><W55/><G124/><T24/><D125/><U130/><E111/><V22/><F109/><W106/><G106/><T39/><D39/><U42/><E45/><V108/><F108/><W30/><G36/><T105/><D128/><U43/><E66/><V10/><F87/><W34/><G120/><T67/><D67/><U79/><E69/><V7/><F123/><W0/><G0/><T8/><D100/><U90/><E79/><V12/><F12/><W16/><REACH who="3" step="1"/><G63/><REACH who="3" ten="250,250,250,240" step="2"/><T47/><D105/><U23/><E23/><N who="2" m="15487" /><F135/><W133/><G133/><T38/><D74/><U19/><E131/><V62/><F22/><W50/><G50/><T6/><D72/><U113/><E113/><V60/><F60/><W78/><G78/><T3/><D38/><U122/><E122/><V101/><F132/><W104/><G104/><T110/><D110/><U29/><E130/><V80/><F101/><W70/><G70/><T117/><D117/><U73/><E73/><V58/><F80/><W59/><AGARI ba="0,1" hai="14,16,20,25,30,34,44,46,51,55,59,91,93,99" machi="59" ten="20,5200,0" yaku="1,1,0,1,7,1,54,1,53,0" doraHai="33" doraHaiUra="65" who="3" fromWho="3" sc="250,-26,250,-13,250,-13,240,62" /><INIT seed="1,0,0,3,0,111" ten="224,237,237,302" oya="1" hai0="133,8,68,73,82,122,44,2,124,33,109,58,104" hai1="99,47,57,125,88,72,134,96,119,0,129,101,32" hai2="14,6,71,1,135,41,80,3,25,36,29,107,77" hai3="7,126,62,128,113,103,37,97,102,115,118,70,116"/><U54/><E119/><N who="3" m="45610" /><G7/><T52/><D82/><U95/><E125/><V131/><F14/><W76/><G126/><T86/><D86/><U75/><E32/><N who="2" m="20527" /><F131/><W53/><G76/><T121/><D124/><U98/><E0/><V51/><F51/><W35/><G35/><T11/><D33/><U123/><E123/><V61/><F135/><W27/><G37/><T100/><D73/><U39/><E129/><V67/><F6/><W110/><G110/><T85/><D133/><U91/><E134/><V112/><F107/><N who="3" m="63951" /><G103/><T16/><D109/><U105/><E47/><N who="2" m="23975" /><F80/><W94/><G128/><T43/><D100/><U64/><E39/><V117/><F77/><W132/><G132/><T79/><D79/><U21/><E21/><V127/><F127/><W92/><G27/><T46/><D104/><U30/><E30/><V26/><F26/><W10/><G10/><T28/><D122/><U108/><E108/><V42/><F42/><W65/><G53/><T66/><D121/><U19/><E19/><V55/><F55/><W17/><G17/><T84/><D43/><U13/><E13/><V69/><F69/><W93/><AGARI ba="0,0" hai="62,65,70,92,93,94,113,115" m="63951,45610" machi="93" ten="30,4000,0" yaku="12,1,52,2" doraHai="111" who="3" fromWho="3" sc="224,-10,237,-20,237,-10,302,40" /><INIT seed="2,0,0,3,2,72" ten="214,217,227,342" oya="2" hai0="49,28,14,0,13,26,31,42,125,107,9,45,22" hai1="116,81,7,70,94,134,57,2,127,58,74,65,60" hai2="106,91,67,29,130,123,95,64,105,104,73,128,69" hai3="30,52,50,6,3,39,122,4,112,47,126,97,80"/><V55/><F29/><W43/><G122/><T111/><D107/><U103/><E116/><V59/><F69/><W77/><G126/><T12/><D125/><U118/><E127/><V83/><F123/><W113/><G30/><T48/><D111/><U101/><E134/><V11/><F11/><W85/><G97/><T124/><D124/><U19/><E118/><V114/><F114/><N who="3" m="44139" /><G3/><T44/><D0/><U89/><E7/><V132/><F132/><W88/><G88/><T82/><D82/><U115/><E2/><V54/><F67/><W66/><G66/><T16/><D31/><U78/><E115/><V86/><F64/><W100/><G100/><T110/><D110/><U15/><E103/><V37/><F37/><W56/><AGARI ba="0,0" hai="4,6,39,43,47,50,52,56,77,80,85" m="44139" machi="56" ten="30,4000,0" yaku="11,1,52,1,54,1" doraHai="72" who="3" fromWho="3" sc="214,-10,217,-10,227,-20,342,40" /><INIT seed="3,0,0,1,3,88" ten="204,207,207,382" oya="3" hai0="30,33,25,104,108,1,39,29,60,12,45,24,65" hai1="49,125,69,90,50,42,87,4,92,115,86,96,62" hai2="98,43,89,105,134,116,41,130,124,113,26,94,6" hai3="109,56,28,111,106,72,79,127,36,13,128,20,126"/><W75/><G36/><T18/><D108/><N who="3" m="41545" /><G106/><T93/><D104/><U97/><E115/><V61/><F113/><W120/><G120/><T80/><D1/><U102/><E4/><V112/><F116/><W59/><G128/><T38/><D45/><U48/><E125/><N who="3" m="47626" /><G79/><T71/><D80/><U91/><E69/><V73/><F130/><W133/><G133/><T74/><D74/><N who="3" m="28201" /><G13/><T68/><D38/><U21/><E62/><V2/><F61/><W58/><G59/><T46/><D39/><U23/><E42/><V7/><F134/><W110/><N who="3" m="41553" /><W67/><DORA hai="34" /><G67/><T8/><D68/><U83/><REACH who="1" step="1"/><E97/><REACH who="1" ten="204,197,207,382" step="2"/><V37/><F124/><W0/><G0/><T54/><D71/><U117/><E117/><V63/><F2/><W55/><G55/><T84/><D54/><U10/><E10/><V122/><F112/><W16/><G28/><T51/><D30/><U135/><E135/><V123/><F37/><W31/><G31/><T47/><D29/><U78/><E78/><V99/><F99/><W103/><G103/><T107/><D65/><U3/><E3/><V85/><F98/><W131/><G131/><T81/><D33/><U17/><E17/><V15/><F7/><W32/><G32/><T114/><D114/><U121/><E121/><V100/><F6/><W66/><G66/><T82/><D18/><U118/><E118/><V40/><F123/><W132/><G132/><T57/><D8/><U27/><E27/><V64/><F26/><W129/><G129/><T101/><D24/><U11/><E11/><V119/><F119/><W95/><G16/><RYUUKYOKU ba="0,1" sc="204,-10,197,30,207,-10,382,-10" hai1="21,23,48,49,50,83,86,87,90,91,92,96,102" /><INIT seed="4,1,1,0,0,129" ten="194,227,197,372" oya="0" hai0="63,50,0,25,103,49,114,95,54,104,88,105,9" hai1="113,5,126,19,33,85,134,46,2,68,83,65,124" hai2="11,53,34,4,24,7,98,56,36,78,40,51,87" hai3="100,92,44,89,127,43,52,28,8,82,12,58,64"/><T48/><D114/><U119/><E33/><V122/><F122/><W35/><G127/><N who="1" m="48682" /><E119/><V116/><F116/><W17/><G64/><T90/><D25/><U125/><N who="1" m="48690" /><U23/><DORA hai="27" /><E46/><V21/><F34/><W31/><G100/><T111/><D111/><U16/><E113/><V71/><F71/><W112/><G112/><T45/><D105/><U20/><E5/><V84/><F36/><W131/><G131/><T61/><D104/><U14/><E2/><V32/><F32/><W101/><G101/><T120/><D120/><U3/><E3/><V15/><F7/><W77/><G35/><T66/><D0/><U47/><E47/><N who="2" m="26087" /><F98/><W118/><G118/><T123/><D123/><U99/><E99/><V6/><F6/><W22/><G22/><T80/><D45/><U135/><E65/><V121/><F78/><W60/><G92/><T79/><D66/><U37/><E37/><V1/><F1/><W73/><REACH who="3" step="1"/><G89/><REACH who="3" ten="194,227,197,362" step="2"/><T107/><D107/><U57/><E68/><V55/><F121/><W13/><G13/><T62/><D90/><N who="1" m="51519" /><E57/><V128/><F128/><W10/><G10/><T109/><D103/><U94/><E94/><V110/><F11/><W130/><G130/><T26/><D9/><U97/><E97/><V39/><F15/><AGARI ba="1,2" hai="14,15,16,19,20,23,134,135" m="51519,48690" machi="15" ten="40,8000,1" yaku="18,1,52,2,54,1" doraHai="129,27" who="1" fromWho="2" sc="194,0,227,103,197,-83,362,0" /><INIT seed="5,0,0,2,1,121" ten="194,330,114,362" oya="1" hai0="111,51,6,129,74,86,96,27,33,104,63,125,66" hai1="39,29,119,50,130,17,0,11,14,89,8,122,47" hai2="80,118,42,20,126,57,70,132,131,3,105,5,37" hai3="40,2,53,133,77,68,54,114,16,55,128,83,95"/><U48/><E122/><V98/><F57/><W52/><G68/><T21/><D111/><U1/><E119/><V82/><F20/><W31/><G2/><T35/><D74/><U59/><E130/><V81/><F81/><W44/><G128/><T100/><D129/><U45/><E39/><V127/><F82/><W19/><G31/><T24/><D125/><U76/><E29/><V9/><F80/><W32/><G32/><T69/><D86/><U28/><E28/><V115/><F98/><W78/><G133/><T49/><D27/><U12/><E59/><V13/><F13/><W99/><G114/><T62/><D6/><U71/><E71/><V25/><F25/><W38/><N who="3" m="13312" /><DORA hai="94" /><W79/><REACH who="3" step="1"/><G83/><REACH who="3" ten="194,330,114,352" step="2"/><T90/><D35/><U36/><E1/><N who="2" m="175" /><F70/><W117/><G117/><T34/><D33/><U134/><E0/><V120/><F3/><W124/><G124/><N who="2" m="47657" /><F118/><W107/><G107/><T109/><D34/><U112/><E112/><V23/><F115/><W108/><G108/><T93/><D109/><U87/><E134/><V75/><F105/><W97/><G97/><T110/><D110/><U30/><E30/><V116/><F116/><W22/><G22/><T41/><D69/><U7/><E87/><V26/><F75/><W64/><G64/><T72/><D72/><U15/><E11/><V88/><F132/><W92/><G92/><T46/><D104/><U73/><E73/><V58/><F131/><W10/><G10/><T85/><D93/><U106/><E106/><V103/><F58/><W61/><G61/><T84/><D62/><U56/><E56/><RYUUKYOKU ba="0,1" sc="194,-10,330,-10,114,-10,352,30" hai3="16,19,38,40,44,77,78,79,95,99" /><INIT seed="6,1,1,2,3,55" ten="184,320,104,382" oya="2" hai0="63,36,40,4,45,89,9,127,25,6,33,62,52" hai1="85,90,13,134,126,7,39,82,73,96,64,84,46" hai2="16,76,115,79,91,120,70,110,29,1,94,72,5" hai3="12,22,104,3,65,21,35,106,31,123,75,44,81"/><V66/><F120/><W118/><G123/><T43/><D43/><U0/><E0/><V128/><F72/><W2/><G118/><T19/><D127/><U131/><E64/><V10/><F29/><W67/><G35/><T99/><D62/><U69/><E69/><V116/><F66/><W119/><G44/><T92/><D33/><U105/><E131/><V48/><F70/><W71/><G119/><T88/><D89/><U34/><E134/><V60/><F128/><W113/><G113/><T77/><D77/><U41/><E34/><V14/><F60/><W23/><G23/><N who="0" m="13567" /><D9/><U107/><E126/><V51/><F115/><W38/><G38/><T56/><AGARI ba="1,1" hai="4,6,36,40,45,52,56,63,88,92,99" m="13567" machi="56" ten="30,7900,0" yaku="25,1,52,1,54,2" doraHai="55" who="0" fromWho="0" sc="184,92,320,-21,104,-40,382,-21" /><INIT seed="7,0,0,4,1,60" ten="276,299,64,361" oya="3" hai0="86,130,59,90,129,37,19,57,21,75,82,73,16" hai1="135,6,4,66,64,131,118,7,9,46,10,71,47" hai2="34,97,49,89,65,83,68,40,67,2,14,32,105" hai3="45,127,132,120,96,12,13,123,56,27,23,114,36"/><W134/><G114/><T29/><D37/><U17/><E71/><V106/><F68/><W80/><G127/><T42/><D42/><U77/><E135/><N who="3" m="51754" /><G80/><T55/><D29/><U91/><E131/><V3/><F14/><N who="3" m="5739" /><G96/><T111/><D111/><U121/><E121/><V11/><F11/><N who="1" m="4105" /><E77/><V116/><F97/><W44/><G56/><T35/><D35/><N who="2" m="13354" /><F83/><W69/><G36/><T92/><D57/><U112/><E112/><V33/><N who="2" m="13362" /><V41/><DORA hai="24" /><F49/><W0/><G0/><N who="2" m="41" /><F89/><W88/><G88/><T98/><D75/><U104/><E104/><N who="2" m="40043" /><F116/><W85/><G85/><T15/><D73/><U30/><E118/><V115/><F115/><W39/><G69/><T78/><REACH who="0" step="1"/><D19/><REACH who="0" ten="266,299,64,361" step="2"/><U63/><E17/><V48/><F48/><AGARI ba="0,1" hai="15,16,21,48,55,59,78,82,86,90,92,98,129,130" machi="48" ten="40,8000,1" yaku="1,1,2,1,54,1,53,1" doraHai="60,24" doraHaiUra="108,52" who="0" fromWho="2" sc="266,90,299,0,64,-80,361,0" owari="356,15.6,299,-10.1,-16,-51.6,361,46.1" /></mjloggm>