<mjloggm ver="2.3"><GO type="41" lobby="0"/><UN n0="%E2%93%9D%4C%75%63%6B%79%4A" n1="%49%6F%75%69%75%69%6F" n2="%E5%A4%A7%E5%AE%AE%E3%81%AE%E6%88%8C" n3="%E2%98%86%E3%83%92%E3%82%B2%E9%AD%94%E4%BA%BA%E2%98%86" dan="18,14,15,16" rate="2207.56,1850.26,2045.11,2057.71" sx="M,M,M,M"/><TAIKYOKU oya="0"/><INIT seed="0,0,0,0,1,103" ten="250,250,250,250" oya="0" hai0="89,21,128,74,80,118,7,135,2,105,8,64,44" hai1="78,52,115,113,31,88,20,100,47,55,98,9,4" hai2="92,101,68,121,36,90,58,32,39,37,69,123,63" hai3="67,54,18,95,48,43,111,0,116,11,24,26,86"/><T10/><D118/><U13/><E78/><V122/><F32/><W75/><G75/><T41/><D128/><U65/><E65/><V56/><F101/><W102/><G116/><T62/><D10/><U96/><E96/><V84/><REACH who="2" step="1"/><F63/><REACH who="2" ten="250,250,240,250" step="2"/><W94/><G102/><T61/><D62/><U40/><E100/><V126/><F126/><W57/><G67/><T35/><D35/><U16/><E31/><V53/><F53/><W38/><G111/><T73/><D61/><U87/><E98/><V104/><F104/><W132/><G132/><T51/><D135/><U3/><E40/><V119/><F119/><W133/><G133/><T79/><D64/><U27/><E3/><V70/><AGARI ba="0,1" hai="36,37,39,56,58,68,69,70,84,90,92,121,122,123" machi="70" ten="50,8000,1" yaku="1,1,0,1,29,2,53,0" doraHai="103" doraHaiUra="49" who="2" fromWho="2" sc="250,-40,250,-20,240,90,250,-20" /><INIT seed="1,0,0,0,5,22" ten="210,230,330,230" oya="1" hai0="92,125,112,72,130,45,106,0,67,118,51,80,123" hai1="10,56,133,52,135,20,134,60,75,63,96,108,81" hai2="65,83,44,116,62,24,66,129,29,34,119,57,104" hai3="98,93,58,50,15,7,94,97,3,87,122,102,33"/><U39/><E39/><V78/><F129/><W61/><G122/><T31/><D106/><U5/><E108/><V27/><F104/><W28/><G3/><T54/><D0/><U121/><E121/><V26/><F44/><W69/><G69/><T47/><D112/><U48/><E96/><V77/><F65/><W115/><G115/><T99/><D125/><U126/><E126/><V41/><F41/><W1/><G1/><T111/><D118/><U84/><E75/><V12/><F12/><W16/><G7/><T40/><D67/><U110/><E110/><V36/><F36/><W105/><G50/><T100/><D130/><U95/><E95/><V90/><F90/><W37/><G37/><T32/><D111/><U86/><E20/><V25/><REACH who="2" step="1"/><F78/><REACH who="2" ten="210,230,320,230" step="2"/><W64/><G105/><T128/><D128/><U19/><E81/><V113/><F113/><W17/><G15/><T53/><D123/><U71/><E133/><V68/><F68/><W76/><G76/><T107/><D107/><U109/><E71/><V103/><F103/><W4/><G102/><T8/><D100/><U127/><E109/><V79/><F79/><W101/><G101/><T38/><D38/><U6/><E127/><V14/><F14/><W74/><G64/><T21/><D47/><U114/><E114/><V42/><F42/><W59/><G94/><T91/><D92/><U9/><E134/><V82/><F82/><W18/><G93/><T13/><D80/><U120/><E135/><V131/><F131/><W30/><G59/><T89/><D40/><U49/><E120/><V11/><F11/><RYUUKYOKU ba="0,1" sc="210,-10,230,-10,320,30,230,-10" hai2="24,25,26,27,29,34,57,62,66,77,83,116,119" /><INIT seed="2,1,1,0,0,108" ten="200,220,350,220" oya="2" hai0="91,58,14,89,10,50,79,69,37,11,22,117,131" hai1="6,111,81,99,53,36,105,61,4,109,25,75,15" hai2="64,132,19,3,83,110,46,93,121,85,54,122,40" hai3="45,90,134,0,12,7,127,70,128,63,95,73,20"/><V129/><F110/><N who="1" m="41993" /><E25/><V84/><F132/><W18/><G134/><T130/><D69/><U5/><E36/><V29/><F29/><W125/><G73/><T38/><D79/><U49/><E61/><V100/><F64/><W86/><G128/><T115/><D50/><U135/><E15/><V68/><F68/><W98/><G45/><T78/><D78/><U34/><E34/><V47/><F3/><W123/><G123/><T16/><D58/><U52/><E53/><V104/><F104/><W2/><G7/><T112/><D117/><U33/><E33/><V118/><F118/><W59/><G70/><T65/><D65/><U39/><E39/><N who="0" m="14857" /><D91/><U67/><E67/><V17/><F54/><W88/><G2/><T82/><D89/><U92/><E105/><V119/><F119/><W76/><G76/><T23/><D82/><U21/><E21/><N who="0" m="7689" /><D11/><U106/><E106/><V101/><F93/><W72/><G0/><T77/><D77/><N who="1" m="44223" /><E135/><V8/><F8/><W32/><G32/><T30/><D30/><U102/><E5/><V41/><REACH who="2" step="1"/><F83/><REACH who="2" ten="200,220,340,220" step="2"/><W124/><G72/><T60/><D60/><U71/><E71/><V97/><F97/><W43/><G43/><T1/><D1/><U80/><E80/><V57/><F57/><AGARI ba="1,2" hai="4,6,49,52,57,92,99,102" m="44223,41993" machi="57" ten="30,2000,0" yaku="14,1,54,1" doraHai="108" who="1" fromWho="2" sc="200,0,220,43,340,-23,220,0" /><INIT seed="3,0,0,2,2,52" ten="200,263,317,220" oya="3" hai0="72,55,15,69,35,21,117,26,121,1,101,14,46" hai1="70,12,118,109,42,97,50,4,93,114,60,57,111" hai2="39,11,96,34,102,29,38,53,129,90,6,89,119" hai3="19,106,24,31,62,134,113,131,41,79,110,95,98"/><W5/><G113/><T45/><D72/><U128/><E128/><V37/><F119/><W103/><G131/><T85/><D69/><U47/><E70/><V112/><F112/><W48/><G134/><T63/><D35/><U124/><E114/><V67/><F67/><W75/><G5/><T10/><D101/><U81/><E81/><V76/><F76/><W92/><G75/><T108/><D108/><U91/><E124/><V20/><F34/><W104/><G79/><T125/><D1/><U56/><E118/><V123/><F129/><W77/><G77/><T126/><D85/><U7/><E7/><V105/><F123/><W51/><G19/><T80/><D80/><U64/><E4/><V73/><F73/><W30/><G110/><N who="1" m="41994" /><E60/><V120/><F120/><W82/><G82/><T83/><D83/><U84/><E64/><V27/><F53/><W133/><G62/><T74/><D121/><U86/><E12/><N who="0" m="4649" /><D74/><U100/><E100/><V130/><REACH who="2" step="1"/><F130/><REACH who="2" ten="200,263,307,220" step="2"/><W33/><G133/><T65/><D117/><U2/><E2/><AGARI ba="0,1" hai="2,6,11,20,27,29,37,38,39,89,90,96,102,105" machi="2" ten="40,2600,0" yaku="1,1,2,1,53,0" doraHai="52" doraHaiUra="49" who="2" fromWho="1" sc="200,0,263,-26,307,36,220,0" /><INIT seed="4,0,0,4,4,25" ten="200,237,343,220" oya="0" hai0="5,129,100,50,51,105,2,113,1,43,87,112,115" hai1="79,8,120,24,74,107,10,104,27,96,135,53,35" hai2="12,9,109,130,49,48,95,4,98,39,57,45,116" hai3="63,81,125,44,21,92,114,80,83,133,124,11,64"/><T31/><D5/><U18/><E120/><V3/><F130/><W42/><G114/><T6/><D6/><U19/><E79/><V14/><F109/><W111/><G111/><T32/><D129/><U7/><E96/><V65/><F116/><W26/><G133/><T67/><D67/><U85/><E74/><V122/><F122/><W99/><G11/><T41/><D100/><U88/><E135/><V119/><F119/><W89/><G42/><N who="0" m="15883" /><D105/><U30/><E10/><V60/><F39/><W91/><G44/><T55/><D87/><U117/><E117/><V103/><REACH who="2" step="1"/><F49/><REACH who="2" ten="200,237,333,220" step="2"/><N who="0" m="18442" /><D55/><AGARI ba="0,1" hai="3,4,9,12,14,45,48,55,57,60,65,95,98,103" machi="55" ten="30,2000,0" yaku="1,1,7,1,53,0" doraHai="25" doraHaiUra="128" who="2" fromWho="0" sc="200,-20,237,0,333,30,220,0" /><INIT seed="5,0,0,5,0,22" ten="180,237,363,220" oya="1" hai0="113,114,33,130,93,23,75,40,82,31,64,125,134" hai1="120,123,104,25,21,4,126,2,81,62,57,103,84" hai2="79,12,69,108,51,34,60,14,97,50,19,3,8" hai3="98,111,5,44,135,129,52,42,48,41,124,49,87"/><U119/><E119/><V101/><F34/><W133/><G5/><T77/><D64/><U55/><E126/><V105/><F3/><W18/><G98/><T91/><D40/><U128/><E103/><V127/><F127/><W11/><G124/><T94/><D125/><U83/><E104/><V86/><F108/><W54/><G87/><T80/><D33/><U1/><E83/><V71/><F86/><W116/><G11/><T13/><D13/><U70/><E70/><V121/><F79/><W73/><G73/><T37/><D37/><U89/><E128/><V72/><F72/><W16/><G111/><T67/><D67/><U95/><E81/><V92/><F69/><W68/><G68/><T96/><D134/><N who="3" m="51209" /><G129/><T99/><D130/><U10/><REACH who="1" step="1"/><E1/><REACH who="1" ten="180,227,363,220" step="2"/><V61/><F105/><W7/><G116/><T9/><D82/><U53/><E53/><V35/><F71/><W74/><G54/><T78/><D78/><U43/><E43/><V47/><F121/><W20/><G42/><T107/><D107/><U28/><AGARI ba="0,1" hai="2,4,10,21,25,28,55,57,62,84,89,95,120,123" machi="28" ten="20,7800,0" yaku="1,1,0,1,7,1,52,1,53,0" doraHai="22" doraHaiUra="66" who="1" fromWho="1" sc="180,-26,227,88,363,-26,220,-26" /><INIT seed="5,1,0,2,4,88" ten="154,315,337,194" oya="1" hai0="126,106,1,103,57,13,79,77,94,11,29,7,118" hai1="125,110,123,117,35,113,134,130,84,74,87,64,48" hai2="53,68,58,5,100,65,98,55,39,112,107,26,51" hai3="23,36,43,0,50,41,32,80,31,19,121,122,9"/><U119/><RYUUKYOKU type="yao9" ba="1,0" sc="154,0,315,0,337,0,194,0" hai1="35,48,64,74,84,87,110,113,117,119,123,125,130,134" /><INIT seed="5,2,0,5,0,130" ten="154,315,337,194" oya="1" hai0="6,134,115,76,101,106,49,99,69,45,54,12,23" hai1="40,60,42,105,117,14,68,52,20,24,103,66,71" hai2="38,100,87,92,19,124,63,132,13,80,116,78,89" hai3="2,93,113,53,25,96,119,44,64,82,50,18,31"/><U108/><E117/><V111/><F111/><W1/><G119/><T26/><D69/><U8/><E108/><V62/><F124/><W47/><G113/><T126/><D126/><U107/><E71/><V94/><F38/><W97/><G64/><T74/><D115/><U73/><E73/><V120/><F120/><W56/><G18/><T129/><D129/><U123/><E123/><V11/><F132/><W9/><G82/><T127/><D127/><U0/><E0/><V121/><F121/><W125/><G125/><T91/><D91/><U43/><E103/><V72/><F116/><W84/><G84/><T57/><D76/><U32/><E32/><V37/><F37/><W133/><G133/><T75/><D134/><U61/><E8/><V86/><F72/><W39/><G96/><AGARI ba="2,0" hai="11,13,19,62,63,78,80,86,87,89,92,94,96,100" machi="96" ten="40,1300,0" yaku="8,1" doraHai="130" who="2" fromWho="3" sc="154,0,315,0,337,19,194,-19" /><INIT seed="6,0,0,1,1,21" ten="154,315,356,175" oya="2" hai0="81,128,51,1,9,134,16,83,82,121,120,107,33" hai1="52,41,49,22,60,13,67,4,75,2,26,125,116" hai2="34,92,114,57,54,32,129,5,45,43,93,131,64" hai3="113,76,48,14,61,126,59,79,27,135,101,102,130"/><V119/><F119/><W23/><G135/><T70/><D70/><U69/><E75/><V55/><F5/><W29/><G130/><T50/><D107/><U12/><E125/><V63/><F114/><W47/><G126/><T25/><D134/><U58/><E116/><V118/><F118/><W88/><G113/><T28/><D128/><N who="2" m="49226" /><F64/><W66/><G14/><T65/><D65/><U6/><E41/><V31/><F54/><W53/><REACH who="3" step="1"/><G88/><REACH who="3" ten="154,315,356,165" step="2"/><T40/><D1/><U24/><E2/><V96/><F96/><W72/><G72/><T35/><D121/><U122/><E122/><V91/><F91/><W87/><G87/><T36/><D120/><U39/><E39/><V123/><F123/><W100/><AGARI ba="0,1" hai="23,27,29,47,48,53,59,61,66,76,79,100,101,102" machi="100" ten="30,7900,0" yaku="1,1,0,1,8,1,52,1,53,0" doraHai="21" doraHaiUra="0" who="3" fromWho="3" sc="154,-20,315,-20,356,-39,165,89" /><INIT seed="7,0,0,3,3,35" ten="134,295,317,254" oya="3" hai0="113,52,94,73,121,21,95,26,3,104,102,71,88" hai1="80,111,11,70,133,106,31,47,101,86,8,84,2" hai2="27,132,41,24,98,25,20,45,15,93,33,61,92" hai3="125,103,68,58,5,32,0,48,10,54,14,96,120"/><W87/><G120/><T74/><D121/><U118/><E111/><V55/><F33/><W12/><G68/><T107/><D71/><U114/><E133/><V7/><F132/><W112/><G32/><T122/><D122/><U64/><E114/><V23/><F93/><W38/><G38/><T72/><D113/><U105/><E31/><V77/><F77/><W16/><G112/><T19/><D95/><U99/><E106/><V6/><F41/><W63/><G125/><T60/><D102/><U67/><E11/><N who="2" m="4607" /><F6/><W30/><G30/><T22/><D22/><N who="2" m="8234" /><F45/><W131/><G131/><T108/><D108/><U29/><E29/><V135/><F135/><W89/><G63/><T62/><D62/><U116/><E47/><V81/><F81/><W13/><G103/><T110/><D110/><U85/><E80/><V100/><F61/><W115/><G115/><T76/><D76/><U51/><E51/><V42/><F42/><W53/><G96/><T117/><D117/><N who="1" m="45163" /><E70/><V123/><F123/><W97/><G97/><T65/><D65/><U78/><E78/><V129/><F129/><W124/><G54/><AGARI ba="0,0" hai="24,25,27,54,55,92,98,100" m="8234,4607" machi="54" ten="30,1000,0" yaku="8,1" doraHai="35" who="2" fromWho="3" sc="134,0,295,0,317,10,254,-10" owari="134,-36.6,295,9.5,327,42.7,244,-15.6" /></mjloggm>