<mjloggm ver="2.3"><GO type="41" lobby="0"/><UN n0="%E5%A4%8F%E5%B1%B1%E7%B9%81%E6%A9%9F" n1="%E4%BB%A4%E5%92%8C%E4%BA%94%E5%B9%B4" n2="%E2%93%9D%4C%75%63%6B%79%4A" n3="%68%72%77%31%32%38" dan="15,13,14,14" rate="1988.47,1808.81,2067.60,1942.20" sx="M,M,M,M"/><TAIKYOKU oya="0"/><INIT seed="0,0,0,3,1,75" ten="250,250,250,250" oya="0" hai0="73,16,43,119,24,55,122,2,44,45,37,129,114" hai1="134,99,30,51,91,46,109,92,111,9,13,53,126" hai2="85,64,71,60,7,97,58,38,76,59,56,14,6" hai3="120,67,62,106,17,77,135,86,5,107,132,41,10"/><T112/><D119/><U130/><E126/><V117/><F117/><W27/><G41/><T31/><D122/><U63/><E130/><V95/><F38/><W87/><G120/><T98/><D129/><U4/><E134/><N who="3" m="51242" /><G17/><T50/><D2/><U121/><E121/><V49/><F49/><W40/><G27/><T61/><D73/><U11/><E30/><V35/><F35/><W89/><G40/><T118/><D118/><U124/><E124/><V34/><F34/><W93/><G86/><T104/><D61/><U115/><E115/><V116/><F14/><N who="3" m="5455" /><G77/><T69/><D114/><U83/><E11/><V21/><F21/><W54/><G54/><T72/><D72/><U36/><E36/><V22/><F22/><W113/><G113/><T90/><D55/><U47/><E46/><V12/><F12/><W108/><G108/><T8/><D44/><U128/><E128/><V70/><F116/><W20/><G20/><T110/><D45/><U80/><REACH who="1" step="1"/><E63/><REACH who="1" ten="250,240,250,250" step="2"/><V101/><F60/><W94/><G62/><T74/><D37/><U133/><E133/><V33/><F33/><W88/><G67/><T15/><D112/><U79/><E79/><V125/><F125/><W105/><G89/><T96/><D90/><U3/><E3/><V82/><REACH who="2" step="1"/><F64/><REACH who="2" ten="250,240,240,250" step="2"/><W65/><G65/><T32/><D32/><U28/><E28/><V57/><N who="2" m="14336" /><DORA hai="1" /><V42/><F42/><W39/><G39/><T29/><D43/><U25/><E25/><V68/><AGARI ba="0,2" hai="6,7,68,70,71,76,82,85,95,97,101" m="14336" machi="68" ten="50,12000,2" yaku="1,1,0,1,52,3,53,2" doraHai="75,1" doraHaiUra="78,81" who="2" fromWho="2" sc="250,-60,240,-30,240,140,250,-30" /><INIT seed="1,0,0,5,4,11" ten="190,210,380,220" oya="1" hai0="18,75,109,66,47,51,77,94,111,126,100,14,60" hai1="71,113,52,79,129,13,123,15,46,3,128,39,59" hai2="106,10,25,130,121,85,55,17,92,110,93,37,53" hai3="95,86,116,63,31,7,49,124,0,29,135,23,102"/><U122/><E3/><V131/><F106/><W42/><G135/><T24/><D126/><U132/><E113/><V88/><F37/><W104/><G124/><T12/><D75/><U103/><E79/><V50/><F121/><N who="1" m="46089" /><E71/><V27/><F110/><W28/><G104/><T5/><D5/><U125/><E125/><V101/><F55/><W21/><G63/><T107/><D77/><U4/><E4/><V35/><F35/><W127/><G127/><T30/><D107/><U76/><E76/><V118/><F118/><W81/><G116/><T1/><D1/><U96/><E46/><V64/><F64/><W22/><G7/><T133/><D111/><U80/><E80/><V97/><F131/><N who="1" m="50249" /><E39/><V78/><F78/><W32/><G0/><T57/><D109/><U44/><E44/><N who="2" m="27847" /><F130/><W134/><G134/><T65/><D133/><U68/><E68/><V19/><F19/><W62/><G31/><T8/><D18/><U26/><E26/><V90/><F90/><W89/><G29/><T112/><D24/><U70/><E70/><V73/><F73/><W117/><G117/><T58/><D30/><U84/><E84/><V20/><F27/><W43/><G28/><T34/><D112/><U83/><E83/><V16/><F17/><W105/><G81/><T36/><D36/><U61/><E132/><V82/><F82/><W45/><G32/><T48/><D34/><U98/><E98/><N who="2" m="59599" /><F10/><W74/><G74/><T38/><D8/><U108/><E108/><V120/><F120/><W54/><G62/><N who="0" m="38095" /><D38/><U6/><E6/><V33/><F33/><W56/><G45/><RYUUKYOKU ba="0,0" sc="190,-30,210,10,380,10,220,10" hai1="13,15,52,59,61,96,103" hai2="16,20,25,85,88,92,97" hai3="21,22,23,42,43,49,54,56,86,89,95,102,105" /><INIT seed="1,1,0,0,3,49" ten="160,220,390,230" oya="1" hai0="84,51,132,58,107,95,128,63,70,121,134,47,74" hai1="101,57,31,67,127,29,116,48,106,125,80,9,8" hai2="2,130,92,118,45,44,96,85,56,22,78,119,17" hai3="28,21,15,87,37,18,4,110,76,38,111,54,61"/><U135/><E116/><V104/><F2/><W126/><G126/><N who="1" m="48138" /><E101/><V59/><F130/><W64/><G4/><T102/><D74/><U91/><E106/><V90/><F119/><W62/><G28/><N who="1" m="10826" /><E67/><V55/><F59/><N who="3" m="35063" /><G87/><T12/><D84/><U0/><E0/><V16/><F17/><W43/><G76/><T24/><D102/><U36/><E36/><V26/><F118/><W7/><G43/><T73/><D107/><U120/><E120/><V46/><F104/><W94/><G94/><T98/><D95/><U27/><E27/><V103/><F78/><W108/><G7/><T112/><D121/><U30/><N who="1" m="10834" /><U100/><DORA hai="89" /><E100/><V5/><F5/><W14/><G15/><T52/><D12/><U79/><E91/><V123/><F123/><W35/><G35/><T114/><D24/><U69/><E69/><AGARI ba="1,0" hai="14,18,21,37,38,62,64,69,108,110,111" m="35063" machi="69" ten="30,2000,0" yaku="14,1,52,1" doraHai="49,89" who="3" fromWho="1" sc="160,0,220,-23,390,0,230,23" /><INIT seed="2,0,0,4,1,79" ten="160,197,390,253" oya="2" hai0="66,71,13,56,112,113,106,128,23,115,127,73,35" hai1="70,123,64,129,75,135,29,52,88,67,51,87,57" hai2="92,98,111,110,93,4,90,91,19,114,53,105,77" hai3="25,85,8,48,1,9,17,94,49,36,38,130,100"/><V103/><F4/><W3/><G130/><T55/><D106/><U121/><E129/><V126/><F53/><W27/><G85/><T12/><D35/><U97/><E75/><V24/><F19/><W107/><G94/><N who="2" m="36457" /><F24/><W62/><G17/><T83/><D73/><U76/><E29/><V31/><F31/><W65/><G107/><T10/><D128/><U32/><E32/><V80/><F114/><W118/><G62/><T34/><D34/><U86/><E70/><V109/><F126/><W11/><G65/><T134/><D66/><U124/><E124/><V63/><F63/><W68/><G100/><T6/><D71/><U40/><E40/><V7/><F7/><W69/><REACH who="3" step="1"/><G9/><REACH who="3" ten="160,197,390,243" step="2"/><T39/><D10/><U41/><E67/><V46/><F46/><W18/><G18/><T58/><D113/><U42/><E64/><V82/><F82/><W99/><G99/><T78/><D83/><N who="1" m="47463" /><E135/><V26/><F26/><W102/><G102/><T61/><D134/><U43/><E123/><V50/><F50/><W89/><G89/><T14/><D115/><U108/><E121/><V95/><F105/><W119/><AGARI ba="0,1" hai="1,3,8,11,25,27,36,38,48,49,68,69,118,119" machi="119" ten="25,6400,0" yaku="1,1,0,1,22,2,53,0" doraHai="79" doraHaiUra="132" who="3" fromWho="3" sc="160,-16,197,-16,390,-32,243,74" /><INIT seed="3,0,0,4,4,53" ten="144,181,358,317" oya="3" hai0="57,60,27,104,85,34,65,70,28,127,88,111,52" hai1="13,17,24,108,2,119,96,78,21,29,0,45,125" hai2="97,56,38,128,59,84,81,101,115,62,129,22,79" hai3="36,123,132,95,26,16,122,9,11,126,82,3,5"/><W12/><G36/><T42/><D111/><U33/><E108/><V80/><F115/><W72/><G95/><T92/><D127/><U98/><E78/><V20/><F38/><W54/><G82/><T39/><D104/><U77/><E125/><V41/><F41/><W114/><G72/><T116/><D116/><U19/><E119/><V76/><F62/><W135/><G54/><T10/><D10/><U87/><E19/><V25/><F97/><W8/><G126/><T121/><D121/><N who="3" m="46089" /><G114/><T110/><D110/><U48/><E87/><V131/><F101/><W120/><N who="3" m="46097" /><W69/><DORA hai="44" /><G69/><T133/><D133/><N who="3" m="51273" /><G26/><T91/><D91/><U105/><E77/><V75/><F25/><W40/><G40/><T47/><REACH who="0" step="1"/><D52/><REACH who="0" ten="134,181,358,317" step="2"/><U63/><E105/><V109/><F109/><W134/><N who="3" m="51281" /><W94/><DORA hai="50" /><G9/><T74/><D74/><U107/><E107/><V117/><F117/><W31/><G94/><T58/><AGARI ba="0,1" hai="27,28,34,39,42,47,57,58,60,65,70,85,88,92" machi="58" ten="30,12000,2" yaku="1,1,0,1,52,2,54,1,53,2" doraHai="53,44,50" doraHaiUra="90,35,71" who="0" fromWho="0" sc="134,130,181,-30,358,-30,317,-60" /><INIT seed="4,0,0,5,4,73" ten="264,151,328,257" oya="0" hai0="2,128,1,114,80,134,63,3,28,120,104,36,123" hai1="60,59,133,67,121,130,119,15,11,54,57,20,31" hai2="7,92,68,76,78,98,93,58,17,69,112,41,9" hai3="47,42,85,103,34,70,50,89,35,38,109,91,61"/><T97/><D36/><U13/><E121/><V77/><F112/><W43/><G109/><T88/><D114/><U8/><E119/><V132/><F132/><W131/><G131/><T86/><D128/><U129/><E133/><V52/><F41/><W125/><G125/><T99/><D134/><U124/><E124/><V100/><F17/><W10/><G103/><T82/><D28/><U25/><E130/><V46/><F46/><W14/><G42/><T49/><D63/><U30/><E129/><V56/><F93/><W95/><G38/><T111/><D111/><U116/><E31/><V75/><F75/><W66/><REACH who="3" step="1"/><G89/><REACH who="3" ten="264,151,328,247" step="2"/><T39/><D39/><U53/><E116/><V83/><F83/><W79/><G79/><T22/><D82/><U18/><REACH who="1" step="1"/><E59/><REACH who="1" ten="264,141,328,247" step="2"/><V51/><REACH who="2" step="1"/><F58/><REACH who="2" ten="264,141,318,247" step="2"/><W106/><G106/><T94/><D104/><U135/><E135/><V48/><F48/><W12/><G12/><AGARI ba="0,3" hai="7,9,12,51,52,56,68,69,76,77,78,92,98,100" machi="12" ten="40,8000,1" yaku="1,1,52,3,54,1,53,0" doraHai="73" doraHaiUra="29" who="2" fromWho="3" sc="264,0,141,0,318,110,247,-80" /><INIT seed="5,0,0,4,1,130" ten="264,141,428,167" oya="1" hai0="89,131,66,49,68,36,120,70,129,90,12,134,128" hai1="37,88,17,31,16,125,22,104,105,19,116,95,28" hai2="124,135,83,33,56,55,79,25,110,64,108,52,45" hai3="58,87,96,47,107,63,71,92,133,84,40,99,13"/><U103/><E37/><V4/><F4/><W100/><G71/><T60/><D36/><U86/><E116/><V74/><F124/><W8/><G133/><T44/><D70/><U98/><E125/><V0/><F0/><W72/><G72/><T121/><D12/><U91/><E105/><V94/><F64/><W48/><G96/><T24/><D24/><U18/><REACH who="1" step="1"/><E91/><REACH who="1" ten="264,131,428,167" step="2"/><N who="0" m="34825" /><D134/><U14/><AGARI ba="0,1" hai="14,16,17,18,19,22,28,31,86,88,95,98,103,104" machi="14" ten="30,11700,0" yaku="1,1,0,1,54,2,53,0" doraHai="130" doraHaiUra="32" who="1" fromWho="1" sc="264,-39,131,127,428,-39,167,-39" /><INIT seed="5,1,0,1,2,39" ten="225,258,389,128" oya="1" hai0="43,32,21,104,71,56,108,12,30,63,49,134,81" hai1="62,33,101,38,96,37,53,106,16,54,15,25,26" hai2="5,97,131,133,64,122,46,24,77,73,65,61,9" hai3="20,52,74,23,135,91,120,103,90,40,111,66,132"/><U31/><E26/><V36/><F122/><W41/><G120/><T119/><D108/><U109/><E109/><V60/><F97/><W84/><G111/><T129/><D104/><U67/><E38/><V14/><F133/><N who="3" m="51275" /><G74/><T59/><D71/><N who="1" m="42487" /><E37/><V124/><F24/><W125/><G125/><T79/><D30/><U87/><E87/><V29/><F29/><W11/><G66/><T28/><D28/><U115/><E115/><V127/><F65/><W75/><G75/><T107/><D32/><U42/><E42/><N who="3" m="16490" /><G103/><T78/><D134/><U112/><E112/><V17/><F64/><W10/><G52/><T6/><D43/><U123/><E123/><V83/><F127/><W98/><G98/><T76/><D63/><U8/><AGARI ba="1,0" hai="8,15,16,25,31,33,53,54,96,101,106" m="42487" machi="8" ten="30,3000,0" yaku="25,1,54,1" doraHai="39" who="1" fromWho="1" sc="225,-11,258,33,389,-11,128,-11" /><INIT seed="5,2,0,5,5,27" ten="214,291,378,117" oya="1" hai0="23,88,78,33,84,92,72,38,95,132,121,128,5" hai1="30,35,90,108,134,100,50,7,1,54,43,18,59" hai2="34,74,9,22,32,117,76,91,64,40,60,51,135" hai3="120,39,109,65,47,20,125,129,113,69,114,85,97"/><U94/><E134/><V87/><F74/><W71/><G85/><T3/><D38/><U2/><E108/><V58/><F117/><W107/><G20/><T8/><D33/><U119/><E119/><V79/><F34/><W104/><G97/><T99/><D132/><U63/><E7/><V83/><F32/><W36/><G109/><T124/><D128/><U52/><E18/><V6/><F135/><W106/><G47/><T102/><D124/><U103/><E43/><V0/><F40/><W19/><G19/><T73/><D121/><U26/><E2/><V57/><REACH who="2" step="1"/><F22/><REACH who="2" ten="214,291,368,117" step="2"/><W131/><G65/><T130/><D130/><N who="3" m="49673" /><G120/><T4/><D23/><N who="1" m="15711" /><E1/><V68/><F68/><N who="3" m="26187" /><G125/><T44/><D72/><U15/><E35/><V46/><F46/><W29/><G29/><T11/><D44/><N who="1" m="27975" /><E15/><V80/><F80/><W82/><G82/><T61/><D73/><U115/><E115/><AGARI ba="2,1" hai="36,39,104,106,107,113,114,115" m="26187,49673" machi="115" ten="40,12000,2" yaku="28,2,15,1,19,1,31,2" doraHai="27" who="3" fromWho="1" sc="214,0,291,-126,368,0,117,136" /><INIT seed="6,0,0,4,1,72" ten="214,165,368,253" oya="2" hai0="56,53,112,28,0,108,57,32,19,5,66,135,83" hai1="22,119,126,113,18,121,124,27,122,128,105,107,25" hai2="48,7,78,47,10,117,79,24,33,114,81,31,3" hai3="41,20,44,102,75,92,77,54,49,17,6,109,52"/><V58/><F117/><W80/><G109/><T12/><D108/><U120/><E119/><V67/><F114/><W90/><G6/><T1/><D112/><U100/><E113/><V74/><F67/><W115/><G102/><T63/><D135/><U132/><E100/><V36/><F58/><W23/><G115/><T65/><D5/><U39/><E39/><V91/><F36/><W104/><G104/><N who="1" m="40010" /><E22/><V13/><F79/><W134/><G23/><T55/><D1/><U64/><E64/><V60/><F60/><W130/><G130/><T15/><D0/><U85/><E85/><V86/><F3/><W89/><G89/><T76/><D32/><U94/><E94/><V97/><F97/><W16/><G17/><T11/><D28/><U129/><E18/><V96/><F96/><W123/><G134/><T103/><D103/><U51/><E132/><V4/><F7/><W88/><G90/><T38/><D38/><U35/><E51/><V68/><F68/><W84/><G123/><T14/><D65/><U127/><E35/><V71/><F71/><W106/><G106/><T87/><D66/><U70/><E70/><V37/><F37/><W46/><REACH who="3" step="1"/><G44/><REACH who="3" ten="214,165,368,243" step="2"/><T50/><AGARI ba="0,1" hai="11,12,14,15,19,50,53,55,56,57,63,76,83,87" machi="50" ten="20,5200,0" yaku="0,1,7,1,8,1,52,1" doraHai="72" who="0" fromWho="0" sc="214,62,165,-13,368,-26,243,-13" /><INIT seed="7,0,0,4,3,30" ten="276,152,342,230" oya="3" hai0="55,39,8,49,94,18,87,105,95,83,6,117,48" hai1="16,74,86,44,33,103,102,7,71,131,21,114,75" hai2="45,3,25,109,99,42,76,67,79,127,10,104,20" hai3="59,96,38,2,14,100,22,12,66,122,92,132,115"/><W41/><G122/><T24/><D39/><U9/><E71/><V50/><F109/><W60/><G2/><T98/><D117/><U40/><E114/><V35/><F35/><W125/><G115/><T36/><D36/><U78/><E131/><V17/><F67/><W84/><G132/><T85/><D105/><U46/><E33/><V93/><F104/><W69/><G125/><T88/><D24/><U126/><E126/><V108/><F108/><W89/><G69/><T0/><D18/><U82/><E46/><V135/><F135/><W106/><G41/><T129/><D129/><U43/><E43/><V134/><F134/><W31/><G38/><T53/><D49/><N who="1" m="26759" /><E75/><V65/><F65/><W72/><G72/><T73/><D73/><U62/><E62/><V81/><F81/><N who="3" m="49295" /><G106/><T113/><D113/><U52/><E52/><V130/><F130/><W19/><G31/><T97/><D53/><U133/><E74/><V121/><F121/><W4/><G4/><T123/><D123/><U47/><E47/><V29/><F127/><W91/><G100/><T61/><D61/><U70/><E70/><V13/><F3/><W5/><G5/><T58/><REACH who="0" step="1"/><D95/><REACH who="0" ten="266,152,342,230" step="2"/><U112/><E112/><V118/><F118/><W90/><G90/><AGARI ba="0,1" hai="0,6,8,48,55,58,83,85,87,88,90,94,97,98" machi="90" ten="30,7700,0" yaku="1,1,2,1,7,1,54,1,53,0" doraHai="30" doraHaiUra="27" who="0" fromWho="3" sc="266,87,152,0,342,0,230,-77" /><AGARI ba="0,0" hai="10,13,17,20,25,29,42,45,50,76,79,90,93,99" machi="90" ten="30,2000,0" yaku="7,1,8,1" doraHai="30" who="2" fromWho="3" sc="353,0,152,0,342,20,153,-20" owari="353,15.3,152,-24.8,362,46.2,133,-36.7" /></mjloggm>