<mjloggm ver="2.3"><GO type="137" lobby="0"/><UN n0="%54%49%42%34" n1="%41%78%43%78" n2="%E3%82%B5%E3%82%B6%E3%83%8A%E3%83%9F" n3="%E2%93%9D%4C%75%63%6B%79%4A" dan="10,14,12,10" rate="1654.26,1828.96,1630.45,1802.18" sx="F,M,M,M"/><TAIKYOKU oya="0"/><INIT seed="0,0,0,0,4,14" ten="250,250,250,250" oya="0" hai0="133,30,12,33,135,128,7,35,124,49,57,56,84" hai1="22,71,43,34,38,125,90,60,65,83,72,16,53" hai2="47,129,93,17,52,55,96,102,82,32,6,9,19" hai3="115,114,77,75,4,59,21,131,110,23,80,18,15"/><T88/><D128/><U25/><E125/><V95/><F32/><W8/><G131/><T127/><D49/><U108/><E108/><V112/><F112/><W50/><G110/><T61/><D30/><U89/><E34/><N who="0" m="12809" /><D61/><U51/><E72/><V118/><F118/><W132/><G132/><N who="0" m="50763" /><D12/><U44/><REACH who="1" step="1"/><E83/><REACH who="1" ten="250,240,250,250" step="2"/><V106/><F129/><W111/><G111/><T64/><D7/><U121/><E121/><V92/><F82/><W69/><G115/><T63/><D57/><AGARI ba="0,1" hai="16,22,25,38,43,44,51,53,57,60,65,71,89,90" machi="57" ten="30,12000,2" yaku="1,1,7,1,24,2,52,1,54,1,53,0" doraHai="14" doraHaiUra="113" who="1" fromWho="0" sc="250,-120,240,130,250,0,250,0" /><INIT seed="1,0,0,4,5,4" ten="130,370,250,250" oya="1" hai0="71,43,112,32,34,41,133,59,25,76,80,115,122" hai1="68,96,39,124,55,87,88,51,54,64,95,42,26" hai2="28,1,101,14,79,30,77,10,127,3,7,105,73" hai3="53,74,66,45,81,35,24,129,86,70,121,17,93"/><U108/><E124/><V132/><F105/><W48/><G121/><T16/><D71/><U50/><E39/><V106/><F106/><W47/><G74/><T18/><D122/><U22/><E108/><V125/><F101/><W91/><G129/><T31/><D32/><U128/><E128/><V21/><F73/><W85/><G70/><T111/><D111/><U83/><E68/><V104/><F104/><W78/><G66/><T58/><D133/><U119/><E64/><V56/><F79/><W131/><G131/><T57/><D112/><U110/><E119/><V116/><F77/><W38/><G38/><T130/><D115/><U60/><E60/><V103/><F103/><W12/><G24/><T75/><REACH who="0" step="1"/><D130/><REACH who="0" ten="120,370,250,250" step="2"/><U2/><E110/><V102/><F132/><W63/><G35/><T134/><D134/><U27/><E2/><V109/><F109/><W23/><REACH who="3" step="1"/><G63/><REACH who="3" ten="120,370,250,240" step="2"/><T123/><D123/><U9/><E27/><V69/><F127/><W0/><G0/><T118/><D118/><U13/><E26/><V46/><F69/><W52/><G52/><T29/><D29/><U97/><E55/><V67/><F125/><W92/><G92/><T114/><D114/><U8/><E54/><V126/><F126/><W82/><G82/><T90/><D90/><U40/><E95/><V49/><F28/><W99/><G99/><N who="1" m="37962" /><E42/><AGARI ba="0,2" hai="16,18,25,31,34,41,42,43,57,58,59,75,76,80" machi="42" ten="40,2600,0" yaku="1,1,54,1,53,0" doraHai="4" doraHaiUra="6" who="0" fromWho="1" sc="120,46,370,-26,250,0,240,0" /><INIT seed="2,0,0,2,1,107" ten="166,344,250,240" oya="2" hai0="16,37,84,99,47,106,78,92,19,63,98,45,86" hai1="103,93,100,50,39,30,21,130,6,80,126,94,131" hai2="59,1,5,66,90,120,13,125,60,133,7,28,104" hai3="52,70,114,122,123,64,76,135,108,87,95,34,72"/><V88/><F104/><W10/><G34/><T58/><D106/><U82/><E39/><V35/><F120/><W132/><G10/><T115/><D115/><U29/><E6/><V101/><F101/><W2/><G2/><T14/><D37/><U48/><REACH who="1" step="1"/><E21/><REACH who="1" ten="166,334,250,240" step="2"/><V102/><F125/><AGARI ba="0,1" hai="29,30,48,50,80,82,93,94,100,103,125,126,130,131" machi="125" ten="25,6400,0" yaku="1,1,2,1,22,2,53,0" doraHai="107" doraHaiUra="71" who="1" fromWho="2" sc="166,0,334,74,250,-64,240,0" /><INIT seed="3,0,0,5,2,30" ten="166,408,186,240" oya="3" hai0="63,81,9,8,12,105,52,67,128,26,85,96,57" hai1="56,93,65,117,121,61,83,64,86,19,51,134,25" hai2="90,69,99,118,48,2,122,84,103,6,104,23,98" hai3="24,60,89,10,119,72,129,16,43,18,101,37,38"/><W49/><G119/><T34/><D128/><U74/><E121/><V124/><F69/><W68/><G72/><T0/><D0/><U127/><E117/><V59/><F118/><W40/><G101/><T110/><D110/><U7/><E7/><V44/><F122/><W125/><G49/><T21/><D105/><U79/><E134/><V13/><F124/><W112/><G112/><T78/><D96/><U22/><E127/><V3/><F99/><W70/><G125/><T32/><D67/><U94/><E74/><V71/><F71/><W46/><G89/><T28/><REACH who="0" step="1"/><D8/><REACH who="0" ten="156,408,186,240" step="2"/><U80/><E65/><V39/><F2/><W87/><G10/><T95/><D95/><U1/><E1/><V58/><F3/><W66/><G129/><T135/><D135/><U91/><E94/><V73/><F104/><W41/><G70/><T53/><D53/><U55/><E79/><V42/><F98/><W102/><G43/><T33/><D33/><U123/><E123/><V106/><F106/><W4/><G41/><T115/><D115/><U108/><E108/><V11/><F39/><W107/><G38/><T126/><D126/><U131/><REACH who="1" step="1"/><E131/><REACH who="1" ten="156,398,186,240" step="2"/><V77/><F103/><W36/><G102/><T54/><D54/><U100/><E100/><V133/><F133/><W88/><G107/><T14/><D14/><U75/><E75/><V29/><F73/><W35/><G66/><T120/><D120/><U116/><E116/><V50/><F77/><W113/><G113/><T20/><D20/><U45/><AGARI ba="0,2" hai="19,22,25,45,51,55,56,61,64,80,83,86,91,93" machi="45" ten="20,5200,0" yaku="1,1,0,1,7,1,8,1,53,0" doraHai="30" doraHaiUra="92" who="1" fromWho="1" sc="156,-13,398,72,186,-13,240,-26" /><INIT seed="4,0,0,4,3,4" ten="143,470,173,214" oya="0" hai0="113,121,98,128,129,133,75,97,135,32,78,92,29" hai1="11,15,62,57,79,102,61,66,42,7,40,85,108" hai2="50,119,2,96,13,87,38,1,41,44,120,76,68" hai3="105,132,36,37,10,122,94,49,27,110,100,14,86"/><T103/><D29/><U83/><E108/><V109/><F120/><W73/><G73/><T116/><D32/><U80/><E102/><V131/><F109/><W70/><G70/><T64/><D64/><U26/><E62/><V6/><F68/><W46/><G132/><T74/><D121/><U123/><E123/><V114/><F38/><W72/><G72/><N who="0" m="27691" /><D116/><U54/><E80/><N who="2" m="47495" /><F119/><W16/><G110/><T19/><D19/><U8/><E66/><V9/><F114/><W115/><G115/><T93/><D78/><U31/><E11/><V63/><F131/><N who="0" m="50250" /><D113/><U125/><E125/><V111/><F111/><W47/><G122/><T59/><D59/><U30/><E30/><V12/><F12/><W67/><G14/><T28/><D28/><U134/><E134/><N who="0" m="51209" /><D103/><U53/><E53/><V88/><F63/><W117/><G117/><T130/><N who="0" m="50258" /><T48/><DORA hai="107" /><D48/><U60/><E60/><V20/><F20/><AGARI ba="0,0" hai="7,8,15,20,26,31,40,42,54,57,61,79,83,85" machi="20" ten="30,3900,0" yaku="7,1,8,1,52,1" doraHai="4,107" who="1" fromWho="2" sc="143,0,470,39,173,-39,214,0" /><INIT seed="5,0,0,5,5,80" ten="143,509,134,214" oya="1" hai0="83,26,135,76,23,30,7,122,56,114,40,91,100" hai1="72,59,102,31,109,22,107,3,65,63,106,4,64" hai2="16,57,50,130,120,37,79,20,134,54,75,18,55" hai3="71,25,133,58,128,74,9,14,112,53,0,29,24"/><U46/><E72/><V78/><F120/><W12/><G71/><T108/><D108/><U115/><E109/><V73/><F37/><W85/><G74/><T15/><D122/><U117/><E117/><V123/><F123/><W88/><G133/><T93/><D100/><U87/><E3/><V103/><F134/><W13/><G112/><T70/><D70/><U28/><E4/><V131/><F103/><W27/><G128/><T90/><D135/><U81/><E115/><V101/><F101/><W124/><G124/><T98/><D114/><U82/><E102/><V113/><F113/><W17/><G29/><T42/><D91/><U67/><E107/><V2/><F20/><W111/><G0/><T69/><D69/><U61/><E82/><V33/><F2/><W119/><G119/><T105/><D105/><U11/><E46/><V125/><F50/><N who="3" m="31031" /><G111/><T19/><D7/><U60/><E59/><V86/><F57/><W10/><G17/><T1/><D1/><U84/><E81/><AGARI ba="0,0" hai="9,10,12,13,14,24,25,27,81,85,88" m="31031" machi="81" ten="30,3900,0" yaku="8,1,52,1,54,1" doraHai="80" who="3" fromWho="1" sc="143,0,509,-39,134,0,214,39" /><INIT seed="6,0,0,0,5,63" ten="143,470,134,253" oya="2" hai0="17,36,105,123,82,70,118,29,65,131,122,107,57" hai1="68,22,69,21,113,30,55,121,39,5,83,15,80" hai2="100,114,88,40,74,79,135,93,51,32,14,47,84" hai3="101,86,72,9,71,58,77,97,133,2,94,98,13"/><V128/><F32/><W4/><G71/><T18/><D57/><U50/><E39/><V46/><F114/><W45/><G133/><T23/><D131/><U28/><E121/><V130/><F135/><W8/><G72/><T134/><D134/><U41/><E41/><V129/><F100/><W52/><G45/><T38/><D23/><U124/><E5/><V53/><F14/><W0/><G98/><T99/><D99/><U44/><E124/><V110/><F74/><W7/><G77/><T11/><D29/><U16/><E113/><V43/><F79/><W60/><G86/><T12/><D82/><N who="1" m="31275" /><E69/><V31/><F31/><N who="1" m="11817" /><E68/><V106/><F106/><W67/><G13/><T111/><D70/><U126/><E126/><V34/><F34/><W85/><G85/><T108/><D12/><U117/><E117/><V24/><F24/><W56/><G58/><T132/><D132/><U25/><E25/><V120/><F120/><W112/><G112/><T49/><D11/><AGARI ba="0,0" hai="11,15,16,21,22,44,50,55" m="11817,31275" machi="11" ten="30,2000,0" yaku="8,1,54,1" doraHai="63" who="1" fromWho="0" sc="143,-20,470,20,134,0,253,0" /><INIT seed="7,0,0,0,0,23" ten="123,490,134,253" oya="3" hai0="122,83,63,24,52,25,26,128,110,41,123,76,0" hai1="17,4,19,103,67,116,75,99,84,6,31,13,82" hai2="121,114,91,104,29,95,50,21,44,3,5,78,1" hai3="22,113,117,58,12,28,46,94,59,35,16,89,131"/><W15/><G117/><T125/><D0/><N who="2" m="74" /><F104/><W134/><G134/><T56/><D110/><U66/><E116/><V70/><F78/><W32/><G113/><T47/><D128/><U127/><E127/><V81/><F70/><W55/><G131/><T39/><REACH who="0" step="1"/><D125/><REACH who="0" ten="113,490,134,253" step="2"/><U40/><E75/><AGARI ba="0,1" hai="24,25,26,39,41,47,52,56,63,75,76,83,122,123" machi="75" ten="40,12000,2" yaku="1,1,2,1,52,3,54,1,53,0" doraHai="23" doraHaiUra="10" who="0" fromWho="1" sc="113,130,490,-120,134,0,253,0" owari="243,-15.7,370,47.0,134,-36.6,253,5.3" /></mjloggm>