<mjloggm ver="2.3"><GO type="41" lobby="0"/><UN n0="%E2%93%9D%4C%75%63%6B%79%4A" n1="%E7%81%AB%E5%8F%A3%E4%BB%98%E8%BF%91" n2="%E3%83%86%E3%82%AF%E3%83%A0%E3%82%BB" n3="%E5%A4%A7%E3%83%A4%E3%83%9E%E3%83%88%E7%A0%B2" dan="15,14,14,15" rate="2108.34,1902.17,1904.41,2024.07" sx="M,M,M,M"/><TAIKYOKU oya="0"/><INIT seed="0,0,0,2,0,32" ten="250,250,250,250" oya="0" hai0="108,70,91,129,76,73,133,93,105,45,20,21,35" hai1="44,119,29,114,87,71,74,14,96,98,61,121,126" hai2="118,50,26,40,89,56,52,4,51,16,9,72,7" hai3="15,33,59,5,60,128,100,27,84,8,120,112,65"/><T109/><D35/><U111/><E74/><V57/><F72/><W132/><G132/><T113/><D70/><U38/><E29/><V102/><F118/><W55/><G128/><T37/><D113/><U95/><E14/><V75/><F75/><W23/><G112/><T36/><D105/><U64/><E98/><V34/><F102/><W39/><G120/><T97/><D133/><U41/><E121/><V106/><F106/><W11/><G39/><T54/><D129/><U66/><E119/><V83/><F34/><W115/><G115/><T130/><D130/><U79/><E114/><V107/><F107/><W131/><G131/><T2/><D2/><U80/><E111/><N who="0" m="42569" /><D54/><U49/><E126/><V62/><F51/><W123/><G33/><T127/><D127/><U53/><E66/><V101/><F101/><W28/><G123/><T19/><D45/><U47/><E47/><N who="2" m="25959" /><F57/><W42/><G100/><T78/><D21/><U85/><E53/><V30/><F30/><W69/><G42/><T82/><D78/><U24/><E38/><V58/><F58/><W103/><G103/><T0/><D0/><U90/><E85/><N who="2" m="50367" /><F9/><W17/><G84/><T63/><D63/><U86/><E86/><V48/><F62/><W22/><G5/><T13/><AGARI ba="0,0" hai="13,19,20,36,37,73,76,82,91,93,97" m="42569" machi="13" ten="30,3000,0" yaku="14,1,10,1" doraHai="32" who="0" fromWho="0" sc="250,30,250,-10,250,-10,250,-10" /><INIT seed="0,1,0,4,0,80" ten="280,240,240,240" oya="0" hai0="117,66,71,27,135,88,55,17,4,19,50,42,126" hai1="109,104,23,119,62,65,25,122,39,75,11,78,124" hai2="22,52,47,94,3,18,44,129,132,58,112,6,123" hai3="134,20,13,53,35,82,43,8,30,89,63,102,98"/><T26/><D117/><U105/><E119/><V108/><F123/><W100/><G134/><T49/><D135/><U38/><E122/><V32/><F32/><W21/><G35/><T28/><D71/><U107/><E109/><V68/><F68/><W133/><G133/><T127/><D4/><U51/><E51/><V31/><F129/><W48/><G43/><T90/><D42/><U103/><E124/><V93/><F112/><W114/><G114/><T9/><D9/><U5/><E78/><V7/><F108/><W70/><G70/><T61/><D61/><U72/><E103/><V34/><F34/><W130/><G130/><T111/><D111/><U36/><E62/><V120/><F31/><W92/><G63/><T110/><D110/><U121/><E65/><V74/><F74/><W83/><G83/><T16/><D66/><U97/><E97/><V69/><F69/><W12/><G82/><T0/><D0/><U15/><REACH who="1" step="1"/><E121/><REACH who="1" ten="280,230,240,240" step="2"/><V24/><F120/><W56/><G102/><T73/><D73/><U96/><E96/><V64/><F64/><W45/><G100/><T86/><D50/><U91/><E91/><V54/><F132/><W131/><G131/><T118/><D118/><U33/><E33/><V116/><F116/><W14/><G89/><T115/><D90/><U10/><E10/><V46/><F3/><W57/><G8/><T84/><D115/><U67/><E67/><V40/><F40/><W1/><G1/><T128/><D128/><U79/><E79/><V101/><F101/><N who="3" m="60615" /><G21/><N who="0" m="15471" /><D88/><U29/><AGARI ba="1,1" hai="5,11,15,23,25,29,36,38,39,72,75,104,105,107" machi="29" ten="40,2700,0" yaku="1,1,0,1,53,0" doraHai="80" doraHaiUra="60" who="1" fromWho="1" sc="280,-14,230,40,240,-8,240,-8" /><INIT seed="1,0,0,2,2,46" ten="266,270,232,232" oya="1" hai0="34,17,60,82,92,66,118,11,95,117,71,100,121" hai1="49,70,97,61,51,50,41,80,96,129,6,19,106" hai2="105,14,24,4,85,81,40,116,98,87,91,111,128" hai3="12,3,107,25,35,43,57,26,119,123,28,54,120"/><U130/><E6/><V90/><F116/><W108/><G119/><T115/><D115/><U68/><E61/><V31/><F128/><N who="1" m="49257" /><E80/><V33/><F111/><W88/><G108/><T99/><D34/><U110/><E110/><V20/><F40/><W39/><G3/><T112/><D112/><U21/><E41/><V79/><F105/><W113/><G113/><T10/><D121/><U78/><E78/><V22/><F98/><N who="1" m="37993" /><E106/><V63/><F63/><W103/><G107/><T59/><D82/><U114/><E114/><V16/><F79/><W5/><G43/><T44/><D95/><U76/><E76/><V101/><F101/><W37/><G103/><T94/><D94/><U42/><E42/><V15/><F4/><W75/><G5/><T45/><D118/><U104/><E104/><V84/><F84/><W73/><G35/><T69/><D117/><U18/><E18/><V7/><F7/><W126/><G123/><T65/><D66/><U47/><E47/><V124/><F33/><W77/><G120/><T62/><D45/><U8/><E8/><V127/><F14/><AGARI ba="0,0" hai="14,19,21,49,50,51,68,70" m="37993,49257" machi="14" ten="30,11600,0" yaku="19,1,52,3" doraHai="46" who="1" fromWho="2" sc="266,0,270,116,232,-116,232,0" /><INIT seed="1,1,0,5,1,95" ten="266,386,116,232" oya="1" hai0="7,76,0,39,35,94,118,8,64,93,44,116,113" hai1="58,84,63,36,100,79,29,112,133,40,42,83,134" hai2="17,81,129,77,102,70,18,86,119,108,19,123,3" hai3="72,73,61,74,91,4,1,111,46,66,47,23,85"/><U106/><E106/><V59/><F123/><W20/><G1/><T99/><D113/><U122/><E122/><V32/><F70/><W88/><G4/><T89/><D35/><U115/><E100/><V101/><F108/><W27/><G111/><T52/><D64/><U117/><E117/><V9/><F119/><W104/><G104/><T37/><D76/><U26/><E36/><V6/><F129/><W48/><G20/><T49/><D118/><U120/><E120/><V78/><F32/><W67/><G67/><T34/><D34/><U30/><E26/><V98/><F59/><W25/><G25/><T109/><D109/><U10/><E10/><V55/><F55/><W128/><G128/><T71/><D71/><U31/><E115/><V90/><REACH who="2" step="1"/><F102/><REACH who="2" ten="266,386,106,232" step="2"/><W5/><G66/><T135/><D116/><U45/><E112/><V105/><AGARI ba="1,1" hai="3,6,9,17,18,19,77,78,81,86,90,98,101,105" machi="105" ten="30,7900,0" yaku="1,1,2,1,0,1,52,1,53,0" doraHai="95" doraHaiUra="121" who="2" fromWho="2" sc="266,-21,386,-40,106,92,232,-21" /><INIT seed="2,0,0,0,4,56" ten="245,346,198,211" oya="2" hai0="126,12,66,4,25,114,8,33,86,106,73,70,9" hai1="128,100,38,2,110,48,117,78,77,3,103,104,112" hai2="59,74,98,97,122,82,7,39,41,50,10,0,75" hai3="121,135,91,55,31,108,83,113,96,133,13,58,43"/><V17/><F122/><W90/><G121/><T22/><D73/><U40/><E38/><V132/><F75/><W105/><G108/><T69/><D106/><U51/><E117/><V62/><F132/><W92/><G105/><T93/><D114/><U116/><E104/><V107/><F50/><W95/><G113/><T111/><D33/><U37/><E37/><V127/><F127/><W119/><G119/><T63/><D111/><U45/><E116/><V47/><F107/><W102/><G43/><T131/><D9/><U130/><E112/><V15/><F15/><W84/><G31/><T85/><D131/><U29/><E29/><V20/><F20/><W76/><G13/><T28/><D126/><U21/><E21/><V125/><F125/><W89/><REACH who="3" step="1"/><G95/><REACH who="3" ten="245,346,198,201" step="2"/><T42/><D42/><U120/><E40/><V49/><F17/><W81/><G81/><T26/><D26/><U24/><E120/><V46/><F82/><W72/><G72/><T68/><REACH who="0" step="1"/><D93/><REACH who="0" ten="235,346,198,201" step="2"/><U27/><E110/><V53/><REACH who="2" step="1"/><F74/><REACH who="2" ten="235,346,188,201" step="2"/><W5/><G5/><T16/><D16/><U94/><E94/><V34/><F34/><W36/><G36/><T101/><D101/><U23/><E103/><V71/><F71/><AGARI ba="0,3" hai="4,8,12,22,25,28,63,66,68,69,70,71,85,86" machi="71" ten="40,2600,0" yaku="1,1,52,1,53,0" doraHai="56" doraHaiUra="87" who="0" fromWho="2" sc="235,56,346,0,188,-26,201,0" /><INIT seed="3,0,0,4,1,3" ten="291,346,162,201" oya="3" hai0="24,48,34,36,97,102,123,45,120,125,64,49,43" hai1="54,126,67,11,128,118,79,88,44,75,30,113,8" hai2="106,23,85,135,12,53,77,56,68,41,78,42,134" hai3="38,15,51,84,124,26,101,13,22,122,73,89,55"/><W87/><G122/><T20/><D34/><U129/><E75/><V98/><F106/><W132/><G38/><T133/><D125/><U46/><E79/><V93/><F68/><W31/><G73/><T7/><D133/><U14/><E126/><V60/><F78/><W80/><G124/><T83/><D64/><U32/><E118/><V52/><F53/><W104/><G132/><T62/><D62/><U74/><E74/><V28/><F135/><W114/><G114/><T17/><D83/><U37/><E67/><V65/><F134/><W92/><G104/><T112/><D112/><U105/><E105/><V71/><F71/><W29/><G29/><T5/><D36/><U119/><E30/><V33/><F33/><W100/><G100/><T63/><D63/><U21/><E32/><V16/><F65/><W6/><G101/><T127/><D127/><U117/><E54/><V86/><F28/><W39/><G39/><T70/><D70/><U35/><E35/><V111/><F111/><W9/><G15/><T107/><REACH who="0" step="1"/><D49/><REACH who="0" ten="281,346,162,201" step="2"/><U58/><E37/><V25/><F77/><N who="3" m="46095" /><G51/><T57/><D57/><U76/><E58/><V81/><F81/><W131/><G131/><T0/><D0/><U18/><E76/><V99/><F60/><W40/><G55/><T95/><D95/><U4/><E129/><V90/><F56/><W82/><G82/><T1/><D1/><U94/><E128/><V50/><F50/><W121/><G121/><AGARI ba="0,1" hai="5,7,17,20,24,43,45,48,97,102,107,120,121,123" machi="121" ten="40,5200,0" yaku="1,1,52,2,53,0" doraHai="3" doraHaiUra="109" who="0" fromWho="3" sc="281,62,346,0,162,0,201,-52" /><INIT seed="4,0,0,0,0,27" ten="343,346,162,149" oya="0" hai0="128,47,131,2,87,58,121,132,67,22,108,82,9" hai1="53,129,77,12,36,16,8,20,120,99,78,96,21" hai2="76,135,110,71,13,118,114,60,122,112,101,35,64" hai3="91,88,0,127,113,24,102,25,107,68,73,84,97"/><T14/><D121/><U109/><E36/><V31/><F110/><W4/><G68/><T90/><D2/><U95/><E109/><V105/><F122/><W93/><G113/><T61/><D108/><U18/><E129/><V75/><F118/><W126/><G91/><T111/><D111/><U65/><E65/><V34/><F13/><W15/><G0/><T59/><D132/><U104/><E104/><V74/><F35/><W56/><G56/><T103/><D103/><U39/><E39/><V41/><F41/><W62/><G62/><T133/><D133/><U116/><E116/><V66/><F66/><W44/><G44/><T3/><D3/><U37/><E37/><V52/><F135/><W29/><G73/><T43/><D22/><U7/><E53/><V38/><F52/><W32/><REACH who="3" step="1"/><G25/><REACH who="3" ten="343,346,162,139" step="2"/><T54/><D59/><U33/><E120/><V10/><F75/><W6/><G6/><T55/><D131/><U26/><E78/><V17/><F76/><W89/><G89/><T57/><D58/><U45/><E45/><V70/><F74/><W72/><G72/><T46/><D128/><U19/><E77/><V30/><F71/><W50/><G50/><N who="0" m="27007" /><D46/><U51/><E51/><V117/><F38/><W83/><G83/><T85/><D87/><U125/><E99/><N who="2" m="61631" /><F117/><W11/><AGARI ba="0,1" hai="4,11,15,24,29,32,84,88,93,97,102,107,126,127" machi="11" ten="30,8000,1" yaku="1,1,0,1,52,1,54,1,53,1" doraHai="27" doraHaiUra="86" who="3" fromWho="3" sc="343,-40,346,-20,162,-20,139,90" /><INIT seed="5,0,0,5,0,5" ten="303,326,142,229" oya="1" hai0="85,79,100,36,57,75,88,96,135,4,125,78,120" hai1="119,76,60,12,23,40,91,52,17,63,108,118,131" hai2="74,25,27,26,21,64,106,37,31,9,51,68,107" hai3="116,29,128,66,117,34,0,55,18,86,83,112,28"/><U14/><E108/><V1/><F37/><W11/><G66/><T32/><D32/><U48/><E131/><V109/><F74/><W13/><G0/><T134/><D36/><U121/><E76/><N who="0" m="29225" /><D4/><U94/><E121/><V69/><F109/><W99/><G128/><T15/><D15/><U62/><E40/><V103/><F69/><W16/><G112/><T73/><D57/><U7/><E119/><N who="3" m="45642" /><G99/><T105/><D125/><U59/><E118/><V10/><F1/><W2/><G2/><T113/><D120/><U132/><E132/><N who="0" m="50729" /><D113/><U84/><E63/><V81/><F68/><W97/><G97/><T24/><D24/><U110/><E110/><V77/><F64/><W61/><G34/><T19/><D19/><U38/><E38/><V49/><F107/><W92/><G18/><T42/><D42/><U90/><E90/><V89/><F89/><N who="3" m="53303" /><G83/><AGARI ba="0,0" hai="73,75,83,85,88,96,100,105" m="50729,29225" machi="83" ten="30,7700,0" yaku="20,1,34,2,54,1" doraHai="5" who="0" fromWho="3" sc="303,77,326,0,142,0,229,-77" /><INIT seed="6,0,0,5,0,13" ten="380,326,142,152" oya="2" hai0="9,6,120,101,57,109,58,14,41,96,87,33,91" hai1="55,85,15,104,49,34,102,125,134,67,39,52,36" hai2="50,42,5,62,83,105,1,98,38,21,59,111,117" hai3="53,123,16,2,99,127,135,31,128,90,3,129,82"/><V88/><F117/><W27/><G123/><T8/><D120/><U63/><E134/><V71/><F111/><W7/><G135/><T37/><D109/><U68/><E34/><V51/><F71/><W69/><G69/><T72/><D72/><U89/><E125/><V77/><F105/><W44/><G127/><T130/><D33/><U56/><E104/><V24/><F1/><W28/><G7/><T78/><D78/><U64/><E102/><V95/><F5/><W112/><G112/><T93/><D130/><N who="3" m="50281" /><G3/><T94/><D37/><U97/><E97/><V29/><F38/><W25/><G2/><T47/><D9/><U86/><E86/><N who="2" m="48495" /><F42/><W107/><G82/><T23/><D41/><U22/><E67/><AGARI ba="0,0" hai="21,24,29,50,51,59,62,67,88,95,98" m="48495" machi="67" ten="30,2900,0" yaku="8,1,54,1" doraHai="13" who="2" fromWho="1" sc="380,0,326,-29,142,29,152,0" /><INIT seed="6,1,0,0,4,48" ten="380,297,171,152" oya="2" hai0="103,121,7,91,109,44,102,100,63,110,67,15,58" hai1="26,61,6,123,36,107,76,42,112,130,134,40,116" hai2="113,64,94,56,89,132,71,106,45,0,97,12,87" hai3="14,114,125,104,4,49,50,131,88,18,41,68,21"/><V115/><F0/><W28/><G68/><T124/><D121/><U98/><E112/><V32/><F71/><W9/><G104/><T133/><D133/><U81/><E134/><V108/><F132/><W5/><G114/><N who="2" m="43529" /><F32/><W96/><G125/><T105/><D105/><U69/><E130/><V117/><F117/><W52/><G131/><T2/><D2/><U19/><E123/><V72/><F72/><W47/><G28/><T51/><D91/><U79/><E116/><V77/><F108/><W33/><G33/><T3/><D3/><U55/><E6/><V66/><F45/><N who="3" m="27727" /><G9/><T59/><D124/><U80/><E107/><V62/><F12/><W73/><G73/><T27/><D27/><U95/><E69/><V43/><F43/><W13/><G13/><T1/><D1/><U34/><E42/><V29/><F29/><W20/><G20/><T74/><D74/><U22/><E34/><V83/><F106/><W78/><G78/><N who="1" m="29738" /><E40/><V129/><F129/><W23/><G23/><T24/><D110/><U86/><E36/><V120/><F120/><W35/><G35/><T10/><D109/><U25/><E25/><V70/><F70/><W84/><G96/><T111/><D24/><U65/><E26/><V38/><F38/><W11/><G21/><T16/><D111/><U93/><E22/><V30/><F30/><W8/><G11/><T39/><D39/><U82/><E19/><V135/><F135/><W85/><G85/><T75/><D75/><U17/><E17/><V119/><F119/><W118/><G118/><T122/><D122/><U126/><E126/><RYUUKYOKU ba="1,0" sc="380,-15,297,-15,171,15,152,15" hai2="56,62,64,66,77,83,87,89,94,97" hai3="4,5,8,14,18,41,47,49,84,88" /><INIT seed="6,2,0,2,0,10" ten="365,282,186,167" oya="2" hai0="68,1,86,62,79,65,70,117,28,73,95,102,129" hai1="120,50,89,77,121,11,38,0,22,90,67,106,27" hai2="118,52,87,14,75,108,84,126,93,91,131,12,72" hai3="111,55,54,4,41,69,61,127,113,78,9,71,21"/><V64/><F118/><W2/><G111/><T80/><D117/><U29/><E106/><V109/><F64/><W128/><G127/><T105/><D1/><U26/><E38/><V13/><F126/><W130/><G41/><T100/><D129/><N who="3" m="49769" /><G78/><T17/><D28/><U16/><E77/><V119/><F131/><W6/><G6/><T7/><D7/><U81/><E67/><V30/><F119/><W33/><G33/><T99/><D102/><U45/><E121/><V18/><F30/><W35/><G35/><T133/><D133/><U85/><E120/><V97/><F18/><W20/><G113/><T5/><D5/><U123/><E123/><V23/><F23/><N who="3" m="8779" /><G61/><T98/><D17/><U58/><E27/><V83/><F52/><AGARI ba="2,0" hai="2,4,9,52,54,55,69,71" m="8779,49769" machi="52" ten="30,2000,0" yaku="19,1,54,1" doraHai="10" who="3" fromWho="2" sc="365,0,282,0,186,-26,167,26" /><INIT seed="7,0,0,0,5,41" ten="365,282,160,193" oya="3" hai0="116,128,30,83,80,12,118,53,101,133,134,15,123" hai1="70,125,29,37,73,69,31,86,71,98,122,39,6" hai2="1,74,19,68,48,72,84,8,18,9,14,87,114" hai3="78,60,131,117,100,97,2,121,96,16,26,85,7"/><W92/><G117/><T24/><D101/><U57/><E122/><V115/><F68/><W81/><G121/><T4/><D123/><U93/><E73/><V130/><F48/><W120/><G120/><T5/><D53/><U0/><E86/><V104/><F104/><W62/><G131/><T67/><D67/><U135/><E57/><V95/><F95/><W64/><G64/><T23/><D83/><U132/><E6/><N who="0" m="2665" /><D80/><U44/><E0/><V3/><REACH who="2" step="1"/><F14/><REACH who="2" ten="365,282,150,193" step="2"/><N who="0" m="5162" /><D128/><AGARI ba="0,1" hai="1,3,8,9,18,19,72,74,84,87,114,115,128,130" machi="128" ten="25,3200,0" yaku="1,1,22,2,53,0" doraHai="41" doraHaiUra="99" who="2" fromWho="0" sc="365,-32,282,0,150,42,193,0" owari="333,43.3,282,8.2,192,-30.8,193,-20.7" /></mjloggm>