<mjloggm ver="2.3"><GO type="41" lobby="0"/><UN n0="%E3%83%87%E3%82%B6%E3%83%BC%E3%83%A2" n1="%E3%81%82%E3%82%8C%E3%81%87%EF%BC%9F%EF%BC%92" n2="%E2%93%9D%4C%75%63%6B%79%4A" n3="%E3%81%A1%E3%82%83%E3%81%BE%E3%82%8A" dan="15,14,17,13" rate="1997.36,1999.06,2127.54,1844.25" sx="M,M,M,F"/><TAIKYOKU oya="0"/><INIT seed="0,0,0,0,4,53" ten="250,250,250,250" oya="0" hai0="134,108,121,104,6,115,33,20,26,0,2,4,119" hai1="40,126,61,117,75,129,87,76,88,14,64,95,123" hai2="38,34,79,65,1,68,22,25,120,127,94,91,73" hai3="59,27,3,63,69,100,124,57,96,16,85,86,47"/><T116/><D104/><U105/><E117/><V58/><F34/><W125/><G3/><T18/><D121/><U93/><E123/><V114/><F38/><W78/><G69/><T133/><D115/><U17/><E129/><V56/><F120/><W135/><G47/><T71/><D71/><U81/><E126/><N who="3" m="48746" /><G63/><T36/><D36/><U7/><E105/><V132/><F1/><N who="0" m="618" /><D33/><U37/><E7/><N who="0" m="2601" /><D108/><U106/><E106/><V29/><F114/><W39/><G39/><T35/><D35/><U9/><E37/><V122/><F122/><W48/><G48/><T66/><D66/><U23/><E40/><V84/><F127/><W54/><G54/><T74/><D74/><U113/><E113/><V118/><F118/><AGARI ba="0,0" hai="18,20,26,116,118,119,133,134" m="2601,618" machi="118" ten="40,3900,0" yaku="34,2" doraHai="53" who="0" fromWho="2" sc="250,39,250,0,250,-39,250,0" /><INIT seed="0,1,0,0,5,1" ten="289,250,211,250" oya="0" hai0="27,99,89,68,116,9,86,81,25,8,97,3,10" hai1="111,35,88,52,132,42,29,33,62,4,127,36,103" hai2="22,110,71,54,114,64,39,12,75,109,128,102,20" hai3="108,65,48,34,106,40,100,21,15,119,74,44,101"/><T73/><D116/><U7/><E103/><V130/><F39/><W135/><G108/><N who="2" m="41577" /><F75/><W80/><G119/><T45/><D68/><U30/><E111/><V55/><F102/><W38/><G135/><T93/><D3/><U94/><E132/><V90/><F90/><W129/><G129/><N who="2" m="49769" /><F114/><W91/><G34/><T69/><D69/><U95/><E127/><V53/><F12/><W123/><G123/><T98/><D73/><U84/><E36/><V104/><F104/><W131/><G131/><T19/><D45/><U113/><E113/><V2/><F2/><W120/><G120/><T59/><D59/><N who="1" m="35175" /><E35/><V24/><F24/><N who="0" m="9290" /><D19/><U115/><E33/><V60/><AGARI ba="1,0" hai="20,22,53,54,55,60,64,71" m="49769,41577" machi="60" ten="40,2700,0" yaku="14,1,19,1" doraHai="1" who="2" fromWho="2" sc="289,-14,250,-8,211,30,250,-8" /><INIT seed="1,0,0,0,2,10" ten="275,242,241,242" oya="1" hai0="117,95,123,59,70,61,55,83,40,84,5,129,26" hai1="60,133,87,101,103,74,79,37,104,77,31,54,17" hai2="43,23,16,44,128,22,58,106,42,93,86,109,120" hai3="111,108,63,12,53,105,131,3,119,46,14,8,73"/><U76/><E37/><V66/><F106/><W126/><G105/><T39/><D117/><U112/><E112/><V27/><F120/><W4/><G73/><T85/><D123/><U2/><E74/><V127/><F109/><N who="3" m="42059" /><G119/><T0/><D70/><U96/><E2/><V62/><F127/><W48/><G126/><T67/><D26/><U80/><E133/><V134/><F128/><W51/><G131/><T75/><D67/><U132/><E132/><V92/><F134/><W47/><G63/><T64/><D64/><U110/><E110/><V102/><F102/><W13/><G3/><T89/><D75/><U18/><E103/><V114/><F114/><W7/><G8/><T35/><D35/><U41/><E41/><AGARI ba="0,0" hai="4,7,12,13,14,41,46,47,48,51,53" m="42059" machi="41" ten="30,7700,0" yaku="14,1,52,3" doraHai="10" who="3" fromWho="1" sc="275,0,242,-77,241,0,242,77" /><INIT seed="2,0,0,4,5,23" ten="275,165,241,319" oya="2" hai0="13,30,95,123,105,107,46,67,76,128,2,131,96" hai1="36,9,57,69,75,65,130,104,1,112,31,122,99" hai2="90,12,59,82,135,102,45,115,117,93,6,29,103" hai3="34,106,73,80,127,41,10,62,94,44,5,27,37"/><V24/><F115/><W109/><G109/><T63/><D2/><U84/><E112/><V26/><F117/><W32/><G127/><T40/><D123/><U33/><E57/><V121/><F121/><W126/><G126/><T47/><D76/><U50/><E84/><N who="2" m="50455" /><F29/><W124/><G124/><T53/><D53/><U125/><E50/><V92/><F135/><W70/><G94/><N who="2" m="36457" /><F45/><W0/><G106/><T51/><D13/><U116/><E130/><N who="0" m="49705" /><D47/><U19/><E116/><V118/><F118/><W91/><G91/><N who="0" m="55423" /><D30/><U97/><E31/><V120/><F120/><W110/><G27/><N who="2" m="10281" /><F59/><AGARI ba="0,0" hai="40,46,51,59,63,67,105,107" m="55423,49705" machi="59" ten="30,1000,0" yaku="19,1" doraHai="23" who="0" fromWho="2" sc="275,10,165,0,241,-10,319,0" /><INIT seed="3,0,0,0,4,82" ten="285,165,231,319" oya="3" hai0="40,93,91,4,26,13,132,121,68,113,119,10,3" hai1="111,21,95,116,31,66,78,48,46,109,125,41,86" hai2="27,50,96,122,63,2,108,75,118,72,130,34,61" hai3="53,103,123,124,12,9,92,19,110,99,38,128,94"/><W20/><G123/><T14/><D121/><U44/><E125/><V29/><F122/><W1/><G38/><T80/><D119/><U36/><E116/><V11/><F118/><W84/><G124/><T76/><D68/><U28/><E66/><V35/><F50/><W17/><G110/><N who="1" m="41994" /><E21/><V106/><F63/><W58/><G128/><T7/><D113/><U6/><E6/><V100/><F108/><W101/><G1/><T42/><D26/><U23/><E23/><V67/><F35/><W74/><G74/><T43/><D132/><U126/><E126/><V25/><F27/><W15/><G94/><T5/><D3/><U87/><E78/><V115/><F115/><W54/><G54/><T90/><D93/><U73/><E73/><V88/><F130/><W18/><G18/><T70/><D70/><U83/><E83/><V32/><F34/><W62/><G84/><N who="1" m="32298" /><E95/><V33/><F33/><W8/><G20/><T112/><D112/><U64/><E64/><V39/><F75/><W85/><G85/><N who="0" m="48263" /><D10/><U135/><E135/><V131/><F72/><W114/><G114/><T51/><D51/><U129/><E129/><V49/><F49/><W127/><G127/><T79/><D79/><U52/><AGARI ba="0,0" hai="28,31,36,41,44,46,48,52" m="32298,41994" machi="52" ten="30,8000,1" yaku="14,1,52,3,54,1" doraHai="82" who="1" fromWho="1" sc="285,-20,165,80,231,-20,319,-40" /><INIT seed="4,0,0,3,5,128" ten="265,245,211,279" oya="0" hai0="76,18,89,30,96,81,72,43,97,49,23,58,61" hai1="1,15,93,118,123,29,63,106,78,103,133,74,19" hai2="110,40,126,101,5,35,109,32,116,111,82,47,88" hai3="122,6,12,68,135,75,24,8,117,2,95,131,99"/><T66/><D30/><U100/><E118/><V38/><F116/><W108/><G117/><T17/><D17/><U98/><E123/><V71/><F71/><W26/><G122/><T92/><D43/><U36/><E1/><V94/><F101/><W73/><G108/><T50/><REACH who="0" step="1"/><D97/><REACH who="0" ten="255,245,211,279" step="2"/><U44/><E29/><V55/><F111/><W85/><G131/><T3/><D3/><U56/><E19/><V14/><F110/><W102/><G2/><T59/><D59/><U70/><E56/><V31/><F31/><W21/><G99/><T124/><D124/><U65/><E98/><V64/><F126/><W125/><G125/><T25/><AGARI ba="0,1" hai="18,23,25,49,50,58,61,66,72,76,81,89,92,96" machi="25" ten="20,3900,0" yaku="1,1,0,1,7,1,53,0" doraHai="128" doraHaiUra="121" who="0" fromWho="0" sc="255,49,245,-13,211,-13,279,-13" /><INIT seed="4,1,0,5,2,71" ten="304,232,198,266" oya="0" hai0="112,100,83,93,19,72,57,59,116,119,49,101,91" hai1="48,36,98,104,18,79,114,35,122,102,13,108,115" hai2="0,97,74,7,21,124,103,66,126,129,1,30,63" hai3="42,125,62,39,109,40,4,25,17,61,43,15,96"/><T55/><D112/><N who="1" m="43051" /><E108/><V41/><F7/><W23/><G109/><T67/><D119/><U88/><E122/><V80/><F41/><W70/><G125/><N who="2" m="48233" /><F21/><W77/><G77/><T105/><D105/><U123/><E123/><V12/><F12/><W34/><G96/><T50/><D116/><U133/><E133/><V99/><F30/><W84/><G84/><T86/><D72/><U132/><E132/><V87/><F99/><W131/><G131/><T64/><D19/><U2/><E2/><V134/><F74/><W10/><G34/><T53/><REACH who="0" step="1"/><D93/><REACH who="0" ten="294,232,198,266" step="2"/><U45/><E18/><V78/><F134/><W51/><G70/><T22/><D22/><U56/><E104/><N who="2" m="63599" /><F129/><W3/><G23/><T73/><D73/><U76/><E35/><V68/><AGARI ba="1,1" hai="0,1,63,66,68,78,80,87" m="63599,48233" machi="68" ten="30,1100,0" yaku="18,1" doraHai="71" who="2" fromWho="2" sc="294,-6,232,-4,198,24,266,-4" /><INIT seed="5,0,0,4,3,34" ten="288,228,222,262" oya="1" hai0="125,133,106,93,18,6,15,42,7,132,94,104,128" hai1="5,124,76,70,13,37,64,10,100,49,44,58,86" hai2="47,109,72,3,95,134,56,24,92,66,54,75,115" hai3="131,14,74,117,27,22,16,130,113,9,98,80,118"/><U38/><E70/><V108/><F66/><W69/><G69/><T83/><D42/><U65/><E124/><V61/><F134/><W116/><G113/><T120/><D120/><U30/><E30/><V84/><F115/><W52/><G98/><T25/><D25/><U12/><E100/><V23/><F3/><W55/><G80/><T40/><D40/><U51/><E58/><V50/><F75/><W85/><G85/><T39/><D39/><U67/><E12/><V87/><F72/><W36/><G74/><T31/><D31/><U90/><E76/><V71/><F71/><W119/><N who="3" m="29696" /><DORA hai="103" /><W123/><G36/><T17/><D15/><U102/><E102/><V63/><F109/><W107/><G107/><T97/><D83/><U68/><E51/><V105/><F105/><W82/><G82/><T53/><D53/><N who="3" m="20553" /><G123/><T121/><D121/><U112/><E112/><V88/><F108/><W122/><G122/><T110/><D110/><U8/><E68/><V48/><F50/><W43/><G43/><T1/><D97/><U21/><E37/><V114/><F114/><W101/><G101/><T73/><D73/><U59/><E38/><V41/><F41/><W135/><G135/><T29/><D29/><AGARI ba="0,0" hai="9,14,16,22,27,29,130,131" m="20553,29696" machi="29" ten="60,7700,0" yaku="12,1,54,2" doraHai="34,103" who="3" fromWho="0" sc="288,-77,228,0,222,0,262,77" /><INIT seed="6,0,0,2,5,45" ten="211,228,222,339" oya="2" hai0="36,88,42,51,93,58,80,134,131,0,72,115,64" hai1="6,54,56,122,33,125,82,18,53,129,15,126,68" hai2="102,27,48,30,50,133,14,105,49,52,75,103,3" hai3="100,120,123,94,17,25,57,24,99,78,47,86,11"/><V32/><F3/><W117/><G117/><T135/><D0/><U44/><E33/><V39/><F39/><W85/><G123/><T69/><D115/><U111/><E111/><V62/><F75/><W41/><G120/><T128/><D69/><U28/><E122/><V104/><F133/><N who="0" m="50698" /><D36/><U8/><E28/><V87/><F87/><W40/><G57/><T127/><D80/><U60/><E129/><N who="0" m="49737" /><D72/><U59/><E68/><V84/><F84/><W95/><G86/><N who="0" m="52375" /><D64/><U29/><E82/><V5/><F105/><W2/><G2/><T46/><D58/><U110/><E110/><V116/><F104/><W89/><G78/><T121/><D121/><U97/><E29/><V113/><F113/><W19/><G41/><T81/><D81/><U61/><E44/><V37/><F37/><W107/><G47/><T67/><D67/><U114/><E114/><V63/><F116/><W34/><G40/><T112/><D112/><U124/><REACH who="1" step="1"/><E97/><REACH who="1" ten="211,218,222,339" step="2"/><V91/><F30/><W70/><G70/><T109/><D109/><U16/><AGARI ba="0,1" hai="6,8,15,16,18,53,54,56,59,60,61,124,125,126" machi="16" ten="40,12000,2" yaku="1,1,2,1,0,1,9,1,18,1,54,1,53,0" doraHai="45" doraHaiUra="38" who="1" fromWho="1" sc="211,-30,218,130,222,-60,339,-30" /><INIT seed="7,0,0,2,0,119" ten="181,348,162,309" oya="3" hai0="122,8,70,15,87,0,1,105,73,54,66,99,78" hai1="9,67,7,114,95,110,93,21,76,6,60,75,65" hai2="64,32,107,111,135,71,10,109,98,102,17,133,52" hai3="129,46,30,37,128,103,34,127,101,28,96,82,20"/><W41/><G127/><T80/><D122/><U51/><E110/><V50/><F32/><W31/><G20/><T63/><D73/><U83/><E114/><V16/><F64/><W134/><G134/><N who="2" m="51209" /><F71/><W69/><G69/><T42/><D42/><U81/><E81/><V25/><F25/><W74/><G34/><T36/><D36/><U132/><E132/><V116/><F116/><W77/><REACH who="3" step="1"/><G96/><REACH who="3" ten="181,348,162,299" step="2"/><T5/><D99/><U12/><E21/><V84/><F111/><W40/><G40/><T68/><D68/><U23/><E23/><V24/><F109/><W115/><G115/><T130/><D70/><U79/><E9/><V123/><F10/><W61/><G61/><T44/><D63/><U29/><E60/><V104/><F123/><W94/><G94/><T35/><D35/><U113/><E113/><V91/><F24/><W13/><G13/><T131/><D15/><U72/><E12/><V88/><F107/><W85/><G85/><T14/><D105/><U26/><E26/><V4/><F84/><W125/><G125/><T18/><D87/><U126/><E126/><V86/><F86/><W39/><G39/><T27/><D27/><U59/><E83/><V11/><F11/><W22/><G22/><T120/><D120/><U33/><E33/><V45/><F4/><W3/><G3/><T89/><D5/><U47/><E93/><V48/><F50/><W97/><G97/><T112/><D112/><U121/><E95/><V118/><F118/><W124/><G124/><T57/><D8/><U53/><E51/><V92/><F92/><W43/><G43/><RYUUKYOKU ba="0,1" sc="181,-15,348,-15,162,15,299,15" hai2="16,17,45,48,52,88,91,98,102,104" hai3="28,30,31,37,41,46,74,77,82,101,103,128,129" /><INIT seed="7,1,1,5,5,13" ten="166,333,177,314" oya="3" hai0="1,132,110,60,114,74,107,135,94,95,26,119,112" hai1="57,30,36,92,41,126,37,45,133,129,11,47,62" hai2="97,109,44,76,77,51,38,73,56,9,48,33,83" hai3="100,111,10,16,7,123,82,29,124,67,127,70,101"/><W39/><G123/><T64/><D110/><U12/><E126/><N who="3" m="48170" /><G111/><T50/><D119/><U105/><E105/><V34/><F109/><W61/><G39/><T120/><D120/><U6/><E129/><V53/><F77/><W91/><G29/><T49/><D1/><U69/><E133/><N who="0" m="51273" /><D74/><U5/><E69/><V20/><F38/><W8/><G16/><T58/><D107/><U40/><E30/><V116/><F116/><W122/><G122/><T22/><D94/><U21/><E21/><V23/><F23/><W96/><G10/><T131/><D95/><U75/><E75/><V81/><F20/><W63/><G63/><T15/><D15/><U31/><E31/><V90/><F9/><W27/><G27/><T89/><D89/><U2/><E92/><V66/><F90/><W117/><G117/><T46/><D131/><U3/><E5/><V55/><F83/><W103/><G96/><T130/><D130/><U106/><E106/><V0/><F97/><W86/><G103/><T80/><D80/><U43/><E43/><V121/><F121/><W4/><G4/><T24/><D24/><U93/><E93/><V118/><F118/><W134/><G134/><T54/><D49/><U18/><E6/><V85/><F73/><W42/><G42/><T14/><D14/><AGARI ba="1,1" hai="7,8,14,61,67,70,82,86,91,100,101" m="48170" machi="14" ten="30,1500,0" yaku="18,1" doraHai="13" who="3" fromWho="0" sc="166,-18,333,0,177,0,314,28" owari="148,-35.2,333,13.3,177,-22.3,342,44.2" /></mjloggm>