<mjloggm ver="2.3"><GO type="41" lobby="0"/><UN n0="%4D%61%74%59%75" n1="%E7%8B%AC%E3%82%8A%E8%A8%80" n2="%E5%B7%9D%E6%B5%81" n3="%E2%93%9D%4C%75%63%6B%79%4A" dan="15,13,14,17" rate="1990.00,1810.41,1855.21,2155.85" sx="M,M,M,M"/><TAIKYOKU oya="0"/><INIT seed="0,0,0,1,4,49" ten="250,250,250,250" oya="0" hai0="52,105,53,66,16,47,24,44,4,64,116,108,117" hai1="14,55,89,77,5,82,0,87,133,28,23,56,135" hai2="30,62,34,123,41,81,101,42,96,7,2,35,8" hai3="40,15,129,31,57,126,45,130,119,73,121,97,85"/><T132/><D105/><U36/><E36/><V128/><F123/><W125/><G31/><T51/><D4/><U104/><E104/><V120/><F120/><W60/><G85/><T6/><D6/><U109/><E0/><V113/><F113/><W26/><G26/><T103/><D103/><U118/><E118/><V112/><F112/><W99/><G73/><T131/><D131/><N who="3" m="50185" /><G15/><T32/><D32/><U115/><E109/><V71/><F81/><W134/><G99/><T25/><D108/><U95/><E115/><V48/><F35/><W80/><G97/><T17/><D51/><U27/><E14/><V106/><F128/><W3/><G80/><T100/><D100/><U74/><E5/><V70/><F30/><W65/><G3/><T58/><D58/><U18/><REACH who="1" step="1"/><E28/><REACH who="1" ten="250,240,250,250" step="2"/><V92/><F106/><W114/><G114/><T61/><D61/><AGARI ba="0,1" hai="18,23,27,55,56,61,74,77,82,87,89,95,133,135" machi="61" ten="40,8000,1" yaku="1,1,2,1,52,1,53,1" doraHai="49" doraHaiUra="76" who="1" fromWho="0" sc="250,-80,240,90,250,0,250,0" /><INIT seed="1,0,0,1,0,48" ten="170,330,250,250" oya="1" hai0="72,81,121,126,127,85,54,106,47,98,64,2,118" hai1="112,62,97,9,26,96,93,23,110,82,51,111,16" hai2="32,134,15,22,6,88,120,34,107,79,14,135,4" hai3="28,87,101,99,3,25,77,35,37,123,66,40,103"/><U128/><E112/><V11/><F107/><W0/><G103/><T20/><D2/><U119/><E119/><V31/><F79/><W115/><G115/><T29/><D72/><U33/><E128/><V39/><F39/><W65/><G123/><T58/><D118/><U92/><E33/><V21/><F88/><W78/><G40/><T89/><D47/><U38/><E38/><V100/><F100/><W104/><G37/><T70/><D121/><U109/><E82/><V10/><REACH who="2" step="1"/><F31/><REACH who="2" ten="170,330,240,250" step="2"/><W108/><G78/><T24/><D70/><U53/><E9/><V45/><F45/><W17/><G77/><T80/><D80/><U49/><E97/><V91/><F91/><W61/><G99/><T116/><D116/><U113/><E113/><V44/><F44/><W133/><G28/><T36/><D36/><U117/><E117/><V8/><F8/><W130/><G101/><T95/><D106/><U102/><E93/><V42/><F42/><W69/><G104/><T84/><D84/><U71/><E71/><V131/><F131/><W13/><G69/><T60/><REACH who="0" step="1"/><D64/><REACH who="0" ten="160,330,240,250" step="2"/><U86/><REACH who="1" step="1"/><E86/><REACH who="1" ten="160,320,240,250" step="2"/><V105/><F105/><W5/><G130/><T1/><D1/><U19/><E19/><V12/><F12/><W90/><G3/><T18/><D18/><U124/><E124/><V122/><AGARI ba="0,3" hai="4,6,10,11,14,15,21,22,32,34,120,122,134,135" machi="122" ten="25,12000,2" yaku="1,1,0,1,22,2,34,3,53,0" doraHai="48" doraHaiUra="76" who="2" fromWho="2" sc="160,-30,320,-60,240,150,250,-30" /><INIT seed="2,0,0,5,1,47" ten="130,260,390,220" oya="2" hai0="8,68,97,20,54,6,120,1,9,64,27,24,58" hai1="102,57,50,96,30,111,46,32,114,112,67,22,135" hai2="5,74,56,128,11,15,61,60,13,40,37,107,127" hai3="104,69,4,121,130,110,25,126,53,17,49,39,129"/><V77/><F107/><W55/><G121/><T94/><D120/><U134/><E111/><V33/><F33/><W0/><G39/><T36/><D36/><U21/><E32/><V82/><F127/><W108/><G104/><T99/><D68/><U2/><E2/><V16/><F128/><N who="3" m="49259" /><G69/><T71/><D71/><U101/><E57/><V41/><F37/><W14/><G55/><T81/><D64/><U118/><E67/><V84/><F74/><W132/><G25/><T78/><D9/><U18/><E30/><V75/><F75/><W91/><G91/><T105/><D105/><U117/><E18/><V95/><F95/><W125/><G4/><T65/><D65/><U62/><E62/><V106/><F106/><W72/><G72/><T44/><D44/><U113/><E50/><V73/><F73/><W123/><G0/><T59/><D59/><U31/><E31/><V89/><F77/><W86/><G86/><T124/><D124/><N who="3" m="47721" /><G132/><N who="1" m="50730" /><E46/><V19/><F5/><W38/><G38/><T88/><D99/><U103/><E96/><V70/><F70/><W35/><G35/><T133/><D133/><U45/><E45/><V10/><F61/><W29/><G29/><T93/><D1/><U80/><E80/><V66/><AGARI ba="0,0" hai="10,11,13,15,16,19,40,41,56,60,66,82,84,89" machi="66" ten="20,12000,1" yaku="0,1,7,1,9,1,8,1,54,1" doraHai="47" who="2" fromWho="2" sc="130,-40,260,-40,390,120,220,-40" /><INIT seed="2,1,0,5,1,68" ten="90,220,510,180" oya="2" hai0="82,53,86,105,36,58,31,59,118,79,84,63,11" hai1="76,6,73,56,29,19,71,17,9,91,125,37,55" hai2="32,44,74,127,119,0,111,5,72,70,88,92,94" hai3="54,78,108,75,40,39,129,3,22,115,16,128,135"/><V113/><F113/><W46/><G115/><T26/><D118/><U38/><E125/><V133/><F119/><W130/><G108/><T122/><D122/><U15/><E71/><V8/><F32/><W69/><G69/><T77/><D105/><U99/><E29/><V50/><F70/><W116/><G116/><T65/><D11/><U12/><E73/><V24/><F127/><W35/><G35/><T14/><D14/><U34/><E76/><V2/><F2/><W93/><G54/><T7/><D7/><U28/><E34/><V121/><F121/><W67/><G67/><T80/><D36/><U48/><E28/><V87/><F111/><W97/><G3/><T43/><D43/><U20/><E99/><V81/><F24/><N who="3" m="14407" /><G78/><T110/><D110/><U33/><E33/><V95/><REACH who="2" step="1"/><F133/><REACH who="2" ten="90,220,500,180" step="2"/><W83/><G135/><T107/><D107/><U51/><E51/><V66/><F66/><W85/><G130/><T25/><D31/><U124/><E124/><V18/><F18/><W96/><G129/><T89/><D79/><U109/><E109/><V126/><F126/><W21/><G128/><T101/><D26/><U4/><E19/><V64/><F64/><W57/><G21/><T102/><D25/><U10/><E17/><V103/><F103/><W47/><G40/><AGARI ba="1,1" hai="0,5,8,40,44,50,72,74,81,87,88,92,94,95" machi="40" ten="40,3900,0" yaku="1,1,54,1,53,0" doraHai="68" doraHaiUra="123" who="2" fromWho="3" sc="90,0,220,0,500,52,180,-42" /><INIT seed="2,2,0,0,4,94" ten="90,220,552,138" oya="2" hai0="109,69,54,84,78,13,23,9,133,76,68,117,44" hai1="40,73,116,98,24,120,21,41,112,35,29,51,83" hai2="49,42,59,97,111,92,126,100,101,8,107,18,20" hai3="19,122,28,67,2,58,85,70,72,5,114,3,81"/><V130/><F126/><W39/><G72/><T17/><D109/><U26/><E112/><V128/><F111/><W115/><G5/><T11/><D133/><U108/><E116/><V87/><F8/><W113/><G28/><T31/><D117/><U127/><E108/><V125/><F125/><W135/><G39/><T46/><D68/><U61/><E127/><V15/><F42/><W74/><G74/><T56/><D69/><U52/><E61/><V99/><REACH who="2" step="1"/><F87/><REACH who="2" ten="90,220,542,138" step="2"/><W110/><G85/><T119/><D119/><U96/><E41/><V7/><F7/><W118/><G110/><T4/><D11/><U27/><E40/><V93/><F93/><W131/><G115/><T102/><D78/><U63/><E120/><V10/><F10/><W57/><G122/><T82/><D102/><U45/><E73/><V62/><F62/><W71/><G118/><T134/><D134/><U1/><E63/><V47/><F47/><W25/><G114/><T88/><D76/><U53/><E83/><V90/><F90/><W86/><G81/><T104/><D104/><U129/><E35/><V64/><F64/><W12/><G67/><T103/><D103/><U32/><E32/><V36/><F36/><W50/><G113/><T0/><D31/><U60/><E60/><AGARI ba="2,1" hai="0,4,9,13,17,23,44,46,54,56,60,82,84,88" machi="60" ten="30,2000,0" yaku="7,1,54,1" doraHai="94" who="0" fromWho="1" sc="90,36,220,-26,542,0,138,0" /><INIT seed="3,0,0,1,5,88" ten="126,194,542,138" oya="3" hai0="13,12,21,71,37,9,63,83,70,25,26,125,123" hai1="107,31,61,10,99,59,58,103,54,52,17,46,85" hai2="41,29,66,89,94,110,2,1,108,0,124,65,74" hai3="79,105,49,62,24,76,121,48,45,131,27,77,98"/><W90/><G121/><T135/><D37/><U43/><E31/><V6/><F74/><W28/><G131/><T64/><D123/><U35/><E35/><V5/><F124/><W36/><G36/><T100/><D125/><U7/><E17/><V106/><F106/><W34/><G27/><T127/><D127/><U87/><E46/><V53/><F41/><W22/><G34/><T128/><D128/><U81/><E43/><V134/><F134/><W116/><G116/><T82/><D135/><U111/><E111/><N who="2" m="42539" /><F53/><W38/><G38/><T114/><D114/><U129/><E129/><V57/><F29/><W97/><G105/><T112/><D112/><U55/><E87/><N who="2" m="52543" /><F57/><W117/><G117/><T115/><D115/><U44/><E44/><V14/><F14/><W72/><G72/><T20/><D63/><U32/><E59/><V102/><F102/><W113/><G113/><T15/><D64/><AGARI ba="0,0" hai="0,1,2,5,6,64,65,66" m="52543,42539" machi="64" ten="40,2600,0" yaku="14,1,52,1" doraHai="88" who="2" fromWho="0" sc="126,-26,194,0,542,26,138,0" /><INIT seed="4,0,0,1,0,2" ten="100,194,568,138" oya="0" hai0="126,129,18,87,81,5,60,32,96,34,23,119,39" hai1="52,14,71,37,135,84,29,46,133,40,95,17,134" hai2="72,63,122,67,22,51,65,79,6,127,12,117,8" hai3="38,57,123,108,16,73,24,124,120,13,26,75,88"/><T107/><D119/><U47/><E71/><V25/><F122/><N who="3" m="46635" /><G38/><T115/><D115/><U80/><E95/><V98/><F127/><W77/><G77/><T54/><D39/><U101/><E101/><V0/><F117/><W114/><G108/><T109/><D126/><U58/><E29/><V70/><F67/><W20/><G124/><T21/><D21/><U113/><E113/><V86/><F98/><W92/><G57/><T102/><D129/><U1/><E1/><V50/><F72/><N who="3" m="27723" /><G114/><T94/><D109/><U36/><E47/><V62/><F62/><W15/><G26/><T28/><D107/><U85/><E80/><V90/><F79/><W43/><G43/><T53/><D28/><U131/><E131/><V103/><F103/><W110/><G110/><T130/><D130/><U82/><E82/><V100/><F0/><W30/><G30/><T106/><D106/><U31/><E31/><V121/><F100/><W64/><G64/><T105/><D105/><U35/><E35/><V66/><F66/><W97/><AGARI ba="0,0" hai="13,15,16,20,24,88,92,97" m="27723,46635" machi="97" ten="30,4000,0" yaku="13,1,54,2" doraHai="2" who="3" fromWho="3" sc="100,-20,194,-10,568,-10,138,40" /><INIT seed="5,0,0,5,3,32" ten="80,184,558,178" oya="1" hai0="51,60,93,127,122,34,118,30,130,92,73,71,24" hai1="112,6,1,15,48,105,47,39,5,54,0,108,70" hai2="58,119,67,115,113,28,25,37,26,87,35,31,80" hai3="132,83,14,23,69,43,98,44,52,40,68,46,88"/><U63/><E112/><V91/><F37/><W55/><G23/><T126/><D118/><U22/><E105/><V102/><F119/><W116/><G116/><T42/><D73/><U49/><E39/><V45/><F45/><W85/><G132/><T19/><D19/><U7/><E108/><V121/><F121/><W110/><G110/><T8/><D122/><U74/><E74/><V90/><F102/><W65/><G65/><T50/><D130/><U38/><E38/><V89/><F58/><W79/><G69/><T95/><D42/><N who="3" m="15913" /><G68/><T53/><D8/><U134/><E134/><V109/><F67/><W114/><G14/><T59/><REACH who="0" step="1"/><D71/><REACH who="0" ten="70,184,558,178" step="2"/><U100/><E70/><V133/><F133/><W101/><G114/><N who="2" m="43529" /><F109/><W66/><G66/><T131/><D131/><U21/><E100/><V18/><F18/><W3/><G101/><T81/><D81/><U20/><E15/><V103/><F103/><W104/><G104/><T94/><N who="0" m="23552" /><DORA hai="4" /><T57/><D57/><U125/><E125/><AGARI ba="0,1" hai="24,30,34,50,51,53,59,60,125,126,127" m="23552" machi="125" ten="50,3200,0" yaku="1,1,18,1,53,0" doraHai="32,4" doraHaiUra="16,62" who="0" fromWho="1" sc="70,42,184,-32,558,0,178,0" /><INIT seed="6,0,0,2,1,31" ten="112,152,558,178" oya="2" hai0="133,125,126,101,54,89,83,103,96,48,24,19,71" hai1="2,70,135,66,113,123,62,65,0,50,95,52,87" hai2="17,78,99,11,74,97,92,10,22,68,127,33,107" hai3="88,47,85,131,82,18,98,13,59,63,128,77,12"/><V28/><F127/><W122/><G122/><T7/><D71/><U84/><E113/><V105/><F68/><W120/><G120/><T115/><D7/><U76/><E135/><V42/><F42/><W116/><G116/><T30/><D115/><U102/><E123/><V27/><F78/><W130/><G47/><T73/><D133/><U132/><E66/><V1/><F74/><W23/><G98/><T56/><D19/><U40/><E132/><V129/><F129/><W72/><G13/><T91/><D101/><U61/><E40/><V69/><F69/><W112/><G112/><T134/><D134/><U6/><E62/><V20/><F20/><W100/><G100/><T34/><D73/><U90/><E102/><V86/><F86/><W41/><G41/><T21/><D21/><U119/><E119/><V25/><F11/><W106/><G106/><T39/><D39/><U44/><E6/><V104/><REACH who="2" step="1"/><F92/><REACH who="2" ten="112,152,548,178" step="2"/><W49/><G72/><T81/><D81/><U14/><E76/><V114/><F114/><W55/><REACH who="3" step="1"/><G77/><REACH who="3" ten="112,152,548,168" step="2"/><T75/><D75/><U110/><E84/><V79/><F79/><W37/><G37/><T9/><D125/><U45/><E2/><V53/><F53/><W124/><G124/><T109/><D126/><U26/><E0/><V111/><F111/><W108/><G108/><T8/><D109/><U16/><E110/><V35/><F35/><W38/><G38/><T57/><D54/><U80/><E80/><V67/><F67/><W43/><G43/><T94/><D83/><U32/><E32/><V36/><F36/><W15/><G15/><RYUUKYOKU ba="0,2" sc="112,-15,152,-15,548,15,168,15" hai2="1,10,17,22,25,27,28,33,97,99,104,105,107" hai3="12,18,23,49,55,59,63,82,85,88,128,130,131" /><INIT seed="6,1,2,1,0,35" ten="97,137,563,183" oya="2" hai0="120,22,11,44,10,110,100,71,2,60,32,9,109" hai1="102,82,26,20,79,125,5,62,114,94,117,49,12" hai2="101,8,63,86,72,30,124,77,48,43,6,93,14" hai3="40,105,74,0,46,129,38,16,97,4,119,39,18"/><V99/><F124/><W19/><G119/><T29/><D100/><U69/><E125/><V28/><F72/><W91/><G74/><T54/><D71/><U7/><E117/><V118/><F63/><W53/><G53/><T27/><D60/><U111/><E114/><V13/><F13/><W41/><G129/><T65/><D65/><U61/><E111/><V85/><F85/><W132/><G132/><T122/><D44/><U78/><E69/><V98/><F99/><W45/><G4/><N who="1" m="1610" /><E12/><V115/><F115/><W66/><G66/><T25/><D54/><U47/><E102/><V42/><F43/><W75/><G75/><T113/><D113/><U107/><E107/><V131/><F131/><W121/><G121/><T87/><D87/><N who="1" m="48599" /><E79/><V34/><F34/><W33/><G33/><T55/><D55/><N who="1" m="30143" /><E94/><V64/><F64/><W104/><G0/><T123/><REACH who="0" step="1"/><D2/><REACH who="0" ten="87,137,563,183" step="2"/><U31/><AGARI ba="1,3" hai="20,26,31,61,62" m="30143,48599,1610" machi="31" ten="30,1100,0" yaku="8,1" doraHai="35" who="1" fromWho="1" sc="87,-4,137,44,563,-6,183,-4" /><INIT seed="7,0,0,5,0,71" ten="83,181,557,179" oya="3" hai0="122,111,15,31,67,51,113,41,101,81,33,42,89" hai1="46,50,124,133,73,74,55,105,40,54,88,80,129" hai2="11,98,47,0,107,17,104,10,16,22,123,135,69" hai3="108,86,78,91,39,56,5,28,85,23,64,106,1"/><W92/><G106/><T103/><D122/><U132/><E105/><V43/><F69/><W116/><G116/><T95/><D67/><U115/><E115/><V102/><F123/><W48/><G39/><T82/><D113/><U6/><E129/><V9/><F135/><N who="1" m="51785" /><E124/><V99/><F0/><W52/><G108/><T109/><D33/><U79/><E6/><V65/><F65/><W13/><G1/><T35/><D35/><U45/><E88/><V70/><F70/><W94/><G64/><T49/><D15/><U14/><E14/><V126/><F126/><W34/><G34/><T63/><D89/><U127/><E127/><V97/><F22/><W72/><G72/><N who="1" m="27754" /><E46/><V26/><F26/><N who="3" m="16479" /><G78/><T27/><D27/><U87/><AGARI ba="0,0" hai="40,45,50,54,55,79,80,87" m="27754,51785" machi="87" ten="30,1100,0" yaku="20,1" doraHai="71" who="1" fromWho="1" sc="83,-3,181,11,557,-3,179,-5" owari="80,-42.0,192,-0.8,554,65.4,174,-22.6" /></mjloggm>