<mjloggm ver="2.3"><GO type="41" lobby="0"/><UN n0="%E3%81%AF%E3%81%9B%E3%81%9F%E3%81%AB" n1="%E2%93%9D%4C%75%63%6B%79%4A" n2="%E5%A5%B3%E3%81%AA%E3%81%AE%E3%81%82%E3%81%8C%E3%82%89%E3%81%9B%E3%81%A6" n3="%E9%9D%9E%E6%83%85" dan="14,18,14,16" rate="1942.90,2144.78,1994.62,2044.07" sx="M,M,M,M"/><TAIKYOKU oya="0"/><INIT seed="0,0,0,4,1,28" ten="250,250,250,250" oya="0" hai0="12,99,128,18,2,110,81,93,31,114,77,7,61" hai1="54,44,23,51,57,9,115,56,82,80,127,33,25" hai2="21,118,123,63,3,91,100,87,22,108,130,79,132" hai3="68,52,119,129,117,96,120,85,74,39,90,19,16"/><T94/><D114/><U11/><E115/><V76/><F123/><W70/><G74/><T42/><D128/><U126/><E11/><V45/><F130/><W53/><G39/><T15/><D42/><U122/><E9/><V71/><F3/><W78/><G78/><T30/><D2/><U72/><E122/><V13/><F108/><W1/><G1/><T38/><D38/><U0/><E0/><V40/><F132/><W124/><G96/><T109/><D61/><U83/><E72/><V67/><F100/><W50/><G129/><T75/><D7/><U32/><E57/><V105/><F105/><W84/><G50/><T46/><D46/><U107/><E107/><V59/><F71/><W34/><G90/><T106/><D106/><U10/><E10/><V41/><F118/><W14/><G14/><N who="0" m="5163" /><D18/><U133/><E44/><V65/><F65/><W125/><REACH who="3" step="1"/><G34/><REACH who="3" ten="250,250,250,240" step="2"/><T55/><D110/><U104/><E133/><V73/><F73/><W92/><G92/><T113/><D109/><U101/><E104/><V17/><F79/><W60/><G60/><T29/><D99/><U58/><E101/><V95/><F76/><W6/><G6/><T66/><D94/><U62/><E62/><V35/><F35/><W121/><AGARI ba="0,1" hai="16,19,52,53,68,70,84,85,117,119,120,121,124,125" machi="121" ten="25,12000,2" yaku="1,1,0,1,22,2,54,2,53,0" doraHai="28" doraHaiUra="102" who="3" fromWho="3" sc="250,-60,250,-30,250,-30,240,130" /><INIT seed="1,0,0,2,4,34" ten="190,220,220,370" oya="1" hai0="68,64,39,92,109,18,110,66,37,100,16,108,129" hai1="115,121,21,83,114,112,135,7,101,6,81,53,47" hai2="82,44,29,25,5,88,98,103,26,9,78,106,17" hai3="40,132,105,30,117,125,1,128,58,35,75,124,90"/><U99/><E121/><V79/><F79/><W59/><G90/><T131/><D92/><U12/><E135/><V49/><F29/><W97/><G97/><T36/><D100/><U42/><E53/><V80/><F80/><W60/><G60/><T8/><D8/><U116/><E116/><V65/><F65/><N who="0" m="25194" /><D68/><U94/><E7/><V73/><F17/><AGARI ba="0,0" hai="16,17,18,36,37,39,108,109,110,129,131" m="25194" machi="17" ten="50,8000,1" yaku="28,2,14,1,54,1" doraHai="34" who="0" fromWho="2" sc="190,80,220,0,220,-80,370,0" /><INIT seed="2,0,0,2,4,47" ten="270,220,140,370" oya="2" hai0="55,26,113,128,54,120,27,119,76,43,24,11,14" hai1="39,40,4,17,122,65,20,83,41,49,16,125,13" hai2="86,19,53,105,45,107,48,95,32,133,63,6,84" hai3="74,57,2,15,93,124,102,79,80,98,117,81,18"/><V23/><F32/><W121/><G117/><T7/><D120/><U37/><E122/><V33/><F33/><W71/><G71/><T101/><D113/><U73/><E4/><V77/><F133/><W31/><G31/><T21/><D119/><U82/><E65/><V72/><F6/><W96/><G2/><T9/><D128/><U25/><E125/><V94/><F72/><W130/><G121/><T0/><D76/><U99/><E99/><V114/><F114/><W118/><G118/><T116/><D116/><U61/><E61/><V134/><F134/><W87/><G124/><T42/><D101/><U69/><E69/><V44/><F63/><W110/><G110/><T64/><D64/><U123/><E73/><V112/><F112/><W103/><G57/><T62/><D21/><U92/><E92/><V111/><F111/><W3/><G3/><T97/><D97/><U22/><E123/><V88/><F45/><W91/><G15/><T29/><D29/><U90/><E90/><V78/><F107/><N who="3" m="63943" /><G18/><T38/><D38/><U51/><E13/><V89/><F105/><N who="3" m="63735" /><G130/><T35/><D35/><U30/><E30/><V132/><F132/><W75/><G81/><T109/><D109/><U85/><E25/><AGARI ba="0,0" hai="19,23,25,44,48,53,77,78,84,86,88,89,94,95" machi="25" ten="30,12000,1" yaku="7,1,9,1,8,1,52,1,54,1" doraHai="47" who="2" fromWho="1" sc="270,0,220,-120,140,120,370,0" /><INIT seed="2,1,0,2,2,14" ten="270,100,260,370" oya="2" hai0="67,56,121,36,126,93,46,120,0,40,35,45,38" hai1="89,129,19,80,55,37,49,16,29,65,88,86,114" hai2="87,28,105,26,54,32,112,52,71,44,43,23,50" hai3="116,74,24,25,106,98,113,48,58,9,131,91,109"/><V122/><F112/><W127/><G113/><T76/><D35/><U41/><E114/><V27/><F122/><W94/><G116/><T133/><D0/><U60/><E37/><V117/><F117/><W61/><G74/><T92/><D76/><U31/><E41/><V69/><F105/><W108/><G106/><T118/><D92/><U6/><E6/><V8/><F8/><W75/><G75/><T13/><D93/><U17/><E129/><V81/><F69/><W11/><G48/><T135/><D13/><U62/><E89/><V84/><F71/><W22/><G127/><T4/><D4/><U47/><REACH who="1" step="1"/><E62/><REACH who="1" ten="270,90,260,370" step="2"/><V57/><F81/><W82/><G131/><T53/><D118/><U59/><AGARI ba="1,1" hai="16,17,19,29,31,47,49,55,59,60,65,80,86,88" machi="59" ten="30,16000,3" yaku="1,1,2,1,0,1,8,1,52,3,54,2,53,0" doraHai="14" doraHaiUra="119" who="1" fromWho="1" sc="270,-41,90,173,260,-81,370,-41" /><INIT seed="3,0,0,0,2,22" ten="229,263,179,329" oya="3" hai0="105,100,107,42,123,93,65,53,126,52,118,54,44" hai1="131,135,45,79,3,125,84,9,29,2,122,50,27" hai2="6,80,83,60,77,13,41,133,0,32,58,106,23" hai3="51,78,48,14,98,5,56,21,33,129,75,64,103"/><W20/><G129/><T4/><D123/><U99/><E122/><V71/><F32/><W116/><G116/><T70/><D118/><U46/><E131/><V8/><F106/><W82/><G33/><T117/><D117/><U30/><E99/><V87/><F71/><W10/><G51/><T119/><D119/><U97/><E97/><V134/><F41/><W76/><G76/><T130/><D130/><U31/><E125/><V15/><F83/><W66/><G66/><T128/><D128/><U121/><E135/><V61/><F61/><W25/><G25/><T92/><D126/><U68/><E46/><V89/><F77/><W72/><G72/><T110/><D4/><U11/><E68/><V115/><F115/><W26/><G26/><T108/><D65/><U24/><E3/><V132/><REACH who="2" step="1"/><F23/><REACH who="2" ten="229,263,169,329" step="2"/><W120/><G120/><T67/><D70/><U62/><E62/><V43/><F43/><W102/><G21/><T69/><D69/><U104/><E104/><V109/><F109/><W73/><G20/><T28/><D107/><U113/><E113/><V95/><F95/><W39/><G82/><T19/><D105/><U1/><E121/><V47/><F47/><W111/><G78/><T59/><D110/><U12/><E79/><V38/><F38/><W36/><G36/><T114/><D108/><U37/><E37/><V35/><F35/><W94/><G39/><T91/><D114/><U86/><E45/><V81/><F81/><W96/><G111/><T85/><D44/><U40/><E40/><V49/><F49/><W101/><G48/><T34/><D42/><RYUUKYOKU ba="0,1" sc="229,-10,263,-10,169,30,329,-10" hai2="0,6,8,13,15,58,60,80,87,89,132,133,134" /><INIT seed="4,1,1,0,3,22" ten="219,253,199,319" oya="0" hai0="128,40,1,115,67,61,74,10,68,29,56,45,100" hai1="108,103,72,70,2,133,77,90,110,48,19,121,51" hai2="0,120,21,119,33,63,69,130,39,105,44,3,37" hai3="111,55,123,114,126,26,84,32,57,62,91,75,102"/><T134/><D115/><U6/><E70/><V46/><F120/><W85/><G111/><T38/><D128/><U113/><E103/><V99/><F130/><W71/><G71/><T4/><D134/><U7/><E77/><V82/><F119/><W94/><G114/><T104/><D29/><U15/><E72/><V25/><F82/><W86/><G75/><T118/><D118/><U54/><E2/><N who="2" m="555" /><F21/><W31/><G126/><T122/><D122/><U96/><E133/><V116/><F46/><W41/><G123/><T13/><D13/><U132/><E132/><V52/><F52/><W12/><G41/><T109/><D109/><U36/><E113/><V58/><F58/><W65/><G55/><T11/><D11/><U78/><E54/><V131/><F44/><W17/><REACH who="3" step="1"/><G102/><REACH who="3" ten="219,253,199,309" step="2"/><T98/><REACH who="0" step="1"/><D74/><REACH who="0" ten="209,253,199,309" step="2"/><U14/><E121/><V28/><F131/><W27/><G27/><T43/><D43/><U76/><E110/><V9/><F116/><W35/><G35/><T101/><D101/><U18/><E108/><V59/><F25/><W124/><G124/><T87/><D87/><U112/><E112/><V127/><F33/><W53/><G53/><T23/><D23/><AGARI ba="1,3" hai="12,17,23,26,31,32,57,62,65,84,85,86,91,94" machi="23" ten="30,3900,0" yaku="1,1,7,1,52,1,53,0" doraHai="22" doraHaiUra="66" who="3" fromWho="0" sc="209,-42,253,0,199,0,309,72" /><INIT seed="5,0,0,5,2,11" ten="167,253,199,381" oya="1" hai0="40,68,55,23,94,52,118,60,35,96,53,79,124" hai1="97,87,86,80,115,110,123,26,14,49,93,120,36" hai2="84,42,129,104,102,65,28,57,39,66,133,85,92" hai3="100,44,61,131,70,107,17,29,125,34,1,20,106"/><U31/><E36/><V126/><F104/><W113/><G17/><T114/><D118/><U130/><E130/><V73/><F73/><W89/><G20/><T81/><D35/><U117/><E117/><V122/><F122/><W67/><G89/><T101/><D114/><U5/><E110/><V2/><F2/><W108/><G29/><T77/><D124/><U128/><E128/><V58/><F126/><W21/><G21/><T69/><D40/><U91/><E115/><V82/><F28/><W27/><G27/><T71/><D60/><U10/><E49/><V95/><F133/><W56/><G100/><T88/><REACH who="0" step="1"/><D23/><REACH who="0" ten="157,253,199,381" step="2"/><U7/><E123/><V51/><F42/><W38/><G34/><T43/><D43/><U24/><E120/><V48/><F129/><W111/><G61/><T37/><D37/><U59/><E31/><V6/><F39/><W90/><G38/><T45/><D45/><U78/><E59/><V121/><F121/><W134/><G56/><T116/><D116/><U41/><E41/><V32/><F32/><W18/><G44/><T63/><D63/><U75/><E7/><V12/><F6/><W76/><G113/><T13/><D13/><U3/><E3/><V0/><F0/><W54/><G1/><T25/><D25/><U47/><E47/><V74/><F12/><W9/><G125/><T4/><D4/><U62/><E62/><V33/><F33/><W98/><G111/><T103/><D103/><U22/><E26/><V8/><F102/><W99/><G108/><T105/><D105/><U15/><E24/><V30/><F57/><RYUUKYOKU ba="0,1" sc="157,15,253,15,199,-15,381,-15" hai0="52,53,55,68,69,71,77,79,81,88,94,96,101" hai1="5,10,14,15,22,75,78,80,86,87,91,93,97" /><INIT seed="5,1,1,3,0,48" ten="172,268,184,366" oya="1" hai0="39,88,111,134,124,60,49,108,56,42,83,99,93" hai1="70,135,58,132,45,19,53,47,17,94,71,92,74" hai2="9,121,128,119,10,51,73,15,109,27,125,122,8" hai3="63,82,61,7,59,4,30,97,54,127,14,72,77"/><U28/><E28/><V115/><F73/><W101/><G127/><T29/><D124/><U66/><E74/><V129/><F125/><W96/><G30/><T62/><D134/><U120/><E58/><V3/><F51/><W118/><G118/><T43/><D39/><U117/><E66/><V103/><F103/><W90/><G97/><T131/><D131/><N who="2" m="50250" /><F119/><W0/><G0/><T23/><D62/><U18/><E117/><V84/><F84/><W91/><G63/><T130/><D130/><U12/><E12/><V36/><F36/><W114/><G114/><T116/><D83/><U50/><E120/><N who="2" m="46187" /><F109/><W95/><G14/><T113/><D113/><U106/><E106/><V33/><F115/><W11/><G11/><N who="2" m="4169" /><F27/><W55/><G7/><T107/><D107/><U133/><REACH who="1" step="1"/><E47/><REACH who="1" ten="172,258,184,366" step="2"/><V22/><F3/><W81/><G72/><T76/><D116/><U102/><E102/><V37/><F22/><W105/><G101/><T112/><D112/><U79/><E79/><V44/><F44/><W20/><G77/><T26/><D76/><U32/><E32/><V87/><F33/><W52/><G105/><T80/><D111/><U46/><E46/><V40/><F37/><W6/><G59/><T38/><D38/><U85/><E85/><V34/><F34/><W35/><G35/><T100/><D108/><U57/><E57/><V64/><F64/><W126/><G126/><T123/><D123/><U98/><E98/><V24/><F87/><W65/><G96/><T41/><D100/><U78/><E78/><V25/><F40/><W110/><G110/><T89/><D43/><RYUUKYOKU ba="1,2" sc="172,-15,258,15,184,15,366,-15" hai1="17,18,19,45,50,53,70,71,92,94,132,133,135" hai2="10,15,24,25" /><INIT seed="5,2,2,3,1,73" ten="157,273,199,351" oya="1" hai0="121,47,48,26,75,61,129,54,57,83,113,51,130" hai1="91,38,42,13,99,40,107,116,106,119,70,19,45" hai2="55,34,62,105,134,18,115,112,110,126,92,23,12" hai3="86,58,2,14,133,132,95,76,114,122,101,124,88"/><U103/><E70/><V3/><F105/><W49/><G2/><T108/><D26/><U21/><E107/><V1/><F110/><W36/><G36/><T31/><D31/><U30/><E42/><V118/><F118/><W7/><G122/><T111/><D83/><U117/><E30/><V127/><F92/><W44/><G124/><N who="2" m="47657" /><F34/><W78/><G58/><T94/><D94/><U15/><REACH who="1" step="1"/><E91/><REACH who="1" ten="157,263,199,351" step="2"/><V59/><F134/><W66/><G132/><T43/><D121/><U17/><E17/><V81/><F81/><W9/><G133/><T28/><D28/><U90/><E90/><V97/><F97/><W56/><G101/><T25/><D111/><U22/><E22/><V32/><F32/><W29/><G29/><T93/><D108/><U68/><E68/><V53/><F53/><W11/><G88/><T96/><D96/><U20/><E20/><V109/><F109/><W100/><G100/><T71/><D93/><U27/><AGARI ba="2,3" hai="13,15,19,21,27,38,40,45,99,103,106,116,117,119" machi="27" ten="30,3000,0" yaku="1,1,0,1,53,0" doraHai="73" doraHaiUra="4" who="1" fromWho="1" sc="157,-12,263,66,199,-12,351,-12" /><INIT seed="5,3,0,1,0,113" ten="145,329,187,339" oya="1" hai0="30,25,58,57,48,79,120,35,114,112,31,90,12" hai1="125,122,16,6,62,81,59,128,93,14,76,66,8" hai2="124,131,26,123,86,55,129,56,104,3,99,9,127" hai3="33,27,51,69,111,118,102,37,52,72,133,44,77"/><U34/><E122/><V38/><F38/><W135/><G111/><T119/><D120/><U10/><E128/><N who="2" m="49227" /><F123/><W47/><G69/><T121/><D121/><U2/><E34/><V103/><F26/><W65/><G65/><T96/><D79/><U95/><REACH who="1" step="1"/><E125/><REACH who="1" ten="145,319,187,339" step="2"/><V42/><F127/><W19/><G133/><T39/><D35/><U20/><E20/><V74/><F124/><W116/><G135/><T40/><D114/><U126/><E126/><V41/><F74/><AGARI ba="3,1" hai="2,6,8,10,14,16,59,62,66,74,76,81,93,95" machi="74" ten="30,5800,0" yaku="1,1,7,1,54,1,53,0" doraHai="113" doraHaiUra="132" who="1" fromWho="2" sc="145,0,319,77,187,-67,339,0" /><INIT seed="5,4,0,0,4,47" ten="145,396,120,339" oya="1" hai0="4,3,81,64,62,76,67,95,29,23,129,10,26" hai1="92,21,70,114,52,82,39,132,43,18,103,110,102" hai2="112,57,133,105,94,121,83,125,14,116,61,41,91" hai3="127,35,104,99,123,24,107,97,27,40,38,93,88"/><U72/><E70/><V54/><F116/><W96/><G123/><T101/><D129/><U89/><E39/><V120/><F105/><W130/><G130/><T8/><D8/><U28/><E43/><V108/><F108/><W6/><G127/><T9/><D9/><U46/><E28/><V68/><F125/><W78/><G6/><T63/><D63/><U69/><E114/><V53/><F133/><W2/><G2/><T90/><D101/><U58/><E69/><V65/><F112/><W1/><G1/><T100/><D100/><U86/><E46/><V25/><F83/><W33/><G78/><T128/><D62/><U7/><E7/><V66/><F53/><W131/><G131/><T126/><D126/><U44/><E44/><V71/><F41/><W117/><G117/><T119/><D119/><U113/><E132/><V77/><F77/><W17/><G40/><T31/><D31/><U49/><E110/><V32/><F14/><W98/><G38/><T11/><D11/><U15/><E113/><V80/><F80/><W22/><G35/><T122/><D122/><U87/><E72/><V84/><F71/><W5/><G5/><T45/><D45/><U60/><E60/><N who="2" m="35895" /><F66/><W134/><G134/><T19/><D29/><U59/><E59/><V36/><F36/><W85/><G33/><T30/><D30/><U75/><E75/><V106/><F106/><W124/><G124/><T115/><D115/><U48/><E49/><V56/><F68/><W79/><G79/><AGARI ba="4,0" hai="15,18,21,48,52,58,79,82,86,87,89,92,102,103" machi="79" ten="30,18000,2" yaku="7,1,25,2,8,1,52,1,54,1" doraHai="47" who="1" fromWho="3" sc="145,0,396,192,120,0,339,-192" /><INIT seed="5,5,0,3,2,47" ten="145,588,120,147" oya="1" hai0="94,63,38,135,28,122,73,113,35,27,121,53,109" hai1="125,10,89,97,117,106,70,74,32,104,59,131,34" hai2="22,102,118,71,17,65,132,33,57,67,75,101,41" hai3="100,8,86,13,80,130,126,111,82,96,72,95,119"/><U52/><E70/><V88/><F118/><W3/><G3/><T60/><D109/><U92/><E117/><V76/><F33/><W110/><G111/><T30/><D113/><U90/><E74/><V19/><F71/><W39/><G39/><T40/><D73/><U23/><E131/><V49/><F132/><W36/><G36/><T0/><D0/><U103/><E10/><V112/><F112/><W61/><G126/><T129/><D129/><U85/><E90/><V55/><F19/><N who="3" m="8615" /><G110/><T56/><D135/><U66/><E66/><N who="2" m="25099" /><F76/><N who="3" m="46343" /><G72/><T11/><D38/><U1/><E1/><V134/><F41/><W99/><G130/><T54/><D40/><U128/><E128/><V6/><F6/><W98/><G119/><T4/><D30/><U62/><E125/><V68/><F68/><W81/><G61/><T115/><D115/><U5/><E5/><V105/><F105/><W64/><G64/><T91/><D63/><U58/><E106/><V77/><F77/><W51/><G99/><N who="0" m="57823" /><D60/><U14/><E62/><V93/><F134/><W120/><G98/><T31/><D35/><U16/><E34/><V133/><F133/><W107/><G107/><T87/><D4/><U20/><E32/><V2/><F2/><W15/><G120/><T50/><D122/><U124/><E124/><V12/><F75/><W48/><G15/><T7/><D121/><U29/><E52/><V69/><F69/><W45/><G45/><T114/><D54/><U24/><AGARI ba="5,0" hai="14,16,20,23,24,29,58,59,85,89,92,97,103,104" machi="24" ten="30,3000,0" yaku="0,1,54,1" doraHai="47" who="1" fromWho="1" sc="145,-15,588,45,120,-15,147,-15" /><INIT seed="5,6,0,2,3,45" ten="130,633,105,132" oya="1" hai0="97,118,80,50,62,40,58,88,37,134,1,12,47" hai1="26,93,87,9,6,82,54,31,73,56,63,98,131" hai2="86,59,76,92,120,106,104,102,19,13,75,123,20" hai3="57,3,127,128,51,44,30,67,114,71,35,4,72"/><U23/><E131/><V77/><F120/><W91/><G72/><T41/><D118/><U36/><E36/><V133/><F123/><W115/><G71/><T132/><D1/><U15/><E73/><V32/><F32/><W101/><G101/><T46/><D12/><U2/><E2/><V99/><F133/><W81/><G127/><T65/><REACH who="0" step="1"/><D80/><REACH who="0" ten="120,633,105,132" step="2"/><U113/><E82/><V69/><F69/><W10/><G81/><T109/><D109/><U122/><E122/><V60/><F75/><W21/><G128/><T0/><D0/><U24/><E15/><V126/><F126/><W29/><G3/><T117/><D117/><U105/><E26/><V89/><REACH who="2" step="1"/><F106/><REACH who="2" ten="120,633,95,132" step="2"/><W14/><G115/><T125/><D125/><U28/><E113/><V55/><AGARI ba="6,2" hai="13,19,20,55,59,60,76,77,86,89,92,99,102,104" machi="55" ten="20,5200,0" yaku="1,1,2,1,0,1,7,1,53,0" doraHai="45" doraHaiUra="66" who="2" fromWho="2" sc="120,-19,633,-32,95,90,132,-19" /><INIT seed="6,0,0,1,2,31" ten="101,601,185,113" oya="2" hai0="83,2,110,82,3,79,24,116,72,129,100,86,88" hai1="8,30,78,119,130,1,99,94,45,25,92,6,18" hai2="26,22,122,56,54,33,60,127,69,121,90,10,35" hai3="70,51,107,61,4,53,97,43,125,17,133,11,74"/><V81/><F127/><W73/><G125/><T39/><D39/><U47/><E119/><V123/><F69/><W84/><G43/><T87/><D110/><U114/><E114/><V38/><F38/><W77/><G133/><T48/><D116/><U57/><E94/><V134/><F134/><W115/><G115/><T80/><D129/><U7/><E7/><V49/><F10/><W89/><G17/><T118/><D118/><U36/><E78/><V102/><F102/><W58/><G77/><T75/><D100/><U68/><E68/><V117/><F117/><W23/><G23/><T59/><D75/><U105/><E105/><V13/><F13/><W106/><G97/><T40/><D24/><U128/><E57/><V55/><F81/><W27/><G27/><T135/><D135/><U93/><E18/><V104/><F104/><W37/><G37/><T62/><D48/><U21/><E93/><V98/><F90/><W5/><G5/><T71/><D40/><U96/><E99/><V46/><REACH who="2" step="1"/><F98/><REACH who="2" ten="101,601,175,113" step="2"/><W28/><G107/><T91/><REACH who="0" step="1"/><D71/><REACH who="0" ten="91,601,175,113" step="2"/><U50/><E36/><V20/><F20/><W14/><G106/><T16/><D16/><AGARI ba="0,2" hai="16,22,26,33,35,46,49,54,55,56,60,121,122,123" machi="16" ten="40,12000,1" yaku="1,1,52,2,54,1,53,1" doraHai="31" doraHaiUra="42" who="2" fromWho="0" sc="91,-120,601,0,175,140,113,0" owari="-29,-52.9,601,70.1,315,11.5,113,-28.7" /></mjloggm>