<mjloggm ver="2.3"><GO type="41" lobby="0"/><UN n0="%41%63%61%63%61%73%63" n1="%E3%81%93%E3%81%AE%E3%83%91%E3%83%91" n2="%4A%77%69%6C%6C" n3="%E2%93%9D%4C%75%63%6B%79%4A" dan="14,14,14,18" rate="1873.90,1965.95,1921.90,2206.75" sx="M,F,M,M"/><TAIKYOKU oya="0"/><INIT seed="0,0,0,4,3,70" ten="250,250,250,250" oya="0" hai0="61,5,131,47,80,28,44,85,92,43,17,51,2" hai1="99,113,13,98,132,54,75,122,0,101,16,82,134" hai2="56,42,130,1,103,30,22,81,125,41,33,84,59" hai3="128,124,25,62,116,108,38,79,118,8,32,64,114"/><T111/><D131/><U115/><E0/><V9/><F33/><W27/><G114/><N who="1" m="43530" /><E122/><V34/><F34/><W23/><G79/><T120/><D120/><U93/><E54/><V48/><F125/><W129/><G64/><T117/><D117/><N who="3" m="45161" /><G62/><T76/><D28/><U90/><E75/><V57/><F103/><W69/><G69/><T37/><D111/><U83/><E99/><V45/><F130/><N who="3" m="50283" /><G38/><T19/><D92/><U86/><E82/><V96/><F96/><W126/><G8/><AGARI ba="0,0" hai="8,13,16,83,86,90,93,98,101,132,134" m="43530" machi="8" ten="30,2000,0" yaku="11,1,54,1" doraHai="70" who="1" fromWho="3" sc="250,0,250,20,250,0,250,-20" /><INIT seed="1,0,0,3,4,46" ten="250,270,250,230" oya="1" hai0="73,95,2,114,35,94,44,118,13,97,62,79,125" hai1="106,7,54,38,88,66,67,116,71,101,124,108,75" hai2="122,18,53,1,32,77,111,50,120,92,33,49,131" hai3="135,23,84,69,60,82,99,0,85,11,93,52,61"/><U15/><E116/><V6/><F111/><W74/><G74/><T55/><D114/><U47/><E75/><V89/><F77/><W123/><G123/><T121/><D118/><U45/><E124/><V81/><F81/><W26/><G135/><T64/><D121/><U112/><E112/><V17/><F1/><W126/><G126/><T40/><D125/><U41/><E108/><V31/><F6/><W9/><G69/><T98/><D2/><U72/><E72/><V34/><F31/><W16/><G61/><T57/><D35/><U30/><E30/><V91/><F53/><W37/><G37/><T113/><D95/><U134/><E134/><V39/><F39/><W102/><G0/><T104/><D104/><U107/><E107/><V28/><F28/><W133/><G85/><T63/><D13/><U117/><E117/><V110/><F34/><W43/><G43/><T42/><D42/><U27/><E27/><V4/><F4/><W10/><G133/><T22/><D22/><U21/><E101/><V76/><F76/><W96/><G99/><T86/><D73/><U68/><E106/><V80/><F80/><W48/><G60/><T132/><D132/><U3/><E3/><V83/><F83/><W58/><G11/><T12/><D79/><AGARI ba="0,0" hai="9,10,16,23,26,48,52,58,79,82,84,93,96,102" machi="79" ten="30,8000,1" yaku="7,1,8,1,52,1,54,2" doraHai="46" who="3" fromWho="0" sc="250,-80,270,0,250,0,230,80" /><INIT seed="2,0,0,5,0,89" ten="170,270,250,310" oya="2" hai0="110,125,120,57,82,87,1,61,34,2,79,109,135" hai1="41,50,93,49,114,111,90,96,28,20,106,16,112" hai2="73,21,95,33,85,116,70,37,5,54,98,39,67" hai3="7,86,94,104,62,56,48,103,108,132,80,97,51"/><V59/><F116/><W65/><G132/><T38/><D120/><U88/><E111/><V31/><F73/><W131/><G108/><N who="0" m="41579" /><D135/><U84/><E28/><V123/><F33/><W26/><G131/><T134/><D134/><U58/><E50/><V99/><F5/><W77/><G7/><T117/><D117/><U126/><E126/><V91/><F123/><W43/><G43/><T64/><D125/><U45/><E58/><V102/><F98/><W55/><G104/><T4/><D38/><U121/><E121/><V30/><F67/><W68/><REACH who="3" step="1"/><G26/><REACH who="3" ten="170,270,250,300" step="2"/><T63/><D34/><U66/><E106/><V47/><F37/><W15/><G15/><T18/><D4/><U105/><E105/><V119/><F119/><W12/><G12/><T19/><D63/><AGARI ba="0,1" hai="48,51,55,56,62,63,65,68,77,80,86,94,97,103" machi="63" ten="30,3900,0" yaku="1,1,7,1,52,1,53,0" doraHai="89" doraHaiUra="71" who="3" fromWho="0" sc="170,-39,270,0,250,0,300,49" /><INIT seed="3,0,0,0,2,67" ten="131,270,250,349" oya="3" hai0="82,39,63,107,28,116,90,38,4,47,16,78,46" hai1="19,103,40,22,11,0,64,71,35,45,6,60,74" hai2="108,26,100,83,122,54,70,87,49,117,5,41,88" hai3="76,81,86,120,25,44,48,30,125,7,12,115,84"/><W121/><G115/><T113/><D116/><U68/><E74/><V59/><F108/><W18/><G125/><T13/><D107/><U130/><E130/><V24/><F117/><W32/><G86/><T79/><D4/><U37/><E35/><V72/><F122/><W98/><G98/><T111/><D111/><U105/><E105/><V33/><F100/><W42/><REACH who="3" step="1"/><G18/><REACH who="3" ten="131,270,250,339" step="2"/><T3/><D28/><U73/><E73/><V36/><F87/><W1/><G1/><T23/><D3/><U85/><E85/><V58/><F72/><W43/><G43/><T118/><D118/><U110/><E110/><V92/><F41/><W97/><G97/><T96/><D96/><U34/><E103/><V135/><F83/><W10/><AGARI ba="0,1" hai="7,10,12,25,30,32,42,44,48,76,81,84,120,121" machi="10" ten="30,11700,0" yaku="1,1,0,1,25,2,53,0" doraHai="67" doraHaiUra="126" who="3" fromWho="3" sc="131,-39,270,-39,250,-39,339,127" /><INIT seed="3,1,0,2,5,120" ten="92,231,211,466" oya="3" hai0="59,53,131,54,30,126,45,60,125,76,66,44,65" hai1="37,16,26,95,88,107,51,42,41,113,121,13,135" hai2="98,74,33,22,100,80,71,128,110,43,4,5,111" hai3="58,79,34,2,18,81,24,134,70,40,89,133,96"/><W15/><G70/><T127/><D30/><U25/><E113/><V49/><F33/><W108/><G40/><T61/><D76/><U124/><E124/><V36/><F36/><W28/><G58/><N who="0" m="37015" /><D131/><U129/><E135/><N who="3" m="51722" /><G2/><T11/><D11/><U78/><E107/><N who="2" m="63895" /><F22/><N who="3" m="11615" /><G89/><T67/><D67/><U39/><E121/><V87/><F74/><N who="3" m="43255" /><G96/><T85/><D85/><U47/><E129/><V99/><F99/><W62/><G62/><T103/><D103/><U91/><E78/><N who="2" m="46487" /><F128/><W118/><G118/><T97/><D97/><U105/><E105/><V23/><F23/><W7/><G7/><T32/><D32/><U17/><E42/><V50/><F71/><W6/><G6/><N who="2" m="2665" /><F43/><W130/><G130/><T12/><D12/><U123/><E123/><V112/><F112/><W35/><G35/><T20/><D20/><U57/><E57/><V31/><F31/><W117/><G117/><T106/><D106/><U122/><E122/><V48/><F48/><W1/><G1/><T132/><D132/><U119/><E119/><V82/><F49/><W73/><G73/><T10/><D10/><U109/><E39/><V93/><F50/><W19/><G19/><T56/><D56/><U90/><E37/><V46/><F46/><AGARI ba="1,0" hai="44,45,46,53,54,59,61,66,125,126,127" m="37015" machi="46" ten="30,3900,0" yaku="18,1,34,2" doraHai="120" who="0" fromWho="2" sc="92,42,231,0,211,-42,466,0" /><INIT seed="4,0,0,0,4,91" ten="134,231,169,466" oya="0" hai0="2,92,47,40,11,105,79,5,70,69,131,72,34" hai1="110,28,115,7,26,17,71,49,102,114,44,61,10" hai2="9,57,94,100,48,112,80,78,43,129,108,119,23" hai3="135,85,124,128,32,42,74,87,12,52,56,51,22"/><T46/><D105/><U101/><E110/><V88/><F108/><W54/><G32/><T68/><D34/><U15/><E71/><V27/><F112/><N who="1" m="43049" /><E61/><V95/><F129/><W41/><G74/><T0/><D131/><U90/><E90/><V103/><F9/><W24/><G124/><T121/><D121/><U96/><E96/><V14/><F14/><W125/><G135/><T31/><D31/><U64/><E64/><V104/><F95/><W29/><G125/><T13/><D46/><U86/><E86/><N who="3" m="32778" /><G12/><T19/><D72/><U35/><E17/><V53/><F119/><W113/><G113/><T1/><D79/><U123/><E123/><V83/><F43/><AGARI ba="0,0" hai="7,10,15,26,28,35,43,44,49,101,102" m="43049" machi="43" ten="30,2000,0" yaku="15,1,11,1" doraHai="91" who="1" fromWho="2" sc="134,0,231,20,169,-20,466,0" /><INIT seed="5,0,0,4,5,98" ten="134,251,149,466" oya="1" hai0="62,21,121,35,76,27,96,108,107,116,81,48,89" hai1="134,54,22,129,119,78,30,20,100,77,34,3,110" hai2="32,106,65,42,94,91,84,11,83,95,14,128,112" hai3="18,71,0,46,13,67,1,79,130,47,24,44,118"/><U122/><E119/><V58/><F32/><W125/><G118/><T120/><D108/><U102/><E122/><V2/><F128/><W99/><G79/><T72/><D116/><U74/><E129/><V6/><F106/><W5/><G130/><T135/><D135/><U115/><E3/><V39/><F112/><W109/><G109/><T126/><D126/><U4/><E110/><V123/><F123/><N who="0" m="47178" /><D35/><U23/><E115/><V103/><F103/><W51/><G24/><T9/><D9/><U85/><E4/><V66/><F2/><W26/><G26/><T8/><D8/><U59/><E134/><V124/><F124/><W40/><G1/><T88/><D48/><U82/><E74/><V56/><F42/><W19/><G5/><T132/><D62/><U63/><REACH who="1" step="1"/><E77/><REACH who="1" ten="134,241,149,466" step="2"/><V37/><F39/><W55/><G0/><T93/><D132/><U90/><E90/><V53/><F37/><W70/><G125/><T25/><D89/><U113/><E113/><V31/><F31/><W49/><G19/><T87/><D21/><U38/><E38/><V33/><F33/><W80/><G18/><T15/><D15/><U28/><E28/><V75/><F75/><W92/><G13/><T41/><D41/><U97/><E97/><V10/><F14/><W17/><G99/><T45/><D45/><U60/><E60/><V127/><F6/><W133/><G133/><T86/><D72/><U64/><E64/><N who="2" m="24683" /><F127/><W43/><G43/><T36/><D36/><U105/><E105/><V101/><F10/><W111/><G111/><T29/><D29/><U69/><E69/><RYUUKYOKU ba="0,1" sc="134,15,241,15,149,-15,466,-15" hai0="25,27,76,81,86,87,88,93,96,107" hai1="20,22,23,30,34,54,59,63,78,82,85,100,102" /><INIT seed="5,1,1,3,2,97" ten="149,256,134,451" oya="1" hai0="68,103,46,93,9,24,2,89,42,62,4,65,57" hai1="86,106,71,27,134,35,96,58,66,126,0,25,90" hai2="55,135,125,18,44,28,17,78,43,104,51,8,88" hai3="122,72,73,39,12,40,50,21,3,91,41,49,102"/><U120/><E120/><V84/><F104/><W19/><G122/><T99/><D24/><U85/><E0/><V61/><F135/><W105/><G3/><T14/><D2/><U112/><E112/><V75/><F28/><W127/><G39/><T37/><REACH who="0" step="1"/><D68/><REACH who="0" ten="139,256,134,451" step="2"/><U132/><E71/><V87/><F125/><W115/><G127/><T67/><D67/><U108/><E126/><V81/><F75/><W117/><G73/><T52/><D52/><U64/><E108/><V100/><F55/><W109/><G72/><T111/><D111/><U54/><E54/><V110/><F110/><W128/><G109/><T47/><D47/><U83/><E27/><V95/><F61/><W133/><G12/><T30/><D30/><U98/><E25/><V56/><F56/><W22/><G41/><T76/><D76/><U118/><E58/><V130/><F130/><W92/><G40/><T94/><D94/><U33/><E64/><V63/><F63/><W116/><G92/><T123/><D123/><U34/><E66/><V101/><F8/><W13/><G128/><T31/><D31/><U45/><E45/><V74/><F74/><W70/><G70/><T79/><D79/><U26/><E26/><V121/><F121/><W7/><G13/><T5/><D5/><U131/><E131/><V107/><F107/><W60/><G105/><T15/><D15/><U53/><E106/><V119/><F119/><W77/><G117/><T80/><D80/><N who="1" m="49447" /><E118/><V6/><F6/><W59/><G116/><T1/><D1/><U82/><E53/><V69/><F69/><W11/><G7/><RYUUKYOKU ba="1,2" sc="139,15,256,-15,134,15,451,-15" hai0="4,9,14,37,42,46,57,62,65,89,93,99,103" hai2="17,18,43,44,51,78,81,84,87,88,95,100,101" /><INIT seed="6,2,2,2,0,20" ten="154,241,149,436" oya="2" hai0="5,22,130,116,112,36,57,131,2,80,127,71,101" hai1="89,56,104,19,4,117,25,103,27,28,69,125,21" hai2="124,102,7,79,81,67,90,9,86,106,94,35,121" hai3="129,132,134,38,52,39,66,50,61,33,3,44,113"/><V110/><F121/><W37/><G3/><T65/><D71/><U72/><E69/><V29/><F67/><W114/><G33/><T47/><D112/><N who="3" m="43113" /><G129/><N who="0" m="49163" /><D127/><U63/><E72/><V10/><F124/><W84/><G84/><T135/><D135/><N who="3" m="51753" /><G39/><T48/><D36/><U108/><E117/><V60/><F60/><W83/><G83/><T133/><D133/><U40/><E108/><V77/><F110/><W109/><G109/><T51/><D116/><U41/><E4/><V0/><F10/><W123/><G123/><T59/><D80/><U107/><E125/><V13/><F0/><W128/><G128/><T55/><D101/><U32/><E89/><V70/><F70/><AGARI ba="2,2" hai="37,38,44,50,52,61,66,70" m="51753,43113" machi="70" ten="30,12000,2" yaku="15,1,11,1,20,1,34,2,54,1" doraHai="20" who="3" fromWho="2" sc="154,0,241,0,149,-126,436,146" /><INIT seed="7,0,0,5,2,24" ten="154,241,23,582" oya="3" hai0="116,44,104,133,111,124,70,66,115,79,56,15,14" hai1="6,112,45,59,7,135,98,99,26,134,31,20,21" hai2="108,0,49,94,82,30,67,106,65,38,11,100,39" hai3="40,126,72,18,128,114,22,8,34,87,75,48,84"/><W101/><G18/><T51/><D70/><U88/><E112/><V90/><F49/><W19/><G19/><T91/><D111/><U42/><E59/><V43/><F67/><W86/><G75/><T95/><D116/><U122/><E21/><V9/><F65/><W102/><G72/><T36/><D56/><U76/><E76/><V27/><F108/><W29/><G34/><T28/><D28/><U23/><E23/><V41/><F94/><W132/><G40/><T71/><D71/><U5/><E122/><V62/><F62/><W16/><G8/><T129/><D79/><U120/><E120/><V78/><F90/><W64/><G114/><T53/><D95/><U125/><E88/><V3/><F82/><W109/><G102/><T89/><D91/><U63/><E63/><V80/><F80/><W123/><G101/><T1/><D89/><U97/><E125/><V119/><F78/><W127/><G127/><T60/><D124/><U85/><E85/><N who="3" m="32842" /><G64/><T110/><D66/><U105/><E105/><V130/><F100/><W93/><G93/><T103/><D104/><U92/><E92/><V33/><F106/><W46/><G46/><T74/><D51/><U68/><E68/><V13/><F13/><W4/><G48/><T2/><D14/><U118/><E118/><V25/><F119/><W77/><G77/><T107/><D15/><U37/><AGARI ba="0,0" hai="5,6,7,20,26,31,37,42,45,97,98,99,134,135" machi="37" ten="40,2700,0" yaku="0,1,52,1" doraHai="24" who="1" fromWho="1" sc="154,-7,241,27,23,-7,582,-13" owari="147,-25.3,268,6.8,16,-48.4,569,66.9" /></mjloggm>