<mjloggm ver="2.3"><GO type="41" lobby="0"/><UN n0="%E5%BC%B1%E5%B0%8F" n1="%E3%82%B8%E3%82%B0%E3%82%BD%E3%83%BC%E3%83%BC%E3%83%91%E3%82%BA%E3%83%AB" n2="%E3%81%A1%E3%82%87%E3%81%84%E3%81%A1%E3%82%87%E3%81%84" n3="%E2%93%9D%4C%75%63%6B%79%4A" dan="13,13,15,16" rate="1885.77,1998.41,1991.85,2161.19" sx="F,M,M,M"/><TAIKYOKU oya="0"/><INIT seed="0,0,0,0,3,83" ten="250,250,250,250" oya="0" hai0="31,106,133,102,36,70,7,82,17,56,74,33,68" hai1="14,9,39,16,126,52,20,15,90,11,72,118,128" hai2="8,32,129,28,25,29,101,77,41,116,75,100,109" hai3="94,37,88,93,119,3,78,125,13,65,123,34,115"/><T40/><D133/><U81/><E118/><V104/><F109/><W91/><G3/><T124/><D124/><U12/><E126/><V19/><F129/><W117/><G34/><T69/><D106/><U23/><E39/><V10/><F116/><W111/><G37/><T122/><D102/><U105/><E105/><V80/><F41/><W64/><G125/><T60/><D122/><U113/><E128/><V103/><F104/><W45/><G78/><T66/><D7/><U2/><E2/><V4/><F10/><N who="1" m="3593" /><E72/><V42/><F42/><W71/><G45/><T51/><D33/><U114/><E113/><V54/><F54/><W108/><G13/><T50/><D31/><U120/><E120/><V85/><F28/><W132/><G123/><T110/><D17/><U24/><E114/><V89/><F19/><W47/><G47/><N who="0" m="23943" /><D82/><U1/><E1/><V0/><REACH who="2" step="1"/><F89/><REACH who="2" ten="250,250,240,250" step="2"/><W35/><G115/><T96/><D110/><U97/><E52/><V43/><F43/><W135/><G35/><T127/><D127/><U5/><E5/><V30/><F30/><W121/><G121/><T53/><D74/><AGARI ba="0,1" hai="0,4,8,25,29,32,74,75,77,80,85,100,101,103" machi="74" ten="40,2600,0" yaku="1,1,52,1,53,0" doraHai="83" doraHaiUra="131" who="2" fromWho="0" sc="250,-26,250,0,240,36,250,0" /><INIT seed="1,0,0,5,3,65" ten="224,250,276,250" oya="1" hai0="99,70,129,50,74,45,18,132,80,81,124,78,72" hai1="14,25,32,113,16,53,40,126,112,88,120,46,133" hai2="73,116,2,51,39,52,92,34,85,103,17,19,94" hai3="36,38,24,67,6,37,27,110,22,117,21,79,114"/><U23/><E120/><V121/><F39/><W26/><G114/><T128/><D124/><U35/><E126/><V90/><F73/><W87/><G6/><T100/><D132/><U28/><E133/><V101/><F121/><W111/><G67/><T130/><D18/><U106/><E106/><V75/><F75/><W86/><G79/><N who="0" m="44135" /><D50/><U105/><E105/><V64/><F34/><W33/><G33/><T119/><D45/><U76/><E76/><V44/><F2/><W102/><G102/><T98/><D119/><U20/><E53/><V8/><F116/><W125/><G125/><T12/><D12/><U0/><E0/><V82/><F64/><W108/><G117/><T107/><D99/><U109/><E109/><V104/><F104/><W118/><G118/><T54/><D54/><U131/><E131/><V89/><F82/><W63/><G63/><T115/><D115/><U7/><E7/><V3/><F3/><W127/><G127/><T13/><D13/><U48/><E35/><V41/><F41/><W56/><G56/><T77/><D77/><U60/><E60/><V31/><F31/><W4/><G4/><T15/><D15/><U97/><REACH who="1" step="1"/><E32/><REACH who="1" ten="224,240,276,250" step="2"/><V59/><F8/><W47/><G47/><T66/><D66/><U71/><E71/><AGARI ba="0,1" hai="70,71,74,78,81,98,100,107,128,129,130" m="44135" machi="71" ten="30,7700,0" yaku="19,1,23,1,52,2" doraHai="65" who="0" fromWho="1" sc="224,87,240,-77,276,0,250,0" /><INIT seed="2,0,0,4,1,91" ten="311,163,276,250" oya="2" hai0="9,27,3,134,100,102,40,62,74,17,104,85,43" hai1="106,76,44,59,14,33,87,92,10,51,6,88,105" hai2="15,98,116,86,56,53,69,133,39,64,77,48,8" hai3="7,120,81,45,1,28,108,52,73,23,12,31,123"/><V24/><F133/><W5/><G73/><T103/><D74/><U131/><E33/><V60/><F116/><W0/><G45/><T35/><D104/><U115/><E131/><V34/><F39/><W75/><G75/><T50/><D134/><U89/><E115/><V117/><F117/><W54/><G12/><T84/><D35/><U66/><E76/><V83/><F98/><W21/><REACH who="3" step="1"/><G81/><REACH who="3" ten="311,163,276,240" step="2"/><T32/><D3/><U29/><E29/><V93/><F24/><W11/><G11/><T127/><D127/><U49/><E105/><V118/><F118/><W90/><G90/><T135/><D9/><U97/><E106/><V130/><F130/><W114/><G114/><T121/><D121/><U124/><E124/><V125/><F125/><W4/><G4/><T20/><D135/><U65/><E44/><V113/><F113/><W107/><G107/><T61/><D32/><U126/><E126/><V78/><F78/><W94/><G94/><T55/><D85/><U109/><E109/><AGARI ba="0,1" hai="0,1,5,7,21,23,28,31,52,54,108,109,120,123" machi="109" ten="25,6400,0" yaku="1,1,22,2,54,1,53,0" doraHai="91" doraHaiUra="58" who="3" fromWho="1" sc="311,0,163,-64,276,0,240,74" /><INIT seed="3,0,0,1,3,121" ten="311,99,276,314" oya="3" hai0="42,48,129,58,90,3,26,124,107,55,70,1,119" hai1="4,123,31,98,127,128,108,64,84,38,92,50,118" hai2="11,16,88,24,17,22,81,117,131,113,2,52,83" hai3="78,63,134,15,29,56,111,120,43,65,6,28,5"/><W133/><G120/><T21/><D119/><U23/><E38/><V69/><F117/><W36/><G78/><T122/><D122/><U93/><E123/><V57/><F113/><W77/><G77/><T59/><D70/><U104/><E118/><V8/><F131/><W97/><G97/><T18/><D107/><U39/><E39/><V71/><F83/><W106/><G106/><T14/><D129/><U46/><E4/><N who="3" m="1642" /><G15/><T60/><D124/><U61/><E127/><V7/><F11/><W86/><G86/><T126/><D126/><U110/><E128/><V112/><F17/><W27/><G43/><T109/><D42/><U115/><E115/><V67/><F67/><W25/><G36/><T74/><D74/><U76/><E104/><V51/><REACH who="2" step="1"/><F112/><REACH who="2" ten="311,99,266,314" step="2"/><W40/><G65/><T44/><D1/><U114/><E114/><V45/><F45/><W91/><G29/><T95/><D3/><U12/><E76/><V41/><F41/><W130/><G40/><T47/><D44/><U35/><E46/><V89/><F89/><W79/><G91/><T73/><D47/><U66/><E64/><V116/><F116/><W53/><G79/><T102/><D90/><U101/><E31/><V94/><F94/><W33/><G130/><T54/><D95/><U75/><E92/><V132/><F132/><N who="3" m="50795" /><G27/><T85/><D26/><U100/><E93/><V34/><F34/><W62/><G63/><T37/><D60/><U82/><E61/><V49/><F49/><W20/><G33/><T10/><D48/><U9/><E50/><V135/><F135/><W0/><G0/><RYUUKYOKU ba="0,1" sc="311,-15,99,-15,266,15,314,15" hai2="2,7,8,16,22,24,51,52,57,69,71,81,88" hai3="20,25,28,53,56,62,111" /><INIT seed="3,1,1,3,5,105" ten="296,84,281,329" oya="3" hai0="74,2,113,116,77,5,1,119,37,19,88,130,89" hai1="57,8,97,71,106,111,83,129,4,50,120,85,132" hai2="11,32,90,125,124,112,38,135,133,78,56,58,110" hai3="20,47,115,51,86,34,39,35,15,3,101,65,91"/><W64/><G39/><T13/><D37/><U118/><E120/><V24/><F38/><W48/><G3/><T42/><D77/><U12/><E71/><V33/><F112/><W131/><G115/><T92/><D42/><U81/><E118/><V16/><F110/><W28/><G101/><T55/><D113/><U102/><E111/><V46/><F46/><W17/><G131/><T22/><D130/><U52/><E132/><N who="2" m="50763" /><F78/><W21/><G35/><N who="2" m="13385" /><F90/><W69/><G34/><T98/><D74/><U114/><E129/><V128/><F128/><W25/><G69/><T29/><D29/><U80/><REACH who="1" step="1"/><E114/><REACH who="1" ten="296,74,281,329" step="2"/><V84/><F125/><W45/><G47/><T94/><D119/><U18/><E18/><V122/><F124/><W67/><REACH who="3" step="1"/><G45/><REACH who="3" ten="296,74,281,319" step="2"/><T7/><D116/><U134/><E134/><V41/><F122/><W100/><G100/><T23/><D1/><U60/><E60/><V44/><F44/><W10/><G10/><T26/><D2/><U72/><E72/><V123/><F123/><W75/><G75/><T49/><D5/><U66/><E66/><V76/><F41/><W93/><AGARI ba="1,3" hai="15,17,20,21,25,28,48,51,64,65,67,86,91,93" machi="93" ten="30,6000,0" yaku="1,1,0,1,8,1,53,0" doraHai="105" doraHaiUra="107" who="3" fromWho="3" sc="296,-21,74,-21,281,-21,319,93" /><INIT seed="3,2,0,5,4,103" ten="275,53,260,412" oya="3" hai0="113,93,104,37,114,63,57,61,115,71,119,36,105" hai1="80,23,50,111,46,109,28,125,49,53,78,83,85" hai2="15,40,128,77,99,12,2,54,29,91,59,68,5" hai3="10,131,20,110,7,16,135,126,100,64,134,11,25"/><W132/><G64/><T127/><D119/><U38/><E125/><V98/><F68/><W27/><G100/><T34/><D34/><U58/><E38/><N who="0" m="14953" /><D127/><U74/><E28/><V117/><F2/><N who="3" m="503" /><G126/><T18/><D18/><U87/><E23/><V65/><F65/><W33/><G131/><T101/><D71/><U102/><E102/><V26/><F128/><W73/><G73/><T13/><D13/><U89/><REACH who="1" step="1"/><E74/><REACH who="1" ten="275,43,260,412" step="2"/><V129/><F129/><W116/><G116/><T62/><D57/><U55/><AGARI ba="2,1" hai="46,49,50,53,55,58,78,80,83,85,87,89,109,111" machi="55" ten="30,4000,0" yaku="1,1,2,1,0,1,53,0" doraHai="103" doraHaiUra="3" who="1" fromWho="1" sc="275,-12,43,56,260,-12,412,-22" /><INIT seed="4,0,0,4,5,88" ten="263,99,248,390" oya="0" hai0="125,112,70,118,100,103,120,67,132,65,135,33,15" hai1="27,115,19,10,108,32,2,40,91,97,44,102,83" hai2="81,34,7,49,96,114,48,56,133,46,4,55,53" hai3="123,35,54,37,128,105,93,122,111,119,21,106,110"/><T66/><D33/><U63/><E108/><N who="3" m="41514" /><G37/><T73/><D120/><N who="3" m="46121" /><G35/><T11/><D118/><U109/><E115/><V79/><F34/><W92/><G119/><T86/><D112/><U16/><E109/><V62/><F114/><W51/><G21/><T121/><D73/><U29/><E91/><V94/><F133/><N who="0" m="51274" /><D121/><U57/><E83/><V42/><F81/><W59/><G128/><T52/><D70/><U58/><E2/><V89/><F79/><W68/><G68/><T104/><D104/><AGARI ba="0,0" hai="51,54,59,92,93,104,105,106" m="46121,41514" machi="104" ten="40,5200,0" yaku="13,1,52,2" doraHai="88" who="3" fromWho="0" sc="263,-52,99,0,248,0,390,52" /><INIT seed="5,0,0,5,1,56" ten="211,99,248,442" oya="1" hai0="128,66,27,53,125,109,16,67,88,132,54,74,131" hai1="13,43,58,120,1,46,9,37,116,61,72,77,24" hai2="18,92,23,25,59,126,112,76,35,2,133,28,117" hai3="29,15,33,30,95,135,22,118,80,97,65,111,108"/><U104/><E116/><V51/><F117/><W100/><G118/><T17/><D74/><U50/><E120/><V26/><F133/><W83/><G33/><T114/><D132/><U57/><E104/><V31/><F126/><W7/><G135/><T70/><D109/><U10/><E72/><V21/><F112/><W93/><G65/><N who="0" m="24587" /><D70/><U36/><E77/><V106/><F106/><W3/><G3/><T94/><D125/><U101/><E101/><V52/><F2/><W115/><G115/><T110/><D110/><U113/><E113/><V119/><F119/><W8/><G111/><T41/><D41/><U103/><E103/><V107/><F107/><W124/><G124/><T32/><D32/><U127/><E127/><V78/><REACH who="2" step="1"/><F92/><REACH who="2" ten="211,99,238,442" step="2"/><W86/><G95/><T90/><D114/><U5/><E24/><AGARI ba="0,1" hai="18,21,23,24,25,26,28,31,35,51,52,59,76,78" machi="24" ten="30,7700,0" yaku="1,1,2,1,7,1,54,1,53,0" doraHai="56" doraHaiUra="96" who="2" fromWho="1" sc="211,0,99,-77,238,87,442,0" /><INIT seed="6,0,0,5,3,38" ten="211,22,325,442" oya="2" hai0="73,17,42,133,61,82,97,111,114,8,55,95,13" hai1="78,116,46,96,79,9,60,67,58,34,47,39,107" hai2="105,64,106,90,56,71,102,23,40,59,119,49,127" hai3="14,108,100,5,6,75,57,80,33,101,50,120,81"/><V70/><F119/><W115/><G33/><T28/><D111/><U44/><E116/><V92/><F127/><W22/><G120/><T68/><D133/><U0/><E34/><V69/><F102/><W4/><G75/><T45/><D114/><U89/><E107/><V135/><F135/><W131/><G131/><T25/><D82/><N who="3" m="31849" /><G108/><T113/><D73/><U43/><E0/><V77/><F77/><N who="1" m="29193" /><E9/><V117/><F117/><W54/><G115/><T98/><D113/><U122/><E122/><V2/><F2/><W29/><G14/><T15/><D15/><U109/><E39/><V124/><F124/><W26/><AGARI ba="0,0" hai="4,5,6,22,26,29,50,54,57,100,101" m="31849" machi="26" ten="30,1100,0" yaku="8,1" doraHai="38" who="3" fromWho="3" sc="211,-3,22,-3,325,-5,442,11" /><INIT seed="7,0,0,5,3,14" ten="208,19,320,453" oya="3" hai0="54,121,85,129,118,83,89,37,53,91,69,114,9" hai1="0,44,63,2,82,120,56,1,26,70,110,45,102" hai2="49,6,71,113,62,104,38,101,81,75,48,88,51" hai3="107,32,57,109,72,131,105,103,59,15,11,90,95"/><W111/><G72/><T122/><D118/><U124/><E56/><N who="3" m="21578" /><G103/><T19/><D69/><U65/><E26/><V61/><F38/><W10/><G32/><T3/><D37/><U76/><E102/><V87/><F113/><W16/><G11/><T47/><D114/><U98/><E98/><V127/><F127/><W60/><G60/><T73/><D129/><U5/><E63/><V55/><F6/><W78/><G78/><T68/><D68/><U52/><E70/><V46/><F75/><W123/><G123/><T99/><D73/><U31/><E5/><V106/><F62/><W93/><G95/><T130/><D130/><U94/><E94/><V30/><F30/><W134/><G134/><T17/><D3/><U125/><E76/><V25/><F104/><W33/><G33/><T24/><D122/><U64/><E120/><V50/><F101/><W34/><G34/><T132/><D132/><U80/><E52/><N who="0" m="20073" /><D121/><U126/><E31/><V23/><F106/><W22/><G131/><T43/><D43/><U108/><E80/><V28/><F71/><W77/><G77/><N who="0" m="46319" /><D99/><U79/><E82/><V42/><F61/><W36/><G36/><T8/><D47/><AGARI ba="0,0" hai="23,25,28,42,46,47,48,49,50,51,55,81,87,88" machi="47" ten="30,3900,0" yaku="7,1,8,1,54,1" doraHai="14" who="2" fromWho="0" sc="208,-39,19,0,320,39,453,0" owari="169,-23.1,19,-48.1,359,15.9,453,55.3" /></mjloggm>