<mjloggm ver="2.3"><GO type="41" lobby="0"/><UN n0="%E4%B8%BB%E5%A9%A6%E3%81%A8%E3%81%97%E5%AD%90" n1="%68%61%6E%64%79%31%30%30" n2="%4D%6F%72%69%7A%6F" n3="%E2%93%9D%4C%75%63%6B%79%4A" dan="15,14,14,17" rate="2116.46,1866.52,1979.76,2163.18" sx="M,M,M,M"/><TAIKYOKU oya="0"/><INIT seed="0,0,0,2,2,89" ten="250,250,250,250" oya="0" hai0="60,111,3,46,63,107,119,106,108,102,92,120,109" hai1="18,68,95,126,82,84,90,15,56,74,117,42,35" hai2="91,16,78,77,99,2,79,6,30,116,21,100,48" hai3="22,57,19,114,25,81,134,43,73,101,7,64,125"/><T112/><D119/><U94/><E117/><V118/><F30/><W4/><G114/><T20/><D112/><U85/><E68/><V54/><F2/><W11/><G125/><T129/><D120/><U65/><E35/><V14/><F6/><W39/><G134/><T37/><D3/><U76/><E42/><V131/><F131/><W5/><G101/><T110/><D129/><U27/><E27/><V122/><F91/><W12/><G39/><T128/><D128/><U50/><E126/><V1/><F1/><W98/><G43/><N who="0" m="22895" /><D20/><U103/><E103/><V17/><F17/><W29/><G73/><T62/><N who="0" m="27648" /><DORA hai="40" /><T55/><D55/><N who="1" m="31863" /><E65/><V58/><REACH who="2" step="1"/><F122/><REACH who="2" ten="250,250,240,250" step="2"/><W96/><G7/><T28/><D28/><U51/><E74/><V135/><F135/><W133/><G133/><T124/><D124/><U70/><E70/><V104/><AGARI ba="0,1" hai="14,16,21,48,54,58,77,78,79,99,100,104,116,118" machi="104" ten="30,12000,2" yaku="1,1,0,1,54,1,53,3" doraHai="89,40" doraHaiUra="113,13" who="2" fromWho="2" sc="250,-60,250,-30,240,130,250,-30" /><INIT seed="1,0,0,2,2,47" ten="190,220,370,220" oya="1" hai0="96,57,38,48,19,87,31,15,85,14,129,78,11" hai1="58,23,41,115,135,127,123,117,82,29,10,13,7" hai2="9,63,116,56,70,52,80,120,134,124,3,103,107" hai3="118,133,39,53,4,62,86,51,34,45,119,21,77"/><U89/><E123/><V109/><F120/><W49/><G34/><T92/><D38/><U122/><E122/><V66/><F116/><N who="3" m="44587" /><G4/><T35/><D129/><U88/><E115/><V65/><F109/><W110/><G21/><T95/><D78/><U36/><E135/><V2/><F124/><W6/><G6/><T44/><D57/><U32/><E127/><V102/><F66/><W54/><G77/><T50/><D35/><U130/><E130/><V108/><F108/><W100/><G100/><T113/><D31/><U5/><E36/><V112/><F134/><W94/><G94/><N who="0" m="35883" /><D113/><U46/><E58/><V1/><F80/><W73/><G86/><N who="0" m="32779" /><D44/><U27/><E32/><V61/><F112/><W40/><G73/><T111/><D111/><U125/><E125/><V84/><F84/><W75/><G75/><T37/><D37/><U18/><E117/><V79/><F79/><W131/><G110/><T71/><D71/><U69/><E69/><V30/><F30/><W101/><G101/><T98/><D15/><U106/><E106/><V8/><REACH who="2" step="1"/><F102/><REACH who="2" ten="190,220,360,220" step="2"/><W43/><G133/><T24/><D24/><U114/><E82/><V128/><F128/><W105/><G131/><T121/><D121/><U26/><E114/><V60/><F60/><W42/><G62/><T67/><D67/><U76/><E76/><V55/><F55/><N who="3" m="21003" /><G105/><T91/><D91/><N who="1" m="34891" /><E27/><V99/><AGARI ba="0,1" hai="1,2,3,8,9,52,56,61,63,65,70,99,103,107" machi="99" ten="40,5200,0" yaku="1,1,0,1,54,1,53,0" doraHai="47" doraHaiUra="20" who="2" fromWho="2" sc="190,-13,220,-26,360,62,220,-13" /><INIT seed="2,0,0,2,0,41" ten="177,194,422,207" oya="2" hai0="74,5,37,25,112,107,99,29,76,119,14,53,22" hai1="83,106,93,40,56,82,85,6,113,2,61,51,81" hai2="114,132,117,122,21,71,89,50,48,97,0,28,98" hai3="9,111,131,101,75,68,58,65,45,7,104,102,116"/><V38/><F122/><W73/><G116/><T24/><D112/><U69/><E106/><V42/><F0/><W16/><G68/><T19/><D119/><U59/><E113/><V39/><F117/><W118/><G118/><T87/><D37/><U26/><E2/><V49/><F71/><W34/><G34/><T62/><D74/><U54/><E6/><V70/><F70/><W92/><G104/><T96/><D107/><U94/><E69/><V108/><F114/><W3/><G111/><T129/><D5/><U80/><E40/><V109/><F89/><W63/><G131/><T17/><D129/><U126/><E126/><V115/><F115/><W121/><G121/><T35/><D87/><U64/><REACH who="1" step="1"/><E26/><REACH who="1" ten="177,184,422,207" step="2"/><N who="2" m="16463" /><F42/><W123/><G123/><T86/><D25/><U130/><E130/><V134/><F39/><W55/><G3/><T110/><D24/><U4/><E4/><V23/><F38/><W91/><G7/><T13/><D35/><U90/><AGARI ba="0,1" hai="51,54,56,59,61,64,80,81,82,83,85,90,93,94" machi="90" ten="30,4000,0" yaku="1,1,0,1,8,1,53,0" doraHai="41" doraHaiUra="33" who="1" fromWho="1" sc="177,-10,184,50,422,-20,207,-10" /><INIT seed="3,0,0,4,1,124" ten="167,234,402,197" oya="3" hai0="26,35,65,8,33,104,9,70,59,88,39,53,127" hai1="38,113,52,12,41,133,98,6,114,21,2,42,66" hai2="22,28,58,107,112,25,118,16,47,71,131,46,86" hai3="31,123,29,117,36,120,27,50,14,61,34,3,100"/><W69/><G117/><T5/><D127/><U67/><E133/><V82/><F131/><W89/><G36/><T93/><D104/><U10/><E98/><V95/><F107/><W74/><G74/><T23/><D39/><U96/><E96/><V115/><F71/><W103/><G3/><T81/><D70/><U94/><E94/><V68/><F68/><W24/><G14/><T63/><D81/><U128/><E38/><V130/><F130/><W111/><G50/><T106/><D106/><U102/><E102/><V126/><F126/><W119/><G119/><T109/><D65/><U18/><E128/><V122/><F118/><W79/><G79/><T4/><D109/><U1/><E1/><V132/><F122/><W44/><G44/><T64/><D64/><U80/><E66/><V83/><F132/><W62/><G69/><T32/><D9/><U30/><E67/><V40/><F58/><W0/><G0/><T108/><D8/><U110/><E110/><V116/><F47/><W87/><G87/><T76/><D76/><U105/><E105/><V43/><F116/><W54/><G54/><T57/><D57/><U129/><E80/><V17/><F115/><W121/><G89/><T84/><REACH who="0" step="1"/><D108/><REACH who="0" ten="157,234,402,197" step="2"/><U7/><E129/><V85/><F46/><W45/><G45/><T101/><D101/><N who="3" m="38985" /><G111/><T11/><D11/><U13/><E2/><V97/><F43/><N who="1" m="16393" /><E6/><V75/><F40/><W37/><G37/><T55/><D55/><U56/><E114/><V92/><F112/><W48/><G123/><T60/><D60/><N who="3" m="23145" /><G48/><T20/><D20/><U78/><E113/><RYUUKYOKU ba="0,1" sc="157,15,234,-15,402,-15,197,15" hai0="4,5,23,26,32,33,35,53,59,63,84,88,93" hai3="24,27,29,31,34,120,121" /><INIT seed="3,1,1,1,1,15" ten="172,219,387,212" oya="3" hai0="90,79,9,56,36,103,42,51,3,82,33,12,2" hai1="78,94,61,109,50,37,72,45,26,11,5,75,59" hai2="112,29,93,117,127,131,31,41,62,126,44,80,64" hai3="47,100,53,108,63,18,124,46,55,10,69,84,30"/><W105/><G30/><T96/><D33/><U122/><E109/><V52/><F112/><W74/><G74/><T101/><D36/><U91/><E122/><V40/><F117/><W4/><G105/><T22/><D22/><U20/><E37/><V97/><F131/><W27/><G100/><T123/><D123/><U119/><E78/><V120/><F80/><W107/><G107/><T83/><D83/><U49/><E49/><N who="2" m="28711" /><F120/><W106/><G124/><N who="2" m="47657" /><F31/><W99/><G108/><T25/><D25/><U66/><E119/><V1/><F1/><W121/><G47/><T16/><D90/><U118/><E118/><V67/><F29/><W92/><G46/><T73/><D103/><U14/><E94/><V128/><F128/><W114/><G114/><T7/><D42/><N who="2" m="16490" /><F62/><W39/><G63/><T77/><D77/><U115/><E91/><AGARI ba="1,1" hai="64,67,91,93,97" m="16490,47657,28711" machi="91" ten="30,2000,0" yaku="18,1,54,1" doraHai="15" who="2" fromWho="1" sc="172,0,219,-23,387,33,212,0" /><INIT seed="4,0,0,2,0,61" ten="172,196,420,212" oya="0" hai0="109,3,43,101,77,100,124,22,29,18,1,93,113" hai1="115,19,133,129,41,108,21,132,119,123,51,12,5" hai2="97,83,33,47,70,24,23,30,37,50,53,73,94" hai3="116,91,54,31,86,85,27,20,4,110,64,57,99"/><T126/><D113/><U72/><E51/><V38/><F70/><W79/><G110/><T130/><D109/><U11/><E41/><V25/><F73/><W120/><G116/><T98/><D130/><U16/><E72/><V46/><F83/><W105/><G4/><T90/><D29/><U60/><E60/><V26/><F47/><W65/><G120/><T92/><D43/><U49/><E49/><V74/><F74/><W42/><G105/><T34/><D34/><U131/><E108/><V117/><F26/><W102/><G102/><T39/><D39/><U32/><E119/><V134/><F134/><N who="1" m="51817" /><E32/><V84/><F84/><N who="3" m="32363" /><G79/><T9/><D77/><U76/><E76/><V0/><F0/><W14/><G14/><T44/><D44/><U81/><E81/><V106/><F106/><W71/><G71/><T111/><D111/><U103/><E103/><V104/><F104/><W69/><G69/><T122/><D101/><U128/><E123/><V68/><F68/><W40/><G42/><T7/><D122/><U75/><E75/><V82/><F82/><W48/><G40/><T13/><REACH who="0" step="1"/><D1/><REACH who="0" ten="162,196,420,212" step="2"/><N who="1" m="431" /><E115/><V56/><F117/><W58/><G58/><T78/><D78/><U114/><E114/><V2/><F2/><W59/><G59/><T66/><D66/><U36/><E36/><V112/><F56/><W88/><G99/><AGARI ba="0,1" hai="3,7,9,13,18,22,90,92,93,98,99,100,124,126" machi="99" ten="40,3900,0" yaku="1,1,53,1" doraHai="61" doraHaiUra="6" who="0" fromWho="3" sc="162,49,196,0,420,0,212,-39" /><INIT seed="4,1,0,3,4,72" ten="211,196,420,173" oya="0" hai0="124,65,58,109,45,120,47,9,113,105,82,11,52" hai1="26,32,60,12,19,87,42,92,108,112,69,46,68" hai2="127,15,5,37,134,30,8,106,14,128,79,74,93" hai3="75,53,21,29,115,95,102,34,104,96,119,94,86"/><T20/><D120/><U3/><E108/><V129/><F106/><W33/><G119/><T23/><D109/><U48/><E3/><V2/><F37/><W78/><G53/><T132/><D105/><U36/><E112/><V0/><F93/><W123/><G21/><N who="0" m="8267" /><D113/><U110/><E110/><V90/><F90/><N who="3" m="53719" /><G115/><T63/><D124/><U103/><E36/><V67/><F74/><W133/><G29/><T54/><D132/><U107/><E107/><V131/><F79/><W117/><G117/><T51/><D82/><U97/><E87/><V125/><F67/><W1/><G1/><N who="2" m="617" /><F30/><W43/><G123/><T31/><D31/><U13/><E32/><V84/><F84/><W44/><G94/><T64/><D64/><U39/><E39/><V71/><F71/><W18/><G133/><T100/><D100/><U80/><E80/><V24/><F24/><W101/><G102/><T40/><D40/><U116/><E116/><V77/><F134/><W126/><G126/><T7/><D7/><U59/><E68/><V99/><F5/><W76/><G75/><T41/><D41/><U49/><E69/><V16/><F127/><W50/><G18/><T85/><D85/><U130/><E130/><V88/><F125/><W28/><G28/><T83/><D83/><U118/><E118/><V10/><F16/><W114/><G114/><T22/><N who="0" m="8275" /><T38/><DORA hai="89" /><D38/><U35/><E35/><V56/><F131/><W6/><G6/><T122/><D122/><U27/><E19/><N who="2" m="8647" /><F129/><W25/><G34/><T55/><D65/><N who="1" m="39071" /><E49/><AGARI ba="1,0" hai="9,11,45,47,49,51,52,54,55,58,63" m="8275" machi="49" ten="30,2900,0" yaku="8,1,54,1" doraHai="72,89" who="0" fromWho="1" sc="211,32,196,-32,420,0,173,0" /><INIT seed="4,2,0,2,3,25" ten="243,164,420,173" oya="0" hai0="119,105,20,69,67,76,59,98,10,50,106,56,79" hai1="129,78,29,90,55,58,11,16,108,107,66,34,54" hai2="43,24,8,85,114,86,19,91,51,60,72,68,0" hai3="70,87,2,126,32,64,39,124,5,99,30,113,65"/><T95/><D119/><U41/><E107/><V1/><F72/><W80/><G39/><T112/><D112/><U89/><E108/><V45/><F114/><W31/><G113/><T75/><D69/><U94/><E129/><V35/><F8/><N who="3" m="2103" /><G99/><T12/><D75/><U131/><E78/><V135/><F135/><W101/><G101/><T48/><D20/><U62/><E131/><V122/><F19/><W74/><G74/><T3/><D3/><U6/><E41/><V27/><F24/><W15/><G15/><T133/><D133/><U123/><E123/><V120/><F86/><W7/><G7/><T93/><D12/><N who="1" m="7199" /><E34/><V47/><F35/><W63/><G65/><T4/><D67/><U81/><E6/><V14/><F27/><W53/><G53/><N who="1" m="19978" /><E81/><V97/><F47/><W71/><G71/><T132/><D4/><U83/><E83/><V61/><F61/><W128/><G32/><T22/><D132/><U117/><E117/><V92/><F14/><W100/><G100/><T110/><D10/><U84/><E90/><V73/><F73/><W9/><G9/><T104/><D104/><U36/><E36/><V40/><F40/><W28/><G128/><T82/><D106/><U17/><E17/><V118/><F118/><W88/><G31/><AGARI ba="2,0" hai="29,31,58,62,66,84,89,94" m="19978,7199" machi="31" ten="30,7700,0" yaku="8,1,52,2,54,1" doraHai="25" who="1" fromWho="3" sc="243,0,164,83,420,0,173,-83" /><INIT seed="5,0,0,2,4,119" ten="243,247,420,90" oya="1" hai0="114,135,10,55,129,133,92,95,0,78,71,90,27" hai1="115,86,122,63,47,50,128,67,57,18,87,5,43" hai2="49,126,102,64,7,91,98,9,41,120,112,22,42" hai3="75,32,94,61,134,127,99,24,30,44,107,88,73"/><U17/><E122/><V110/><F110/><W85/><G127/><T69/><D114/><U16/><E115/><V34/><F34/><W6/><G134/><N who="0" m="51211" /><D78/><U104/><E104/><V58/><F120/><W121/><G121/><T13/><D0/><U4/><E128/><V100/><F126/><W21/><G6/><AGARI ba="0,0" hai="4,5,6,16,17,18,43,47,50,57,63,67,86,87" machi="6" ten="40,3900,0" yaku="8,1,54,1" doraHai="119" who="1" fromWho="3" sc="243,0,247,39,420,0,90,-39" /><INIT seed="5,1,0,5,2,57" ten="243,286,420,51" oya="1" hai0="86,44,28,53,75,26,56,24,13,20,116,54,132" hai1="94,124,82,10,69,85,64,93,50,27,109,41,107" hai2="135,113,7,120,61,74,68,30,70,131,37,114,46" hai3="111,66,83,88,99,6,49,104,29,105,87,106,2"/><U92/><E107/><V48/><F120/><W4/><G111/><T112/><D112/><N who="2" m="43114" /><F74/><W14/><G2/><T71/><D71/><U80/><E109/><V79/><F79/><W91/><G29/><T101/><D132/><U108/><E108/><V19/><F37/><W23/><G66/><T59/><D75/><U119/><E119/><V40/><F135/><W38/><G38/><T97/><D44/><U127/><E27/><V25/><F19/><W129/><G129/><T31/><D86/><U76/><E10/><V123/><F123/><W55/><G23/><T122/><D13/><U84/><E50/><V12/><F61/><W133/><G133/><T65/><D116/><U47/><E47/><V90/><F90/><W36/><G36/><T78/><D78/><U45/><E45/><V33/><F131/><W98/><G91/><T17/><D122/><U130/><E41/><V126/><F126/><N who="1" m="48169" /><E64/><V11/><AGARI ba="1,0" hai="7,11,12,25,30,33,40,46,48,68,70" m="43114" machi="11" ten="30,2000,0" yaku="15,1,11,1" doraHai="57" who="2" fromWho="2" sc="243,-6,286,-11,420,23,51,-6" /><INIT seed="6,0,0,4,5,68" ten="237,275,443,45" oya="2" hai0="69,7,107,44,19,34,13,53,28,61,65,49,10" hai1="52,79,33,35,14,9,94,71,25,15,112,51,103" hai2="118,27,29,46,100,75,37,41,58,54,129,0,114" hai3="63,93,8,128,134,6,39,4,18,48,89,20,120"/><V21/><F129/><W121/><G128/><T126/><D126/><U17/><E71/><V88/><F75/><W117/><G117/><T83/><D107/><U122/><E79/><V96/><F114/><W77/><G134/><T3/><D34/><U102/><E122/><V31/><F0/><W64/><G48/><T91/><D28/><U67/><E112/><V84/><F118/><W124/><G77/><T76/><D91/><U23/><E67/><V92/><F29/><W104/><G104/><T1/><REACH who="0" step="1"/><D7/><REACH who="0" ten="227,275,443,45" step="2"/><N who="1" m="3391" /><E35/><V62/><F100/><W123/><G124/><T130/><D130/><U133/><E33/><V99/><AGARI ba="0,1" hai="21,27,31,37,41,46,54,58,62,84,88,92,96,99" machi="99" ten="30,6000,0" yaku="0,1,52,1,54,1" doraHai="68" who="2" fromWho="2" sc="227,-20,275,-20,443,70,45,-20" /><INIT seed="6,1,0,5,5,48" ten="207,255,513,25" oya="2" hai0="25,103,15,90,10,86,59,69,53,31,63,108,43" hai1="78,93,30,132,74,49,126,106,88,29,60,16,110" hai2="92,40,7,130,18,102,94,37,72,81,50,101,133" hai3="112,4,91,44,39,107,55,123,62,22,13,111,135"/><V24/><F37/><W3/><G123/><T35/><D108/><U129/><E110/><V5/><F130/><W38/><G107/><T89/><D69/><U42/><E106/><V73/><F50/><W127/><G3/><T104/><D43/><U58/><E129/><V11/><F40/><W47/><G127/><T21/><D104/><U27/><E132/><V56/><F133/><W134/><G4/><T87/><D103/><U121/><E121/><V117/><F56/><W28/><G28/><T75/><D75/><U32/><E74/><V64/><F64/><W82/><G112/><T67/><D35/><U61/><E78/><V109/><F117/><W52/><G111/><T34/><D34/><U118/><E118/><V54/><F81/><W116/><G116/><T1/><D1/><U84/><E126/><V97/><F24/><W23/><G82/><T51/><D87/><U41/><E32/><V9/><F18/><W66/><G66/><T17/><D86/><U12/><E42/><V83/><F83/><W36/><G39/><T8/><D8/><U79/><E27/><V98/><F109/><W114/><G114/><T128/><D128/><U45/><E79/><V120/><REACH who="2" step="1"/><F54/><REACH who="2" ten="207,255,503,25" step="2"/><W33/><G55/><T95/><D51/><U77/><E77/><V68/><F68/><W14/><G135/><T20/><D67/><U125/><E125/><V105/><F105/><W113/><G134/><T80/><D80/><U57/><E57/><V119/><F119/><W46/><G38/><T26/><D95/><U6/><E58/><V122/><AGARI ba="1,1" hai="5,7,9,11,72,73,92,94,97,98,101,102,120,122" machi="122" ten="25,9600,0" yaku="1,1,0,1,22,2,53,0" doraHai="48" doraHaiUra="65" who="2" fromWho="2" sc="207,-33,255,-33,503,109,25,-33" owari="174,-22.6,222,2.2,612,71.2,-8,-50.8" /></mjloggm>