<mjloggm ver="2.3"><GO type="41" lobby="0"/><UN n0="%E2%93%9D%4C%75%63%6B%79%4A" n1="%E3%81%AA%E3%81%8A" n2="%E3%83%AA%E3%83%BC%E3%83%85%E3%83%A2%E3%82%A4%E3%83%83%E3%83%91%E3%83%84" n3="%E3%81%A0%E3%81%84%E3%81%BF%E3%82%93%E3%81%8B%E3%82%93" dan="17,15,13,14" rate="2162.63,1954.20,1849.51,1930.04" sx="M,F,M,M"/><TAIKYOKU oya="0"/><INIT seed="0,0,0,5,4,98" ten="250,250,250,250" oya="0" hai0="107,36,34,90,26,89,45,114,50,108,29,3,51" hai1="134,78,61,53,87,75,115,42,93,65,73,79,9" hai2="103,52,0,1,105,19,24,94,135,59,131,12,37" hai3="16,68,5,41,128,2,123,80,14,113,126,38,83"/><T84/><D114/><U121/><E121/><V69/><F37/><W31/><G113/><T132/><D3/><U88/><E115/><V18/><F69/><W86/><G68/><T40/><D132/><U28/><E134/><V48/><F131/><W27/><G126/><T122/><D122/><U127/><E127/><V66/><F105/><W23/><G128/><T102/><D90/><U64/><E42/><V55/><F66/><W111/><G111/><T120/><D120/><U110/><E110/><V33/><F135/><W124/><G124/><T7/><D7/><U97/><E28/><V106/><F106/><W20/><G123/><T130/><D130/><U46/><E73/><V104/><F104/><W117/><G117/><T17/><D17/><U22/><E75/><V6/><F6/><W77/><G83/><T49/><D108/><U4/><E22/><V8/><F55/><W39/><REACH who="3" step="1"/><G41/><REACH who="3" ten="250,250,250,240" step="2"/><T47/><D40/><U32/><E32/><V56/><F56/><W30/><G30/><T76/><D29/><U100/><E46/><V71/><F71/><W99/><G99/><T85/><D47/><U54/><E78/><V119/><F119/><W63/><G63/><T81/><D76/><U35/><E79/><V109/><F109/><W116/><G116/><T10/><D81/><N who="1" m="49263" /><E61/><V60/><F60/><W44/><G44/><T112/><D112/><U125/><E35/><V15/><F59/><W67/><G67/><N who="1" m="25674" /><E125/><V72/><F52/><W91/><G91/><T25/><D89/><U101/><E101/><V11/><F48/><N who="0" m="18474" /><D45/><U21/><E54/><V13/><F33/><RYUUKYOKU ba="0,1" sc="250,-10,250,-10,250,-10,240,30" hai3="2,5,14,16,20,23,27,31,38,39,77,80,86" /><INIT seed="1,1,1,2,5,119" ten="240,240,240,270" oya="1" hai0="126,89,63,94,68,130,51,86,13,40,76,91,6" hai1="52,131,36,69,56,42,31,112,88,10,9,65,62" hai2="8,47,135,38,100,24,107,16,124,15,21,77,101" hai3="57,60,72,58,134,85,120,22,96,70,45,26,37"/><U1/><E131/><V54/><F135/><W114/><G72/><T103/><D130/><U25/><E112/><V66/><F124/><W84/><G114/><T93/><D68/><U122/><E122/><V44/><F107/><W46/><G70/><T97/><D63/><U20/><E1/><V133/><F133/><W87/><G134/><T79/><D40/><U129/><E129/><V35/><F35/><W11/><G120/><T49/><D51/><U80/><E80/><V14/><F66/><W32/><G32/><T12/><D49/><N who="1" m="30735" /><E88/><V27/><F77/><N who="0" m="29770" /><D6/><U41/><E41/><V34/><F34/><W3/><G3/><T81/><D126/><U71/><E71/><V82/><F38/><W61/><G37/><T5/><D5/><U117/><E117/><V123/><F123/><W73/><G73/><T99/><AGARI ba="1,1" hai="12,13,81,86,89,91,93,94,97,99,103" m="29770" machi="99" ten="30,1100,0" yaku="8,1" doraHai="119" who="0" fromWho="0" sc="240,24,240,-6,240,-4,270,-4" /><INIT seed="2,0,0,5,5,98" ten="264,234,236,266" oya="2" hai0="32,40,124,80,133,37,3,12,125,31,55,101,134" hai1="53,38,57,54,48,20,34,17,96,87,74,25,64" hai2="73,44,56,16,86,8,7,82,1,29,21,116,69" hai3="24,14,128,100,33,78,60,95,0,104,19,41,65"/><V45/><F69/><W70/><G0/><T2/><D55/><U68/><E38/><V129/><F73/><W51/><G128/><T79/><D12/><U118/><E118/><V99/><F129/><W22/><G78/><T18/><D18/><U109/><E109/><V47/><F29/><W77/><G77/><T123/><D123/><U23/><E74/><V92/><F56/><W27/><G104/><T28/><D40/><U11/><E11/><V81/><F86/><W75/><G33/><T76/><D37/><U119/><E119/><V88/><REACH who="2" step="1"/><F116/><REACH who="2" ten="264,234,226,266" step="2"/><W59/><G75/><T72/><D72/><U130/><E130/><V49/><F49/><W50/><G50/><T9/><D31/><U107/><E87/><V94/><F94/><W93/><G93/><T114/><D28/><U61/><E34/><V112/><F112/><W66/><G70/><T131/><D32/><U30/><E107/><V39/><F39/><W105/><G105/><T63/><D131/><U135/><E135/><V113/><F113/><W111/><G51/><T90/><D114/><U42/><E42/><V67/><F67/><W46/><G66/><T62/><D134/><U127/><E127/><V5/><F5/><W84/><G84/><T71/><D133/><U52/><REACH who="1" step="1"/><E96/><REACH who="1" ten="264,224,226,266" step="2"/><V132/><F132/><W85/><G85/><T36/><D36/><U83/><E83/><V91/><F91/><W26/><G41/><T126/><D90/><U4/><E4/><V103/><F103/><W102/><G100/><T122/><D101/><U110/><E110/><V15/><AGARI ba="0,2" hai="1,7,8,15,16,21,44,45,47,81,82,88,92,99" machi="15" ten="30,11700,0" yaku="1,1,0,1,54,2,53,0" doraHai="98" doraHaiUra="117" who="2" fromWho="2" sc="264,-39,224,-39,226,137,266,-39" /><INIT seed="2,1,0,0,4,126" ten="225,185,363,227" oya="2" hai0="5,41,120,90,114,11,28,86,43,56,66,52,91" hai1="97,0,40,21,59,102,100,51,132,95,122,16,50" hai2="60,9,32,101,30,7,27,109,117,116,64,103,19" hai3="15,10,78,39,128,93,53,65,61,31,74,49,131"/><V88/><F109/><W46/><G74/><T134/><D120/><U58/><E132/><V23/><F117/><W18/><G78/><T14/><D114/><U29/><E0/><V77/><F77/><W13/><G31/><T6/><D66/><U1/><E1/><V2/><F116/><W38/><G93/><T70/><D70/><U125/><E125/><V107/><F88/><W124/><G13/><T48/><D134/><U22/><E122/><V130/><F130/><N who="3" m="49707" /><G124/><T89/><D28/><U98/><E29/><V82/><F82/><W54/><G53/><T68/><D68/><AGARI ba="1,0" hai="10,15,18,38,39,46,49,54,61,65,68" m="49707" machi="68" ten="30,7700,0" yaku="19,1,52,3" doraHai="126" who="3" fromWho="0" sc="225,-80,185,0,363,0,227,80" /><INIT seed="3,0,0,0,4,112" ten="145,185,363,307" oya="3" hai0="76,55,31,53,27,122,80,16,132,18,125,81,47" hai1="43,56,39,121,94,96,90,131,63,101,54,99,93" hai2="129,105,126,92,110,8,42,48,106,0,4,77,95" hai3="7,102,38,23,74,44,84,49,108,20,34,14,46"/><W30/><G74/><T52/><D122/><U36/><E131/><V79/><F129/><W45/><G34/><T75/><D125/><U21/><E121/><V58/><F126/><W73/><G73/><T33/><D132/><U107/><E43/><V69/><F69/><W71/><G71/><T29/><D31/><U40/><E40/><V70/><F70/><W35/><G35/><T104/><D104/><U28/><E107/><V32/><F32/><W117/><G38/><T37/><REACH who="0" step="1"/><D81/><REACH who="0" ten="135,185,363,307" step="2"/><U66/><E54/><V51/><F42/><AGARI ba="0,1" hai="16,18,27,29,33,37,42,47,52,53,55,75,76,80" machi="42" ten="40,8000,1" yaku="1,1,2,1,54,2,53,0" doraHai="112" doraHaiUra="61" who="0" fromWho="2" sc="135,90,185,0,363,-80,307,0" /><INIT seed="4,0,0,3,3,89" ten="225,185,283,307" oya="0" hai0="19,41,1,114,21,67,98,115,93,30,7,95,55" hai1="96,135,52,83,121,113,108,58,23,125,13,38,127" hai2="57,112,26,106,59,79,53,122,42,63,82,128,84" hai3="49,9,119,51,46,0,68,118,75,72,43,34,3"/><T20/><D41/><U88/><E108/><V2/><F2/><W25/><G9/><N who="0" m="2287" /><D67/><U14/><E121/><V104/><F128/><W36/><G43/><T33/><D21/><U107/><E113/><N who="0" m="43017" /><D98/><U103/><E135/><V17/><F122/><W90/><G36/><T4/><D4/><U35/><E35/><V74/><F112/><W111/><G34/><T22/><D22/><U78/><E38/><V109/><F109/><W18/><G111/><T10/><D10/><U117/><E117/><V134/><F134/><W71/><G119/><T61/><D61/><U86/><E23/><V60/><F42/><W50/><G118/><T101/><D101/><U132/><E132/><V48/><F48/><W16/><G51/><T120/><D55/><U47/><E47/><V5/><F5/><W45/><REACH who="3" step="1"/><G90/><REACH who="3" ten="225,185,283,297" step="2"/><T76/><D120/><U40/><E40/><V124/><F124/><N who="1" m="47689" /><E78/><V64/><F74/><W31/><G31/><T80/><D30/><U69/><E69/><V129/><F129/><W110/><G110/><T97/><D33/><U105/><E105/><V66/><F53/><W37/><G37/><T131/><D131/><U92/><E107/><V54/><F54/><W102/><G102/><T116/><D116/><U29/><E29/><V70/><F70/><W27/><AGARI ba="0,1" hai="0,3,16,18,25,27,45,46,49,50,68,71,72,75" machi="27" ten="25,8000,1" yaku="1,1,0,1,22,2,54,1,53,0" doraHai="89" doraHaiUra="81" who="3" fromWho="3" sc="225,-40,185,-20,283,-20,297,90" /><INIT seed="5,0,0,1,5,122" ten="185,165,263,387" oya="1" hai0="70,43,82,28,10,3,112,56,130,95,7,60,114" hai1="92,5,115,105,100,41,107,19,46,42,57,97,40" hai2="64,51,131,2,123,121,76,99,69,49,116,14,68" hai3="109,110,88,16,117,22,12,86,4,38,103,85,119"/><U34/><E34/><V73/><F2/><W71/><G38/><T87/><D70/><U84/><E115/><V79/><F99/><W54/><G71/><T35/><D43/><U48/><E5/><V75/><F14/><W129/><G103/><T53/><D130/><U63/><E105/><V44/><F131/><W13/><G129/><T59/><D95/><U30/><E30/><V77/><F116/><N who="3" m="44619" /><G54/><T93/><D93/><U67/><E107/><V133/><F133/><W45/><G45/><T128/><D128/><U90/><REACH who="1" step="1"/><E19/><REACH who="1" ten="185,155,263,387" step="2"/><V120/><F64/><W8/><G86/><T26/><D114/><U50/><E50/><V96/><F44/><W23/><G4/><T106/><D106/><U132/><E132/><V29/><F29/><W126/><G16/><T104/><D104/><U52/><E52/><V0/><F0/><W25/><G85/><T127/><D87/><U9/><E9/><V113/><F113/><W27/><G8/><T18/><D112/><U6/><E6/><V83/><F96/><W24/><G23/><T1/><D3/><U78/><E78/><V33/><F33/><W65/><G22/><T80/><D18/><U101/><E101/><V36/><F36/><W94/><G65/><T102/><D102/><U61/><E61/><V37/><F37/><W17/><G17/><T66/><REACH who="0" step="1"/><D127/><REACH who="0" ten="175,155,263,387" step="2"/><U81/><AGARI ba="0,2" hai="40,41,42,46,48,57,63,67,81,84,90,92,97,100" machi="81" ten="20,12000,1" yaku="1,1,0,1,7,1,8,1,53,1" doraHai="122" doraHaiUra="91" who="1" fromWho="1" sc="175,-40,155,140,263,-40,387,-40" /><INIT seed="5,1,0,5,2,64" ten="135,295,223,347" oya="1" hai0="115,18,96,10,117,65,0,42,109,37,130,88,73" hai1="118,90,13,57,112,91,26,114,45,6,51,77,132" hai2="94,127,97,66,49,100,128,74,50,22,60,24,19" hai3="14,36,116,62,3,23,15,32,12,38,72,53,98"/><U104/><E104/><V39/><F39/><W9/><G3/><T21/><D109/><U71/><E71/><V11/><F74/><W5/><G32/><T125/><D117/><U131/><E118/><V40/><F128/><W56/><G72/><T79/><D115/><N who="1" m="44075" /><E131/><V28/><F127/><W34/><G34/><T17/><D65/><U101/><E101/><V27/><F40/><W126/><G126/><T124/><D130/><U85/><E132/><V47/><F47/><W58/><G116/><T122/><D122/><U55/><E26/><V75/><F75/><W68/><G68/><T43/><D73/><U83/><E57/><V20/><REACH who="2" step="1"/><F11/><AGARI ba="1,0" hai="6,11,13,45,51,55,77,83,85,90,91" m="44075" machi="11" ten="30,1500,0" yaku="15,1" doraHai="64" who="1" fromWho="2" sc="135,0,295,18,223,-18,347,0" /><INIT seed="5,2,0,3,5,80" ten="135,313,205,347" oya="1" hai0="113,76,118,28,90,97,70,34,85,104,25,133,130" hai1="55,101,83,57,65,5,134,87,68,61,0,109,49" hai2="86,132,84,129,56,131,43,38,20,69,26,73,27" hai3="19,72,36,75,116,21,18,64,126,53,79,32,96"/><U1/><E134/><V128/><F69/><W78/><G53/><T62/><D133/><U11/><E109/><V31/><F73/><W52/><G52/><T29/><D113/><U47/><E101/><V35/><F132/><W94/><G21/><T105/><D118/><U66/><E0/><V2/><F2/><W60/><G94/><T4/><D130/><U82/><E82/><V39/><F56/><W50/><G36/><N who="2" m="13865" /><F43/><W135/><G135/><T15/><D29/><AGARI ba="2,0" hai="20,26,27,29,31,35,84,86,128,129,131" m="13865" machi="29" ten="40,5200,0" yaku="19,1,52,2" doraHai="80" who="2" fromWho="0" sc="135,-58,313,0,205,58,347,0" /><INIT seed="6,0,0,1,0,83" ten="77,313,263,347" oya="2" hai0="16,104,23,80,64,61,55,24,103,17,54,66,63" hai1="42,12,74,90,1,106,111,86,36,97,118,58,84" hai2="40,107,65,26,52,33,76,37,13,71,127,62,93" hai3="117,131,70,91,57,113,99,124,100,122,82,95,45"/><V72/><F107/><W25/><G70/><T59/><D104/><U89/><E111/><V68/><F68/><W96/><G117/><T50/><D103/><U88/><E1/><V75/><F127/><W60/><G122/><T8/><D80/><U78/><E36/><V3/><F33/><W32/><G131/><T46/><D8/><U73/><E42/><V87/><F26/><W43/><G124/><T20/><REACH who="0" step="1"/><D63/><REACH who="0" ten="67,313,263,347" step="2"/><U129/><E129/><V132/><F93/><W125/><G95/><T41/><D41/><U2/><E2/><V9/><F3/><W128/><G43/><T14/><AGARI ba="0,1" hai="14,16,17,20,23,24,46,50,54,55,59,61,64,66" machi="14" ten="20,12000,2" yaku="1,1,0,1,7,1,8,1,54,1,53,1" doraHai="83" doraHaiUra="53" who="0" fromWho="0" sc="67,130,313,-30,263,-60,347,-30" /><INIT seed="7,0,0,1,2,59" ten="197,283,203,317" oya="3" hai0="1,89,43,74,129,100,91,62,118,8,87,27,113" hai1="83,36,104,57,85,105,34,20,24,71,108,90,49" hai2="30,116,63,97,40,67,117,127,12,60,123,47,121" hai3="16,38,18,22,65,14,50,44,73,58,7,68,32"/><W126/><G73/><T96/><D74/><U111/><E71/><V9/><F30/><W28/><G32/><T70/><D118/><N who="2" m="45674" /><F97/><W4/><G38/><T130/><D43/><U35/><E36/><N who="2" m="21895" /><F9/><W125/><G28/><T15/><D113/><U122/><E122/><N who="2" m="46603" /><F12/><W80/><G14/><T75/><D75/><U77/><E35/><V110/><F110/><W114/><G22/><T6/><D27/><U135/><E34/><V72/><F72/><W120/><G4/><T131/><D15/><U112/><E104/><V21/><F21/><W79/><G7/><T19/><D19/><U115/><E105/><V54/><F127/><W81/><G126/><T76/><D76/><U101/><E101/><V61/><F54/><W45/><G79/><T98/><D100/><U17/><E111/><V3/><F3/><W82/><G125/><T103/><D103/><U48/><E108/><V64/><AGARI ba="0,0" hai="60,61,63,64,67" m="46603,21895,45674" machi="64" ten="40,12000,2" yaku="13,1,34,2,52,3" doraHai="59" who="2" fromWho="2" sc="197,-30,283,-30,203,120,317,-60" owari="167,-33.3,253,-14.7,323,42.3,257,5.7" /></mjloggm>