<mjloggm ver="2.3"><GO type="41" lobby="0"/><UN n0="%E2%93%9D%4C%75%63%6B%79%4A" n1="%78%78%71%77%62%6A%66%79" n2="%4A%75%6C%79%7A%32" n3="%2D%E6%84%9B%E5%AE%95%E7%B5%B9%E6%81%B5%2D" dan="18,15,13,15" rate="2202.37,1960.33,1872.20,2045.18" sx="M,M,M,M"/><TAIKYOKU oya="0"/><INIT seed="0,0,0,4,1,77" ten="250,250,250,250" oya="0" hai0="121,126,41,11,95,129,101,0,88,92,81,100,7" hai1="103,76,1,5,36,17,19,130,48,50,86,110,9" hai2="51,56,84,45,64,21,117,69,82,68,131,38,25" hai3="6,29,34,70,114,20,115,35,116,113,24,31,134"/><T49/><D121/><U37/><E110/><V53/><F131/><W16/><G70/><T111/><D129/><U89/><E130/><V26/><F117/><W106/><G106/><T4/><D111/><U93/><E17/><V99/><F99/><W105/><G105/><T71/><D71/><U85/><E103/><N who="0" m="39497" /><D0/><U67/><E67/><V74/><F74/><W118/><G134/><T30/><D30/><N who="3" m="11273" /><G6/><N who="0" m="2091" /><D126/><U108/><E108/><V15/><F15/><W98/><G98/><T94/><D11/><U132/><E132/><V112/><F21/><W27/><G27/><T63/><D63/><U8/><E37/><V43/><F112/><W60/><G60/><T97/><D41/><U87/><E36/><V80/><F69/><W57/><G57/><T42/><D42/><U83/><REACH who="1" step="1"/><E86/><REACH who="1" ten="250,240,250,250" step="2"/><V33/><F84/><W127/><G127/><T120/><D120/><U3/><E3/><V13/><F13/><AGARI ba="0,1" hai="1,5,8,9,13,19,48,50,76,83,85,87,89,93" machi="13" ten="40,5200,0" yaku="1,1,52,1,53,1" doraHai="77" doraHaiUra="10" who="1" fromWho="2" sc="250,0,240,62,250,-52,250,0" /><INIT seed="1,0,0,5,4,63" ten="250,302,198,250" oya="1" hai0="13,16,22,1,99,41,54,19,130,122,93,131,110" hai1="113,2,31,62,101,21,50,40,126,76,111,114,20" hai2="102,8,125,118,38,117,46,27,96,89,57,104,107" hai3="79,74,58,11,86,83,32,5,112,18,115,84,116"/><U97/><E2/><V12/><F125/><W35/><G116/><T94/><D1/><U119/><E126/><V71/><F71/><W105/><G105/><T6/><D41/><U90/><E119/><V135/><F135/><W48/><G18/><T0/><D110/><U92/><E76/><V26/><F117/><W3/><G48/><T60/><D122/><U75/><E75/><V49/><F118/><W29/><G58/><T45/><D19/><U124/><E124/><V10/><F107/><W64/><G64/><T30/><D30/><U44/><E111/><V98/><F38/><W82/><G74/><T23/><D23/><U132/><E132/><V28/><F57/><W52/><G52/><T42/><D54/><U47/><E47/><V43/><F27/><W80/><G80/><T128/><D60/><U134/><E134/><V17/><F89/><W59/><G59/><T7/><D0/><U77/><E77/><V65/><F96/><W34/><G29/><T103/><REACH who="0" step="1"/><D94/><REACH who="0" ten="240,302,198,250" step="2"/><U51/><E21/><V85/><F8/><W61/><G61/><T9/><D9/><U53/><E62/><V24/><F28/><W56/><G3/><T120/><D120/><U69/><E31/><V25/><F65/><W66/><G11/><T88/><D88/><U39/><E90/><V67/><F67/><W73/><G66/><T55/><D55/><U68/><E20/><V108/><F108/><W121/><G121/><T36/><AGARI ba="0,1" hai="6,7,13,16,22,36,42,45,93,99,103,128,130,131" machi="36" ten="30,7900,0" yaku="1,1,0,1,19,1,54,1,53,0" doraHai="63" doraHaiUra="87" who="0" fromWho="0" sc="240,89,302,-39,198,-20,250,-20" /><INIT seed="2,0,0,0,3,102" ten="329,263,178,230" oya="2" hai0="47,41,25,66,20,11,4,62,48,104,80,67,111" hai1="51,130,26,73,32,91,133,87,120,89,29,55,19" hai2="126,43,60,110,129,45,99,34,81,69,22,84,117" hai3="53,70,77,109,30,114,36,63,113,122,1,56,93"/><V21/><F117/><W72/><G122/><T38/><D111/><U78/><E130/><V121/><F121/><W17/><G109/><T39/><D67/><U101/><E133/><V14/><F129/><W61/><G1/><T42/><D80/><U134/><E134/><V96/><F110/><W131/><G131/><T90/><D90/><U18/><E120/><V108/><F108/><W46/><G30/><T124/><D124/><U135/><E135/><V44/><F34/><W50/><G93/><T125/><D42/><U64/><E64/><V23/><F126/><W35/><G35/><T82/><D82/><U128/><E128/><V79/><F69/><W57/><G17/><T100/><D125/><U10/><E73/><V86/><F60/><W119/><G119/><T13/><D100/><U8/><E78/><V107/><F84/><W118/><G118/><T92/><D92/><U65/><E65/><V15/><F45/><W6/><G6/><T132/><D104/><U103/><E103/><V98/><REACH who="2" step="1"/><F107/><REACH who="2" ten="329,263,168,230" step="2"/><W127/><G70/><T106/><D106/><U33/><E87/><V83/><F83/><N who="3" m="45479" /><G127/><T24/><D132/><U27/><E33/><V88/><F88/><W115/><G56/><T49/><D47/><N who="1" m="28159" /><E101/><V9/><F9/><W94/><G94/><T3/><D11/><N who="1" m="4139" /><E91/><V75/><F75/><W52/><G63/><T112/><D62/><U74/><E89/><V40/><F40/><W97/><G97/><T71/><D71/><U116/><E74/><V7/><F7/><W16/><G114/><T31/><D112/><U68/><E68/><V123/><F123/><RYUUKYOKU ba="0,1" sc="329,-10,263,-10,168,30,230,-10" hai2="14,15,21,22,23,43,44,79,81,86,96,98,99" /><INIT seed="2,1,1,4,1,97" ten="319,253,198,220" oya="2" hai0="93,125,6,71,114,9,98,105,89,87,135,31,15" hai1="115,111,63,67,99,90,43,50,21,130,112,62,25" hai2="57,75,68,32,38,26,82,104,47,116,23,24,7" hai3="94,131,22,61,92,34,107,102,66,33,126,123,0"/><V69/><F116/><W12/><G123/><T30/><D114/><U56/><E111/><V17/><F7/><W95/><G0/><T74/><D71/><U134/><E134/><V14/><F104/><W117/><G117/><T86/><D74/><U55/><E130/><V81/><F26/><W48/><G131/><T54/><D125/><U124/><E124/><V79/><F81/><W72/><G72/><T45/><D135/><U119/><E119/><V128/><F128/><W133/><G126/><T16/><D105/><U77/><E77/><V127/><F127/><W49/><G133/><T11/><D45/><U3/><E3/><V70/><F57/><W73/><G73/><T80/><D54/><U122/><E122/><V129/><F129/><W118/><G118/><T51/><D51/><U85/><E99/><V2/><F2/><W52/><G107/><T113/><D113/><U13/><E43/><V100/><F100/><W121/><G121/><T19/><D87/><U44/><E63/><V5/><F5/><W20/><G102/><N who="0" m="60751" /><D11/><U110/><E110/><V41/><REACH who="2" step="1"/><F32/><REACH who="2" ten="319,253,188,220" step="2"/><W109/><G34/><T40/><D40/><U10/><E112/><V91/><F91/><W29/><G33/><T65/><D65/><U35/><E115/><V84/><F84/><W36/><G66/><T37/><D6/><N who="1" m="3287" /><E35/><V108/><F108/><W18/><G109/><T42/><D86/><U78/><E90/><V101/><F101/><W96/><G96/><T53/><D89/><U83/><E25/><V120/><F120/><W4/><G4/><T58/><D80/><U8/><E67/><RYUUKYOKU ba="1,2" sc="319,-10,253,-10,188,30,220,-10" hai2="14,17,23,24,38,41,47,68,69,70,75,79,82" /><INIT seed="2,2,2,3,0,10" ten="309,243,218,210" oya="2" hai0="124,116,60,75,33,15,25,32,130,119,77,72,125" hai1="44,87,86,54,47,8,93,117,46,96,48,73,74" hai2="57,123,85,27,59,29,80,16,121,17,134,0,14" hai3="61,18,90,78,100,62,108,113,4,68,21,43,118"/><V1/><F134/><W70/><G118/><N who="0" m="45099" /><D77/><U13/><E117/><V132/><F132/><W26/><G108/><T103/><D103/><N who="1" m="60815" /><E74/><N who="0" m="28201" /><D25/><U92/><E73/><V99/><F0/><W111/><G111/><T36/><D36/><U79/><E92/><V101/><F1/><W37/><G113/><T45/><D45/><N who="1" m="17515" /><E79/><V53/><F121/><W82/><G78/><T12/><D60/><U22/><E22/><N who="2" m="15607" /><F123/><W9/><G100/><T65/><D65/><U19/><AGARI ba="2,2" hai="8,13,19,47,48,54,86,87" m="17515,60815" machi="19" ten="30,2000,0" yaku="8,1,52,1" doraHai="10" who="1" fromWho="1" sc="309,-7,243,46,218,-12,210,-7" /><INIT seed="3,0,0,2,0,20" ten="302,289,206,203" oya="3" hai0="135,44,5,14,28,27,8,66,57,52,46,2,31" hai1="48,110,69,106,126,34,41,43,63,101,59,129,83" hai2="58,130,118,74,37,119,26,84,85,10,75,15,29" hai3="96,50,107,97,60,24,0,104,79,109,22,102,47"/><W122/><G122/><T128/><D128/><U62/><E34/><V12/><F37/><W32/><G109/><T68/><D31/><U23/><E110/><V18/><F130/><W90/><G0/><T4/><D68/><U33/><E33/><V113/><F113/><W115/><G32/><T80/><D66/><U117/><E129/><V111/><F111/><W64/><G115/><T114/><D114/><U53/><E83/><V1/><F1/><W54/><G79/><T92/><D135/><U108/><E108/><V7/><F74/><W35/><G35/><T19/><D92/><U16/><E126/><V40/><F40/><W36/><G36/><T9/><D80/><U56/><E69/><V134/><F75/><W73/><G73/><T38/><D38/><U124/><E124/><V105/><F105/><W72/><G72/><T88/><D88/><U89/><E117/><V49/><F134/><W91/><G96/><T94/><D94/><U100/><E89/><V98/><F98/><W95/><G107/><T11/><D11/><U76/><E76/><V123/><F123/><W71/><REACH who="3" step="1"/><G104/><REACH who="3" ten="302,289,206,193" step="2"/><T112/><D112/><U30/><E106/><V39/><F39/><W78/><G78/><T45/><D2/><U132/><E132/><V6/><F118/><W87/><G87/><T93/><D9/><U17/><E101/><V86/><F119/><W61/><G61/><N who="0" m="36007" /><D93/><U25/><E100/><V127/><F127/><W103/><G103/><T120/><D120/><U133/><E133/><V77/><F77/><W99/><G99/><T131/><D131/><U55/><E63/><RYUUKYOKU ba="0,1" sc="302,10,289,10,206,-30,193,10" hai0="4,5,8,14,19,27,28,44,45,46" hai1="16,17,23,25,30,41,43,48,53,55,56,59,62" hai3="22,24,47,50,54,60,64,71,90,91,95,97,102" /><INIT seed="3,1,1,0,0,43" ten="312,299,176,203" oya="3" hai0="131,42,15,25,119,45,47,70,76,116,117,44,132" hai1="82,134,91,99,56,2,123,17,118,53,75,94,31" hai2="40,1,11,106,20,113,103,111,77,83,114,89,78" hai3="22,33,13,101,80,112,26,8,12,128,74,122,67"/><W28/><G112/><T52/><D76/><U49/><E123/><V19/><F111/><W4/><G122/><T73/><D73/><U54/><E134/><V96/><F1/><W93/><G128/><T24/><D70/><U65/><E118/><V125/><F11/><W79/><G67/><T97/><D42/><U69/><E2/><V21/><F21/><W55/><G55/><T5/><D132/><U72/><E31/><V120/><F120/><W110/><G110/><T92/><D131/><U63/><E82/><V38/><F125/><W23/><REACH who="3" step="1"/><G12/><REACH who="3" ten="312,299,176,193" step="2"/><T41/><D41/><U100/><E53/><V58/><F113/><W129/><G129/><T115/><D115/><U59/><E69/><V104/><F40/><W57/><G57/><T87/><D52/><U102/><E59/><V6/><F58/><W61/><G61/><T64/><D64/><U88/><E65/><V84/><F114/><W39/><G39/><T85/><D15/><U48/><E63/><V62/><F38/><W32/><G32/><T36/><D36/><U86/><E49/><V29/><F62/><W16/><G16/><T109/><D109/><U30/><E17/><V124/><F19/><W105/><G105/><T14/><D14/><U90/><E56/><V95/><F124/><W66/><G66/><T135/><D135/><U3/><E54/><V98/><F6/><W7/><G7/><T81/><D5/><U35/><E35/><V133/><F133/><W121/><G121/><T68/><D68/><U9/><E48/><V50/><F106/><W37/><G37/><T71/><D71/><RYUUKYOKU ba="1,2" sc="312,-10,299,-10,176,-10,193,30" hai3="4,8,13,22,23,26,28,33,74,79,80,93,101" /><INIT seed="3,2,2,5,1,36" ten="302,289,166,223" oya="3" hai0="61,8,130,68,26,112,4,102,132,108,59,95,23" hai1="103,17,76,122,37,133,38,60,89,7,50,82,97" hai2="77,105,123,70,87,28,14,24,44,115,29,20,75" hai3="124,94,15,106,73,111,110,113,129,42,109,84,74"/><W88/><G113/><T135/><D112/><U51/><E122/><V3/><F115/><W11/><G129/><T116/><D68/><U34/><E34/><V96/><F123/><W91/><G124/><T126/><D116/><U55/><E133/><N who="0" m="51273" /><D130/><U21/><E7/><V63/><F3/><W49/><G106/><T99/><D108/><U58/><E38/><V18/><F75/><W45/><G91/><T86/><D86/><N who="1" m="48455" /><E37/><V71/><F28/><W22/><REACH who="3" step="1"/><G22/><REACH who="3" ten="302,289,166,213" step="2"/><T40/><D23/><U83/><E89/><V31/><F105/><W119/><G119/><T33/><D126/><U93/><E83/><V114/><F114/><W41/><G41/><T98/><D40/><U43/><E43/><V27/><F77/><W10/><G10/><T53/><D33/><U117/><E117/><V1/><F1/><W0/><G0/><N who="0" m="7" /><D99/><U9/><E9/><V57/><F96/><W90/><G90/><T125/><D125/><U2/><E2/><V25/><F20/><W128/><G128/><T100/><D26/><AGARI ba="2,3" hai="17,21,26,50,51,55,58,60,93,97,103" m="48455" machi="26" ten="30,1000,0" yaku="8,1" doraHai="36" who="1" fromWho="0" sc="302,-16,289,46,166,0,213,0" /><INIT seed="4,0,0,5,0,46" ten="286,335,166,213" oya="0" hai0="90,122,58,89,39,98,69,92,59,95,61,76,28" hai1="107,10,91,120,124,132,34,105,75,70,8,131,38" hai2="73,99,84,101,103,71,20,68,42,32,36,64,100" hai3="106,119,56,86,1,129,65,29,4,48,109,24,35"/><T78/><D122/><U50/><RYUUKYOKU type="yao9" ba="0,0" sc="286,0,335,0,166,0,213,0" hai1="8,10,34,38,50,70,75,91,105,107,120,124,131,132" /><INIT seed="4,1,0,0,4,68" ten="286,335,166,213" oya="0" hai0="13,131,110,7,63,115,53,65,78,60,17,42,44" hai1="73,38,101,83,109,118,57,132,3,48,20,107,113" hai2="94,72,69,134,126,26,89,58,119,74,70,120,31" hai3="93,77,41,125,99,52,54,130,128,5,96,121,15"/><T117/><D117/><U39/><E109/><V36/><F120/><W11/><G121/><T66/><D7/><U103/><E118/><V21/><F119/><W108/><G108/><T18/><D110/><U67/><E3/><V104/><F104/><W33/><G33/><T55/><D78/><U46/><E132/><V71/><F134/><W27/><G125/><T95/><D95/><U37/><E107/><V85/><F126/><W47/><G27/><T56/><D18/><U25/><E113/><V1/><F1/><W61/><G77/><T9/><D131/><N who="3" m="50217" /><G61/><T92/><D92/><U6/><E6/><V75/><REACH who="2" step="1"/><F58/><REACH who="2" ten="286,335,156,213" step="2"/><W122/><G122/><T30/><D115/><U23/><E57/><V135/><F135/><W2/><G2/><T124/><D124/><U64/><E103/><V12/><F12/><W35/><G35/><T28/><D66/><U91/><E101/><V19/><F19/><W14/><G15/><T24/><D63/><U111/><E111/><V50/><F50/><N who="3" m="26991" /><G99/><T100/><D30/><U79/><E67/><V8/><F8/><W116/><G116/><T81/><D9/><U22/><E64/><V98/><F98/><W0/><G0/><T80/><D13/><U43/><REACH who="1" step="1"/><E91/><AGARI ba="1,1" hai="5,11,14,52,54,91,93,96" m="26991,50217" machi="91" ten="30,2000,0" yaku="19,1,54,1" doraHai="68" who="3" fromWho="1" sc="286,0,335,-23,156,0,213,33" /><INIT seed="5,0,0,3,4,9" ten="286,312,156,246" oya="1" hai0="126,93,24,100,88,102,127,5,14,44,118,17,117" hai1="7,129,109,57,35,48,73,124,76,46,42,50,0" hai2="56,19,3,98,85,121,131,95,31,54,60,104,2" hai3="28,80,106,123,81,108,16,29,110,135,103,133,120"/><U51/><E35/><V92/><F121/><W84/><G103/><N who="0" m="39467" /><D44/><U45/><E124/><N who="0" m="47657" /><D24/><U116/><E116/><V33/><F104/><W105/><G84/><N who="0" m="52359" /><D5/><U8/><E129/><V43/><F131/><W112/><REACH who="3" step="1"/><G16/><REACH who="3" ten="286,312,156,236" step="2"/><T77/><D77/><U82/><E109/><V36/><F19/><W74/><G74/><T130/><D130/><U107/><E107/><V86/><F31/><W26/><G26/><T12/><D17/><U83/><E76/><V68/><F85/><W134/><G134/><T32/><D32/><U13/><E73/><V30/><F86/><W25/><G25/><T128/><D128/><U72/><E72/><V70/><F33/><W71/><G71/><T20/><D20/><U67/><E0/><V58/><F2/><W113/><AGARI ba="0,1" hai="28,29,80,81,105,106,108,110,112,113,120,123,133,135" machi="113" ten="25,6400,0" yaku="1,1,0,1,22,2,53,0" doraHai="9" doraHaiUra="75" who="3" fromWho="3" sc="286,-16,312,-32,156,-16,236,74" /><INIT seed="6,0,0,2,1,61" ten="270,280,140,310" oya="2" hai0="113,87,91,70,71,99,115,30,134,83,14,46,25" hai1="39,45,29,34,80,101,76,53,85,130,133,47,73" hai2="36,35,100,42,64,69,105,121,56,17,112,55,50" hai3="65,11,119,38,60,72,84,68,57,135,16,20,126"/><V49/><F35/><W86/><G119/><T78/><D14/><U94/><E130/><V33/><F33/><W27/><G72/><T1/><D1/><U40/><E133/><V114/><F17/><W116/><G135/><T48/><D99/><U23/><E34/><V118/><F100/><W82/><G116/><T58/><D58/><U96/><E47/><N who="2" m="24007" /><F105/><W108/><G108/><T77/><D71/><U124/><E124/><V9/><F9/><W2/><G126/><T97/><D70/><U107/><E53/><N who="2" m="31791" /><F121/><W6/><G38/><T19/><D19/><U15/><E15/><V75/><F75/><W104/><G104/><T21/><D97/><U79/><E79/><V13/><F13/><W59/><G86/><T132/><D134/><U54/><E23/><V131/><F131/><W10/><G11/><T122/><D122/><U117/><E29/><V24/><F24/><W95/><G95/><T102/><D102/><U120/><E117/><V41/><F41/><W44/><G44/><T88/><D78/><AGARI ba="0,0" hai="2,6,10,16,20,27,57,59,60,65,68,78,82,84" machi="78" ten="30,3900,0" yaku="7,1,52,1,54,1" doraHai="61" who="3" fromWho="0" sc="270,-39,280,0,140,0,310,39" /><INIT seed="7,0,0,0,3,103" ten="231,280,140,349" oya="3" hai0="129,126,84,78,112,131,4,106,34,11,102,12,101" hai1="65,39,97,90,81,52,85,24,51,60,66,89,20" hai2="135,48,123,124,77,47,56,37,76,9,57,110,50" hai3="92,91,104,33,55,99,13,108,73,2,93,36,116"/><W86/><G2/><T117/><D117/><U54/><E39/><V120/><F9/><W94/><G33/><T118/><D118/><U59/><E97/><V115/><F110/><W27/><G116/><T125/><D34/><U122/><E89/><V58/><F115/><W44/><G108/><T69/><D69/><U132/><E132/><V53/><F76/><W43/><G73/><T5/><D112/><U16/><E122/><N who="2" m="46635" /><F77/><W72/><G72/><T134/><D134/><U14/><E24/><V7/><F7/><W98/><G27/><T88/><D78/><U119/><E119/><V35/><F35/><W29/><G29/><T26/><D26/><U87/><E85/><V67/><F135/><W31/><G31/><T128/><D5/><U133/><E133/><V70/><F124/><N who="0" m="47722" /><D106/><U23/><E23/><V121/><N who="2" m="46643" /><V41/><DORA hai="17" /><F50/><W95/><G36/><T19/><D4/><U8/><E8/><V96/><F96/><W83/><G98/><T64/><D64/><U109/><E109/><V62/><AGARI ba="0,0" hai="37,41,47,48,53,56,57,58,62,67,70" m="46643" machi="62" ten="40,8000,1" yaku="24,1,13,1,34,2" doraHai="103,17" who="2" fromWho="2" sc="231,-20,280,-20,140,80,349,-40" owari="211,-28.9,260,6.0,220,-18.0,309,40.9" /></mjloggm>