<mjloggm ver="2.3"><GO type="41" lobby="0"/><UN n0="%73%65%61%73%74%6F%72%79" n1="%E3%83%8F%E3%83%83%E3%82%B7%E3%83%83%E3%82%B7%E3%83%BC" n2="%54%72%69%73%61" n3="%E2%93%9D%4C%75%63%6B%79%4A" dan="14,13,14,18" rate="1952.04,1916.25,1959.61,2222.47" sx="M,M,M,M"/><TAIKYOKU oya="0"/><INIT seed="0,0,0,5,3,42" ten="250,250,250,250" oya="0" hai0="126,6,120,131,21,109,67,59,113,135,64,105,75" hai1="112,37,39,44,85,81,106,92,71,16,32,15,89" hai2="103,99,73,1,40,18,47,115,130,97,4,77,90" hai3="107,11,49,2,17,69,29,43,46,119,51,27,122"/><T101/><D6/><U8/><E106/><N who="2" m="63855" /><F18/><W125/><G119/><T65/><D75/><U93/><E71/><V5/><F5/><W94/><G125/><T20/><D120/><U95/><E32/><V111/><F99/><W13/><G122/><T133/><D113/><U34/><E34/><V30/><F30/><W53/><G69/><T50/><D126/><U118/><E118/><V134/><F115/><W127/><G107/><T35/><D35/><U33/><E33/><V79/><F79/><W117/><G2/><T128/><D101/><U57/><E57/><V132/><F90/><W110/><G127/><T104/><D109/><U84/><E112/><V61/><F61/><W0/><G110/><T123/><D123/><U54/><REACH who="1" step="1"/><E85/><REACH who="1" ten="250,240,250,250" step="2"/><V83/><F111/><W7/><G117/><T28/><D59/><U116/><E116/><V38/><F130/><N who="0" m="49706" /><D28/><U24/><E24/><V10/><AGARI ba="0,1" hai="1,4,10,38,40,47,73,77,83,132,134" m="63855" machi="10" ten="30,4000,0" yaku="25,1,23,1,52,1" doraHai="42" who="2" fromWho="2" sc="250,-20,240,-10,250,50,250,-10" /><INIT seed="1,0,0,0,3,79" ten="230,230,300,240" oya="1" hai0="33,39,84,95,83,68,111,75,35,56,73,22,26" hai1="21,135,54,124,94,77,114,127,100,134,67,1,71" hai2="106,88,132,20,99,113,36,76,23,10,37,93,0" hai3="28,74,80,12,70,29,42,64,19,48,126,4,105"/><U45/><E114/><V87/><F132/><N who="1" m="50729" /><E1/><V62/><F113/><W16/><G105/><T50/><D68/><U25/><E71/><V98/><F62/><W109/><G109/><T85/><D39/><U91/><E67/><V2/><F106/><W40/><G126/><N who="1" m="48170" /><E45/><V104/><F104/><W128/><G128/><T119/><D111/><U116/><E54/><V65/><F65/><W107/><G107/><T47/><D56/><U3/><E3/><V120/><F120/><W34/><G34/><T8/><D8/><U118/><E100/><V49/><F49/><W51/><G64/><T7/><D7/><U13/><E13/><V44/><F0/><W43/><G70/><T31/><D35/><U9/><E9/><V32/><F32/><W110/><G4/><T60/><D60/><U96/><E77/><V97/><F36/><W55/><G51/><T89/><D33/><U38/><E38/><V61/><F61/><W53/><G55/><T58/><D58/><U59/><E59/><V6/><F76/><N who="3" m="44055" /><G53/><T30/><D30/><AGARI ba="0,0" hai="21,25,30,91,94,96,116,118" m="48170,50729" machi="30" ten="30,2900,0" yaku="20,1,18,1" doraHai="79" who="1" fromWho="0" sc="230,-29,230,29,300,0,240,0" /><INIT seed="1,1,0,5,4,52" ten="201,259,300,240" oya="1" hai0="110,113,80,10,79,112,81,100,42,75,118,83,119" hai1="30,99,1,33,125,126,131,12,82,106,16,53,57" hai2="115,32,97,134,3,90,85,91,111,73,93,39,8" hai3="31,51,102,49,15,133,132,0,84,129,14,37,22"/><U124/><E1/><V135/><F32/><W21/><G37/><T17/><D42/><U27/><E82/><N who="0" m="31849" /><D17/><U44/><E44/><V130/><F39/><W74/><G102/><T108/><D10/><N who="1" m="6167" /><E99/><V34/><F34/><W116/><G0/><T41/><D100/><U47/><E47/><V109/><F8/><W61/><G116/><N who="0" m="44587" /><D41/><U101/><E101/><V24/><F24/><W72/><G61/><T35/><D35/><U95/><E95/><N who="2" m="54735" /><F3/><W4/><G4/><T26/><D26/><U43/><E43/><V89/><F73/><W105/><G74/><T87/><D75/><U13/><E13/><V71/><F71/><W67/><G72/><T128/><D128/><U23/><E106/><V55/><F55/><W50/><G105/><T77/><D77/><U121/><E121/><V28/><F130/><W54/><G129/><T45/><D45/><U20/><E131/><V78/><F78/><W25/><G15/><T114/><AGARI ba="1,0" hai="79,83,87,108,110,112,113,114" m="44587,31849" machi="114" ten="40,2700,0" yaku="34,2" doraHai="52" who="0" fromWho="0" sc="201,30,259,-14,300,-8,240,-8" /><INIT seed="2,0,0,0,4,104" ten="231,245,292,232" oya="2" hai0="59,71,15,114,33,21,134,22,32,98,18,16,2" hai1="56,65,99,41,110,6,53,79,40,63,131,113,82" hai2="105,77,78,100,120,47,129,5,4,44,38,103,128" hai3="0,135,101,86,132,106,60,51,87,62,11,68,117"/><V119/><F105/><W43/><G117/><T12/><D71/><U30/><E110/><V95/><F95/><W93/><G0/><T122/><D114/><U66/><E113/><V81/><F81/><W127/><G11/><T76/><D76/><U52/><E30/><V102/><F38/><W35/><G35/><T64/><D122/><U17/><E6/><N who="2" m="2667" /><F120/><W74/><G127/><T23/><D2/><U83/><E99/><V112/><F112/><W55/><G43/><T75/><D75/><U118/><E131/><N who="2" m="50251" /><F119/><W126/><G93/><T97/><D134/><N who="3" m="51241" /><G126/><T69/><D69/><U123/><E123/><V7/><N who="2" m="2675" /><V14/><DORA hai="19" /><F14/><W37/><G37/><T50/><D33/><U57/><E79/><AGARI ba="0,0" hai="44,47,77,78,79,100,102,103" m="50251,2675" machi="79" ten="40,7700,0" yaku="28,2,19,1" doraHai="104,19" who="2" fromWho="1" sc="231,0,245,-77,292,77,232,0" /><INIT seed="2,1,0,2,5,15" ten="231,168,369,232" oya="2" hai0="20,91,98,68,97,8,30,16,95,104,113,52,92" hai1="81,86,23,121,11,79,6,117,51,100,72,61,0" hai2="47,35,119,83,94,93,76,50,7,66,17,39,36" hai3="80,25,127,110,13,105,101,65,107,24,106,89,82"/><V129/><F35/><W120/><G120/><T135/><D68/><U40/><E121/><V112/><F112/><W122/><G122/><T87/><D113/><U48/><E117/><V4/><F119/><W37/><G37/><T54/><D135/><U124/><E124/><V58/><F129/><W26/><G101/><T29/><D104/><U34/><E34/><V90/><F39/><W12/><G65/><T42/><D42/><U10/><E100/><V41/><F93/><W53/><G110/><T21/><D8/><U27/><E11/><V77/><F77/><W75/><G53/><N who="0" m="20587" /><D21/><U1/><E0/><V88/><F17/><W134/><G134/><T43/><D43/><U5/><E5/><N who="2" m="2123" /><F94/><W46/><G127/><T111/><D111/><U19/><E61/><N who="2" m="38199" /><F36/><W67/><G107/><T96/><D95/><U126/><E126/><V9/><F9/><W45/><G106/><T32/><D32/><U123/><E123/><V49/><F49/><W114/><G105/><T71/><D71/><U59/><E86/><AGARI ba="1,0" hai="41,47,50,76,83,86,88,90" m="38199,2123" machi="86" ten="30,2900,0" yaku="8,1,54,1" doraHai="15" who="2" fromWho="1" sc="231,0,168,-32,369,32,232,0" /><INIT seed="2,2,0,2,1,27" ten="231,136,401,232" oya="2" hai0="113,48,62,31,23,95,0,32,117,106,77,25,118" hai1="107,3,13,93,19,79,98,108,12,35,109,83,10" hai2="65,4,50,9,66,5,63,78,8,42,105,7,1" hai3="37,76,11,14,60,96,89,132,94,126,102,57,36"/><V82/><F105/><W70/><G70/><T46/><D106/><U84/><E35/><V6/><F65/><W34/><G132/><T135/><D0/><U2/><E107/><V75/><F50/><W129/><G129/><T18/><D135/><U58/><E13/><V121/><F121/><W26/><G76/><T16/><D113/><U91/><REACH who="1" step="1"/><E58/><REACH who="1" ten="231,126,401,232" step="2"/><V72/><F42/><W38/><G34/><T125/><D32/><U22/><E22/><V74/><REACH who="2" step="1"/><F8/><REACH who="2" ten="231,126,391,232" step="2"/><W85/><G11/><T104/><D104/><U114/><E114/><V131/><F131/><W47/><G38/><T120/><D120/><U100/><E100/><V39/><F39/><W54/><G37/><T17/><D118/><U73/><E73/><V90/><F90/><W127/><G89/><T111/><D117/><U21/><E21/><V88/><F88/><W134/><G102/><T28/><D77/><U119/><E119/><V52/><F52/><W81/><G54/><T59/><D23/><U128/><E128/><V133/><F133/><W30/><G134/><T44/><D59/><AGARI ba="2,2" hai="1,4,5,6,7,9,59,63,66,72,74,75,78,82" machi="59" ten="40,2000,0" yaku="1,1,53,0" doraHai="27" doraHaiUra="101" who="2" fromWho="0" sc="231,-26,126,0,391,46,232,0" /><INIT seed="2,3,0,5,3,82" ten="205,126,437,232" oya="2" hai0="88,103,129,46,39,76,85,69,27,95,100,56,71" hai1="18,34,73,10,0,24,28,32,31,99,58,25,89" hai2="43,66,33,38,123,92,113,105,135,36,52,45,17" hai3="19,81,8,79,22,15,44,21,2,97,50,118,84"/><V26/><F113/><W87/><G118/><T124/><D129/><U127/><E73/><V3/><F123/><W16/><G2/><T112/><D112/><U134/><E58/><V128/><F3/><W12/><G97/><T64/><D124/><U59/><E127/><V120/><F120/><W83/><G8/><T117/><D117/><U67/><E67/><V42/><F105/><W35/><G35/><N who="1" m="13354" /><E59/><V60/><F128/><W90/><G44/><T122/><D122/><U54/><E54/><V110/><F135/><W37/><G37/><N who="2" m="14441" /><F17/><W101/><G50/><T126/><D126/><U14/><E89/><V77/><F77/><W49/><G49/><T78/><D71/><U86/><E86/><V7/><F7/><W104/><G104/><T102/><D69/><U94/><E94/><V91/><F26/><N who="1" m="10345" /><E99/><V75/><F33/><W29/><G29/><N who="1" m="11338" /><E134/><V130/><F75/><W108/><G101/><T74/><D74/><U40/><E40/><N who="2" m="15403" /><F130/><W63/><G63/><T131/><D131/><U116/><E116/><V6/><F45/><W115/><G115/><T65/><D46/><U1/><AGARI ba="3,0" hai="0,1,10,14,18" m="11338,10345,13354" machi="1" ten="40,8000,1" yaku="35,5" doraHai="82" who="1" fromWho="1" sc="205,-23,126,89,437,-43,232,-23" /><INIT seed="3,0,0,4,2,97" ten="182,215,394,209" oya="3" hai0="44,122,80,89,98,28,105,3,104,75,39,26,36" hai1="114,4,83,13,54,100,82,41,25,70,124,121,107" hai2="12,85,60,116,125,103,38,47,130,35,99,37,8" hai3="21,106,134,58,45,33,129,63,32,23,108,5,132"/><W79/><G79/><T126/><D122/><U77/><E121/><V95/><F116/><W29/><G106/><T135/><D3/><U0/><E0/><V69/><F125/><W46/><G5/><T18/><D126/><U31/><E31/><V68/><F35/><W7/><G7/><T11/><D135/><N who="3" m="51753" /><G129/><T128/><D128/><U72/><E70/><V51/><F69/><W84/><G84/><T61/><D61/><U24/><E54/><V87/><F87/><W62/><G108/><T112/><D112/><U113/><E41/><V93/><F130/><W40/><G63/><T27/><D27/><U81/><E4/><V92/><F60/><W133/><N who="3" m="51761" /><W76/><DORA hai="67" /><G76/><T48/><D105/><U64/><E13/><V56/><F85/><W49/><G46/><T6/><D75/><U119/><E64/><V65/><F47/><W15/><G15/><T16/><D80/><U20/><E24/><V9/><F12/><W120/><G120/><T88/><D36/><U57/><E119/><V94/><F37/><W71/><G71/><T22/><D39/><U115/><E124/><V117/><F38/><W74/><G74/><T14/><D104/><U78/><E57/><V131/><F117/><W19/><G19/><N who="0" m="7211" /><D98/><N who="1" m="61847" /><E72/><V127/><F127/><W86/><G86/><T30/><D30/><U59/><E59/><V55/><F131/><W118/><G118/><T53/><AGARI ba="0,0" hai="6,11,14,22,26,28,44,48,53,88,89" m="7211" machi="53" ten="30,4000,0" yaku="8,1,54,2" doraHai="97,67" who="0" fromWho="0" sc="182,40,215,-10,394,-10,209,-20" /><INIT seed="4,0,0,5,5,46" ten="222,205,384,189" oya="0" hai0="61,12,3,70,23,71,67,79,48,87,81,58,86" hai1="62,41,11,51,99,14,0,108,116,8,132,59,65" hai2="63,124,80,13,5,97,73,74,123,66,134,38,4" hai3="77,29,72,93,121,42,43,127,135,68,39,89,131"/><T25/><D3/><U113/><E108/><V90/><F38/><W20/><G68/><T102/><D102/><U7/><E116/><V110/><F123/><W104/><G39/><T52/><D12/><U54/><E132/><V119/><F124/><W84/><G131/><T85/><REACH who="0" step="1"/><D71/><REACH who="0" ten="212,205,384,189" step="2"/><U64/><E113/><V27/><F13/><W120/><G121/><T91/><D91/><U10/><E0/><V36/><F90/><W60/><G89/><T50/><D50/><N who="1" m="31191" /><E99/><V35/><F97/><W56/><G120/><T19/><AGARI ba="0,1" hai="19,23,25,48,52,58,61,67,70,79,81,85,86,87" machi="19" ten="20,12000,1" yaku="1,1,0,1,7,1,52,1,54,1,53,0" doraHai="46" doraHaiUra="115" who="0" fromWho="0" sc="212,130,205,-40,384,-40,189,-40" /><INIT seed="4,1,0,5,0,11" ten="342,165,344,149" oya="0" hai0="22,55,111,92,0,38,51,91,63,48,62,12,33" hai1="100,16,116,27,72,103,109,77,37,119,49,107,129" hai2="17,56,96,115,59,66,73,54,35,88,83,124,85" hai3="99,34,97,69,19,71,126,123,25,14,18,21,32"/><T67/><D0/><U9/><E109/><V133/><F35/><W3/><G3/><T110/><D33/><U57/><E37/><V89/><F115/><W80/><G126/><T121/><D38/><U76/><E129/><V75/><F133/><W1/><G1/><T46/><D51/><U2/><E2/><V106/><F75/><W82/><G21/><T28/><D121/><U60/><E49/><N who="2" m="30799" /><F73/><W10/><G10/><T122/><D122/><U45/><E45/><V31/><F31/><W95/><G95/><T78/><D78/><U29/><E107/><V125/><F106/><W94/><G94/><T134/><D134/><U40/><E40/><V127/><F96/><W90/><G90/><T61/><D67/><U130/><E130/><V128/><F128/><W102/><G123/><T39/><D39/><U64/><E72/><V6/><F6/><W36/><G36/><T42/><D42/><U8/><E119/><V7/><F7/><W86/><G86/><T120/><D120/><U43/><E43/><V15/><F66/><W26/><G102/><N who="1" m="38954" /><E29/><V132/><F132/><W50/><G50/><T79/><D79/><N who="1" m="30283" /><E116/><V44/><F89/><W118/><G118/><T112/><D112/><U65/><E64/><V5/><F44/><W93/><G93/><T4/><D28/><U68/><E68/><V47/><F47/><W13/><AGARI ba="1,0" hai="13,14,18,19,25,26,32,34,69,71,80,82,97,99" machi="13" ten="25,8000,1" yaku="0,1,22,2,52,2" doraHai="11" who="3" fromWho="3" sc="342,-41,165,-21,344,-21,149,83" /><INIT seed="5,0,0,4,0,38" ten="301,144,323,232" oya="1" hai0="117,65,25,91,32,26,96,66,123,73,78,93,84" hai1="126,11,130,68,124,76,98,55,104,83,131,45,64" hai2="60,24,122,50,21,128,71,19,29,46,81,75,22" hai3="54,53,49,59,35,18,101,36,119,44,118,97,129"/><U100/><E11/><V2/><F2/><W61/><G35/><T95/><D117/><N who="3" m="44553" /><G18/><T110/><D110/><U121/><E121/><V51/><F122/><W105/><G36/><T15/><D123/><U94/><E64/><V3/><F3/><W87/><G87/><T31/><D73/><N who="1" m="43407" /><E68/><V116/><F116/><W4/><G129/><N who="1" m="49162" /><E55/><V20/><F128/><W132/><G132/><T79/><D15/><U43/><E94/><V27/><F75/><W134/><G134/><T40/><D40/><U5/><E5/><AGARI ba="0,0" hai="4,5,44,49,53,54,59,61,97,101,105" m="44553" machi="5" ten="30,1000,0" yaku="12,1" doraHai="38" who="3" fromWho="1" sc="301,0,144,-10,323,0,232,10" /><INIT seed="6,0,0,1,4,61" ten="301,134,323,242" oya="2" hai0="53,70,72,18,64,92,109,48,132,19,133,15,27" hai1="10,5,116,90,110,82,34,87,20,98,50,56,38" hai2="51,114,44,9,94,39,118,129,105,115,28,75,95" hai3="121,107,42,76,59,11,119,100,55,62,91,97,37"/><V60/><F105/><W0/><G121/><T93/><D72/><U54/><E34/><V125/><F75/><W2/><G119/><T123/><D109/><U23/><E116/><V124/><F39/><W122/><G122/><T99/><D123/><U79/><E38/><V103/><F28/><W63/><G76/><T32/><D32/><U134/><E134/><N who="0" m="51817" /><D27/><U47/><E110/><V35/><F35/><W106/><G91/><N who="0" m="55711" /><D93/><N who="2" m="35338" /><F103/><W85/><G85/><T41/><D41/><U84/><E98/><V43/><F118/><W13/><G107/><T117/><D117/><U89/><E79/><V14/><F60/><W111/><G63/><N who="0" m="40223" /><D15/><U49/><E87/><V71/><F71/><W88/><G111/><T69/><D69/><U30/><E30/><V96/><F96/><W108/><G108/><T17/><D17/><U78/><E90/><V68/><F68/><W45/><REACH who="3" step="1"/><G88/><REACH who="3" ten="301,134,323,232" step="2"/><T36/><D36/><U22/><E89/><V101/><F101/><W77/><G77/><T135/><D135/><U128/><E128/><V126/><F129/><W127/><G127/><T112/><D112/><U46/><E46/><AGARI ba="0,1" hai="18,19,46,48,53" m="40223,55711,51817" machi="46" ten="30,2000,0" yaku="20,1,52,1" doraHai="61" who="0" fromWho="1" sc="301,30,134,-20,323,0,232,0" /><INIT seed="7,0,0,3,1,58" ten="331,114,323,232" oya="3" hai0="88,96,10,50,121,34,108,99,131,65,46,124,83" hai1="130,51,64,134,47,77,119,114,102,55,73,68,70" hai2="33,35,105,84,14,29,126,89,107,22,9,75,4" hai3="78,54,26,0,57,116,18,103,129,117,13,85,21"/><W2/><G103/><T44/><D121/><U53/><E119/><V30/><F75/><W63/><G129/><T76/><D108/><U5/><E114/><V123/><F126/><W92/><G117/><T32/><D124/><U127/><E102/><V115/><F115/><W16/><G116/><T20/><D34/><U82/><E5/><V95/><F123/><W6/><G6/><T104/><D32/><U8/><E127/><V80/><F33/><W28/><G18/><T61/><D131/><U109/><E109/><V3/><F30/><W125/><G125/><T39/><D39/><U93/><E93/><V72/><F72/><W81/><G92/><N who="0" m="56327" /><D104/><U62/><E8/><AGARI ba="0,0" hai="0,2,8,13,16,21,26,28,54,57,63,78,81,85" machi="8" ten="30,5800,0" yaku="7,1,52,1,54,1" doraHai="58" who="3" fromWho="1" sc="331,0,114,-58,323,0,232,58" /><INIT seed="7,1,0,1,4,44" ten="331,56,323,290" oya="3" hai0="1,29,31,47,132,114,134,70,85,80,102,68,4" hai1="101,12,37,59,105,61,99,115,123,33,51,2,27" hai2="54,122,127,58,34,46,77,73,100,131,130,74,76" hai3="39,116,22,78,65,72,88,89,71,15,93,67,113"/><W0/><G0/><T9/><D102/><U30/><E123/><V45/><F34/><W8/><G116/><T103/><D103/><U95/><E37/><V110/><F100/><W20/><G39/><T6/><D114/><U62/><E2/><V55/><F110/><W57/><G71/><N who="0" m="27179" /><D47/><N who="2" m="17930" /><F122/><W63/><G113/><T79/><D6/><U48/><E115/><V17/><F17/><N who="3" m="8423" /><G72/><N who="2" m="27753" /><F127/><W53/><G78/><N who="2" m="30313" /><F58/><N who="3" m="37367" /><G65/><T41/><D41/><U66/><E12/><V106/><F106/><W40/><G40/><T87/><D87/><U16/><E62/><V64/><F64/><W104/><G104/><T97/><D97/><U28/><E28/><V91/><F91/><N who="3" m="34891" /><G93/><T90/><D79/><U13/><REACH who="1" step="1"/><E105/><REACH who="1" ten="331,46,323,290" step="2"/><V23/><F23/><AGARI ba="1,1" hai="13,16,23,27,30,33,48,51,59,61,66,95,99,101" machi="23" ten="30,12000,2" yaku="1,1,2,1,7,1,52,2,54,1,53,1" doraHai="44" doraHaiUra="60" who="1" fromWho="2" sc="331,0,46,133,323,-123,290,0" owari="331,43.1,179,-32.1,200,-20.0,290,9.0" /></mjloggm>