<mjloggm ver="2.3"><GO type="41" lobby="0"/><UN n0="%E3%83%9C%E3%83%BC%E3%83%88%E3%83%94%E3%82%A2" n1="%E2%93%9D%4C%75%63%6B%79%4A" n2="%E3%82%A4%E3%82%AD%E3%83%8A%E3%83%AA%E3%82%AD%E3%82%B1%E3%83%B3" n3="%E3%81%AF%E3%81%9B%E3%81%9F%E3%81%AB" dan="15,18,13,14" rate="1991.44,2221.67,1863.46,1998.98" sx="M,M,M,M"/><TAIKYOKU oya="0"/><INIT seed="0,0,0,0,1,3" ten="250,250,250,250" oya="0" hai0="24,124,7,121,28,70,30,63,8,17,4,116,90" hai1="106,97,22,54,52,128,130,84,96,59,102,92,61" hai2="78,118,53,132,51,27,9,111,57,76,39,135,104" hai3="129,95,32,40,115,41,42,122,67,105,44,109,23"/><T56/><D116/><U47/><E84/><V71/><F118/><W72/><G105/><T16/><D121/><U99/><E22/><V87/><F104/><W74/><G32/><T93/><D70/><U19/><E19/><N who="0" m="7241" /><D124/><U103/><E47/><V69/><F39/><W36/><G23/><N who="0" m="15391" /><D30/><U43/><E43/><V82/><F111/><W88/><G115/><T133/><D8/><U66/><REACH who="1" step="1"/><E99/><REACH who="1" ten="250,240,250,250" step="2"/><V94/><F9/><W48/><G44/><T15/><D15/><U80/><E80/><V58/><F27/><W26/><G26/><T125/><D125/><U83/><E83/><V119/><F119/><W79/><G42/><T113/><D113/><U64/><E64/><V18/><F82/><W126/><G41/><T114/><D114/><U68/><E68/><V33/><F69/><W13/><G13/><T20/><D20/><U81/><E81/><V117/><F117/><W100/><G40/><T12/><D12/><U25/><E25/><V101/><F71/><W37/><G67/><N who="0" m="39399" /><D133/><U50/><E50/><V98/><F135/><W107/><G48/><T5/><D5/><U131/><AGARI ba="0,1" hai="52,54,59,61,66,92,96,97,102,103,106,128,130,131" machi="131" ten="30,7900,0" yaku="1,1,0,1,19,1,54,1,53,0" doraHai="3" doraHaiUra="45" who="1" fromWho="1" sc="250,-39,240,89,250,-20,250,-20" /><INIT seed="1,0,0,5,0,74" ten="211,329,230,230" oya="1" hai0="31,121,47,17,0,30,124,116,75,52,125,92,37" hai1="3,77,98,23,79,55,78,105,28,114,132,71,115" hai2="86,102,89,2,109,111,118,81,33,96,107,43,64" hai3="93,57,56,9,80,21,6,32,97,83,101,120,4"/><U45/><E3/><V53/><F2/><W110/><G32/><T90/><D116/><U15/><E71/><V14/><F33/><W62/><G120/><T34/><D121/><U60/><E132/><V19/><F118/><W49/><G110/><N who="2" m="41993" /><F64/><W5/><G9/><T106/><D106/><U127/><E127/><N who="0" m="48713" /><D34/><U42/><E105/><V119/><F119/><W59/><G62/><T66/><D66/><U84/><E98/><V7/><F43/><W63/><G63/><T38/><D38/><U100/><E100/><V95/><F7/><W10/><G10/><T50/><D37/><U39/><E84/><V113/><F113/><W133/><G133/><T94/><D94/><U87/><E87/><V128/><F128/><W11/><G11/><T65/><D65/><U40/><E42/><V134/><F134/><W13/><G49/><T35/><D35/><U25/><REACH who="1" step="1"/><E15/><REACH who="1" ten="211,319,230,230" step="2"/><V85/><F85/><W44/><G44/><T18/><D0/><U131/><E131/><V67/><F107/><W8/><REACH who="3" step="1"/><G21/><REACH who="3" ten="211,319,230,220" step="2"/><T82/><D47/><U104/><E104/><V48/><F67/><W58/><N who="3" m="14336" /><DORA hai="103" /><W26/><G26/><T122/><D122/><U22/><E22/><N who="2" m="11639" /><F48/><W36/><G36/><T117/><D50/><U135/><E135/><V70/><F70/><W51/><G51/><T12/><D117/><U76/><N who="1" m="19456" /><DORA hai="68" /><U24/><E24/><V69/><F69/><W88/><G88/><T41/><D90/><U126/><E126/><V99/><F99/><W61/><G61/><T16/><D41/><U108/><E108/><V123/><F123/><W29/><G29/><RYUUKYOKU ba="0,2" sc="211,-30,319,10,230,10,220,10" hai1="23,25,28,39,40,45,55,60,114,115" hai2="53,81,86,89,95,96,102" hai3="4,5,6,8,13,80,83,93,97,101" /><INIT seed="1,1,2,4,0,57" ten="181,329,240,230" oya="1" hai0="64,35,120,18,116,19,122,128,106,42,62,49,102" hai1="45,96,91,11,34,67,72,21,86,0,33,52,81" hai2="100,118,80,134,39,17,65,107,74,113,54,16,24" hai3="7,26,117,97,8,98,36,66,131,84,88,37,127"/><U104/><E72/><V46/><F118/><W99/><G117/><T132/><D116/><U77/><E67/><V101/><F65/><W108/><G108/><T94/><D128/><U103/><E21/><V63/><F134/><W112/><G112/><T76/><D106/><U89/><E0/><V121/><F121/><N who="0" m="46698" /><D35/><U20/><E20/><V41/><F113/><W2/><G131/><T129/><D132/><U75/><E11/><V71/><F107/><W6/><G127/><T133/><D133/><U38/><E91/><V29/><F74/><W1/><G26/><T135/><D129/><U30/><E30/><V126/><F126/><W9/><REACH who="3" step="1"/><G66/><REACH who="3" ten="181,329,240,220" step="2"/><T10/><D64/><U125/><E125/><V55/><F80/><AGARI ba="1,3" hai="1,2,6,7,8,9,36,37,80,84,88,97,98,99" machi="80" ten="40,12000,2" yaku="1,1,2,1,9,1,54,1,53,2" doraHai="57" doraHaiUra="32" who="3" fromWho="2" sc="181,0,329,0,240,-123,220,153" /><INIT seed="2,0,0,0,0,89" ten="181,329,117,373" oya="2" hai0="57,10,52,104,124,114,120,68,35,100,43,80,40" hai1="13,63,60,105,97,116,86,53,21,73,8,37,129" hai2="71,50,39,102,101,78,99,91,85,134,55,98,15" hai3="131,30,24,0,3,72,121,61,25,26,5,90,69"/><V128/><F39/><W117/><G72/><T2/><D120/><U23/><E73/><V81/><F71/><W107/><G107/><T16/><D68/><U83/><E116/><V133/><F15/><W34/><G121/><T28/><D114/><U51/><E129/><V110/><F128/><W1/><G117/><T119/><D119/><U77/><E37/><V9/><F9/><W36/><G36/><T79/><D124/><U31/><E97/><V44/><F110/><W82/><G131/><T123/><D123/><U115/><E105/><V4/><F4/><W48/><G48/><T46/><D46/><U12/><E115/><V94/><REACH who="2" step="1"/><F99/><REACH who="2" ten="181,329,107,373" step="2"/><W70/><G5/><T41/><D10/><U122/><E13/><V103/><AGARI ba="0,1" hai="44,50,55,78,81,85,91,94,98,101,102,103,133,134" machi="103" ten="30,11700,0" yaku="1,1,2,1,0,1,52,1,53,0" doraHai="89" doraHaiUra="135" who="2" fromWho="2" sc="181,-39,329,-39,107,127,373,-39" /><INIT seed="2,1,0,3,5,4" ten="142,290,234,334" oya="2" hai0="126,132,97,113,77,121,43,32,72,54,105,12,7" hai1="21,13,55,10,101,58,25,19,2,22,49,133,42" hai2="115,69,3,124,122,56,67,57,135,76,86,128,74" hai3="9,78,107,40,23,85,8,108,48,79,65,112,94"/><V92/><F122/><W6/><G107/><T123/><D32/><U30/><E133/><V20/><F115/><W51/><G108/><T66/><D132/><U16/><E2/><V100/><F3/><W29/><G65/><T60/><D113/><U36/><E36/><V130/><F74/><W52/><G40/><T45/><D54/><U37/><E37/><V64/><F135/><W90/><G48/><T17/><D7/><U109/><E109/><V83/><F20/><W31/><G112/><T71/><D126/><U63/><E101/><V119/><F119/><W98/><G6/><T59/><D71/><U46/><REACH who="1" step="1"/><E22/><REACH who="1" ten="142,280,234,334" step="2"/><V70/><F124/><W95/><G23/><T110/><D110/><U102/><E102/><V82/><F100/><N who="3" m="60503" /><G29/><AGARI ba="1,1" hai="10,13,16,19,21,25,29,30,42,46,49,55,58,63" machi="29" ten="40,8000,1" yaku="1,1,8,1,52,1,54,1,53,0" doraHai="4" doraHaiUra="0" who="1" fromWho="3" sc="142,0,280,93,234,0,334,-83" /><INIT seed="3,0,0,5,5,34" ten="142,373,234,251" oya="3" hai0="58,41,132,35,131,10,107,69,94,46,13,67,122" hai1="66,108,125,55,119,75,53,33,85,96,134,52,63" hai2="22,6,77,104,26,3,133,121,98,28,27,130,123" hai3="114,82,64,11,12,0,126,89,23,88,5,101,74"/><W90/><G114/><T102/><D122/><N who="2" m="46602" /><F77/><W71/><G126/><T62/><D131/><U80/><E33/><N who="2" m="20631" /><F98/><W87/><G74/><T105/><D132/><U83/><E125/><V72/><F72/><W18/><REACH who="3" step="1"/><G101/><REACH who="3" ten="142,373,234,241" step="2"/><T99/><D35/><U8/><E75/><V7/><F130/><W1/><G1/><T37/><REACH who="0" step="1"/><D69/><REACH who="0" ten="132,373,234,241" step="2"/><U127/><E127/><V51/><F133/><W84/><G84/><T61/><D61/><AGARI ba="0,2" hai="0,5,11,12,18,23,61,64,71,82,87,88,89,90" machi="61" ten="40,7700,0" yaku="1,1,52,1,54,1,53,0" doraHai="34" doraHaiUra="129" who="3" fromWho="0" sc="132,-77,373,0,234,0,241,97" /><INIT seed="3,1,0,5,5,126" ten="55,373,234,338" oya="3" hai0="4,100,119,14,49,35,48,92,29,31,13,114,112" hai1="25,80,15,88,77,130,105,47,84,26,1,0,12" hai2="60,8,101,50,123,78,76,20,10,98,99,19,42" hai3="55,120,128,72,43,70,37,134,104,23,33,65,91"/><W6/><G72/><T32/><D92/><U44/><E105/><V83/><F123/><W40/><G33/><N who="0" m="12875" /><D100/><U95/><E1/><V59/><F42/><W45/><G104/><T117/><D49/><U87/><E0/><V89/><F50/><W135/><G6/><T11/><D48/><U97/><E130/><V75/><F78/><W124/><G120/><T67/><D67/><U5/><E15/><N who="0" m="5641" /><D11/><N who="1" m="4207" /><E97/><V54/><F89/><W27/><G91/><T28/><D4/><U115/><E115/><AGARI ba="1,0" hai="28,29,31,112,114,115,117,119" m="5641,12875" machi="115" ten="40,8000,1" yaku="28,2,11,1,34,2" doraHai="126" who="0" fromWho="1" sc="55,83,373,-83,234,0,338,0" /><INIT seed="4,0,0,5,1,119" ten="138,290,234,338" oya="0" hai0="56,89,93,100,25,63,87,3,117,10,13,77,129" hai1="94,19,76,26,124,86,22,81,127,112,49,106,80" hai2="55,31,29,57,95,64,71,36,114,111,11,32,101" hai3="91,121,85,0,1,40,123,21,82,62,68,130,102"/><T7/><D129/><U118/><E118/><V48/><F111/><W50/><G130/><T52/><D117/><U46/><E106/><V9/><F36/><W18/><G102/><T27/><D77/><U110/><E110/><V54/><F114/><W6/><G68/><T96/><REACH who="0" step="1"/><D3/><REACH who="0" ten="128,290,234,338" step="2"/><U70/><E76/><V79/><F79/><W51/><G1/><T97/><D97/><U125/><E112/><V33/><F33/><W8/><G40/><T44/><D44/><U72/><E72/><V53/><F32/><W58/><G51/><T4/><D4/><U73/><E73/><V69/><F48/><W37/><G50/><T60/><D60/><U45/><E46/><V61/><F71/><W120/><G37/><T109/><D109/><U83/><E70/><V39/><F69/><W107/><G107/><AGARI ba="0,1" hai="7,10,13,25,27,52,56,63,87,89,93,96,100,107" machi="107" ten="30,5800,0" yaku="1,1,7,1,54,1,53,0" doraHai="119" doraHaiUra="78" who="0" fromWho="3" sc="128,68,290,0,234,0,338,-58" /><INIT seed="4,1,0,2,1,32" ten="196,290,234,280" oya="0" hai0="107,44,9,87,77,74,62,130,86,0,117,33,39" hai1="20,35,63,45,61,106,127,22,116,59,4,67,56" hai2="34,25,37,30,1,41,71,18,5,11,24,122,134" hai3="3,98,47,96,15,94,58,92,123,23,115,88,60"/><T21/><D33/><U40/><E106/><V102/><F71/><W118/><G118/><T111/><D107/><U110/><E35/><V13/><F102/><W126/><G115/><T27/><D117/><U51/><E116/><V78/><F78/><W54/><G126/><T68/><D130/><U6/><E110/><V14/><F122/><W90/><G123/><T73/><D111/><U43/><E127/><V29/><F37/><W31/><G3/><T125/><D125/><U112/><E112/><V132/><F41/><W50/><G31/><T57/><D68/><U81/><E81/><V26/><F30/><W91/><G23/><N who="1" m="8746" /><E43/><V84/><F84/><W28/><G28/><T17/><D74/><U7/><E7/><V119/><F119/><W72/><G15/><N who="2" m="5641" /><F18/><W129/><G129/><T100/><D100/><U99/><E99/><V42/><F42/><W113/><G113/><T101/><D101/><U16/><E16/><V66/><F66/><AGARI ba="1,0" hai="4,6,40,45,51,56,59,61,63,66,67" m="8746" machi="66" ten="30,1000,0" yaku="8,1" doraHai="32" who="1" fromWho="2" sc="196,0,290,13,234,-13,280,0" /><INIT seed="5,0,0,3,3,119" ten="196,303,221,280" oya="1" hai0="92,25,39,107,69,102,114,120,110,13,33,71,123" hai1="115,90,77,41,36,105,128,60,101,35,74,16,67" hai2="34,55,109,14,42,51,86,82,57,131,19,79,104" hai3="29,103,97,8,94,135,11,47,53,98,50,5,40"/><U3/><E3/><V7/><F34/><W76/><G135/><T89/><D110/><U4/><E4/><V22/><F109/><W80/><G29/><N who="0" m="19631" /><D39/><U112/><E90/><V85/><F104/><W52/><G98/><N who="0" m="61911" /><D13/><U17/><E128/><V130/><F7/><W106/><G106/><T38/><D38/><U54/><E54/><V63/><F42/><W127/><G11/><T48/><D48/><U30/><E101/><V118/><F118/><W45/><G45/><T116/><D116/><U88/><E105/><V111/><F111/><W49/><G49/><T6/><D6/><U37/><E30/><V124/><F124/><W9/><G9/><T28/><D28/><U70/><E35/><V27/><F86/><W129/><G127/><T59/><D59/><U81/><E37/><V12/><REACH who="2" step="1"/><F51/><REACH who="2" ten="196,303,211,280" step="2"/><W134/><G134/><T56/><D114/><N who="1" m="43563" /><E41/><V61/><F61/><W84/><REACH who="3" step="1"/><G129/><AGARI ba="0,1" hai="12,14,19,22,27,55,57,63,79,82,85,129,130,131" machi="129" ten="40,5200,0" yaku="1,1,19,1,53,1" doraHai="119" doraHaiUra="78" who="2" fromWho="3" sc="196,0,303,0,211,62,280,-52" /><INIT seed="6,0,0,0,5,41" ten="196,303,273,228" oya="2" hai0="45,18,11,14,71,88,98,121,93,9,83,107,38" hai1="28,19,46,120,77,54,130,70,116,30,66,23,3" hai2="26,55,91,127,12,128,42,86,84,124,76,51,35" hai3="101,8,126,110,21,131,118,40,81,61,37,108,73"/><V94/><F128/><W109/><G21/><T13/><D121/><U106/><E106/><V79/><F12/><W31/><G31/><T65/><D107/><U72/><E116/><V82/><F35/><W5/><G118/><T80/><D71/><U24/><E3/><V90/><F26/><W135/><G101/><T95/><D65/><U134/><E134/><V6/><F6/><W64/><G135/><T59/><D59/><U49/><E130/><V36/><F36/><W125/><G131/><T17/><D95/><U99/><E120/><V7/><F7/><W96/><G96/><T44/><D38/><U48/><E99/><V47/><REACH who="2" step="1"/><F42/><REACH who="2" ten="196,303,263,228" step="2"/><W29/><G40/><T119/><D119/><U33/><E33/><V129/><F129/><W15/><G37/><T32/><D32/><U123/><E24/><V68/><F68/><W1/><G15/><T22/><D22/><U92/><E23/><V25/><F25/><W117/><G117/><T102/><D102/><U113/><E70/><V56/><F56/><W0/><G0/><T39/><D39/><U100/><E100/><V53/><F53/><W10/><G5/><T60/><D60/><U2/><E2/><V122/><F122/><W75/><G1/><T62/><D62/><U63/><E63/><V97/><F97/><W34/><G61/><T85/><D98/><U50/><E123/><V114/><F114/><W104/><G34/><T67/><D67/><U78/><E66/><V133/><F133/><W16/><G64/><T89/><D83/><U132/><E132/><V103/><F103/><W115/><G81/><RYUUKYOKU ba="0,1" sc="196,15,303,-15,263,15,228,-15" hai0="9,11,13,14,17,18,44,45,80,85,88,89,93" hai2="47,51,55,76,79,82,84,86,90,91,94,124,127" /><INIT seed="6,1,1,5,5,127" ten="211,288,278,213" oya="2" hai0="24,108,135,22,106,25,19,72,119,37,45,14,79" hai1="78,77,16,15,69,100,132,120,89,80,1,122,13" hai2="58,0,130,5,95,26,99,67,51,55,32,82,123" hai3="66,91,31,27,48,83,133,75,35,57,41,56,97"/><V52/><F123/><N who="1" m="47145" /><E1/><V39/><F39/><W125/><G125/><T88/><D108/><U113/><E69/><V87/><F0/><W115/><G133/><T64/><D135/><U17/><E132/><V105/><F105/><W109/><G109/><T114/><D106/><U21/><E100/><N who="2" m="60543" /><F5/><W36/><G36/><T54/><D64/><U20/><E113/><V46/><F32/><W81/><G115/><T60/><D119/><U18/><E89/><N who="2" m="51447" /><F130/><W28/><G75/><T40/><D114/><U128/><E80/><V59/><F26/><W68/><G68/><T74/><D79/><N who="1" m="30219" /><E128/><V65/><F46/><W4/><G83/><T110/><D110/><U38/><E38/><V121/><F121/><W101/><G81/><T42/><D74/><U86/><E86/><V118/><F118/><W23/><G35/><T103/><D72/><U73/><E73/><V116/><F116/><W93/><G4/><T131/><D131/><U10/><E10/><V47/><F47/><W2/><G2/><T30/><D45/><U49/><E49/><AGARI ba="1,1" hai="49,51,52,55,58,59,65,67" m="51447,60543" machi="49" ten="30,2900,0" yaku="8,1,54,1" doraHai="127" who="2" fromWho="1" sc="211,0,288,-32,278,42,213,0" /><INIT seed="6,2,0,1,1,64" ten="211,256,320,213" oya="2" hai0="87,24,116,0,9,25,31,69,58,14,113,15,96" hai1="22,11,92,105,48,32,33,72,77,127,126,37,66" hai2="5,125,111,117,100,65,120,19,68,79,34,83,81" hai3="50,134,57,44,78,18,123,40,131,1,38,41,130"/><V10/><F120/><W12/><G1/><T85/><D113/><U91/><E37/><V56/><F68/><W110/><G78/><T35/><D0/><U51/><E22/><V23/><F117/><W61/><G123/><T124/><D69/><U42/><E105/><V27/><F34/><N who="1" m="13417" /><E42/><V129/><F129/><N who="3" m="49163" /><G110/><T115/><D115/><U109/><E11/><V101/><F125/><N who="1" m="47625" /><E66/><V112/><F112/><W75/><G75/><T80/><D116/><U89/><E91/><V3/><F111/><W107/><G107/><T121/><D121/><U53/><E53/><V59/><F83/><W133/><G40/><T103/><D80/><N who="1" m="45095" /><E109/><V7/><F7/><W135/><G38/><T73/><D73/><U71/><E71/><V16/><F19/><W39/><G39/><T118/><D118/><U108/><E108/><V128/><F128/><W55/><G135/><T76/><D76/><U49/><E51/><V28/><F28/><W99/><G99/><AGARI ba="2,0" hai="48,49,89,92,99" m="45095,47625,13417" machi="99" ten="30,1000,0" yaku="18,1" doraHai="64" who="1" fromWho="3" sc="211,0,256,16,320,0,213,-16" /><INIT seed="7,0,0,0,5,31" ten="211,272,320,197" oya="3" hai0="2,128,24,6,91,42,22,1,45,48,5,18,87" hai1="57,134,12,121,81,63,59,116,21,110,47,0,86" hai2="14,27,108,64,92,80,123,50,72,122,8,77,96" hai3="66,39,74,90,56,131,44,124,135,120,38,55,37"/><W125/><G74/><T104/><D104/><U41/><E0/><V52/><F108/><W7/><G7/><T9/><D128/><U11/><E121/><N who="2" m="46091" /><F64/><W84/><G120/><T49/><D6/><U98/><E98/><V70/><F70/><W89/><G89/><T85/><D85/><U82/><E21/><V19/><F27/><W20/><G20/><T118/><D118/><U3/><E134/><V99/><F92/><W10/><G10/><T29/><D29/><U112/><E112/><V88/><F88/><W114/><G114/><T76/><D76/><U25/><E25/><V94/><F94/><W79/><G79/><T33/><D33/><U93/><E93/><V97/><F97/><W4/><G4/><T101/><D101/><U58/><E3/><V115/><F115/><W129/><G90/><T83/><D1/><U95/><E95/><V103/><F103/><W113/><G84/><T13/><D2/><U16/><E110/><V105/><F105/><W71/><G113/><T102/><D102/><U78/><E82/><V53/><F53/><W106/><G106/><T119/><D119/><U75/><E75/><V35/><F35/><W109/><G109/><T69/><D69/><U107/><E107/><V46/><AGARI ba="0,0" hai="8,14,19,46,50,52,72,77,80,96,99" m="46091" machi="46" ten="30,2000,0" yaku="13,1,54,1" doraHai="31" who="2" fromWho="2" sc="211,-5,272,-5,320,20,197,-10" owari="206,-19.4,267,6.7,340,44.0,187,-31.3" /></mjloggm>