<mjloggm ver="2.3"><GO type="41" lobby="0"/><UN n0="%65%74%61%72%69%2D%4F" n1="%E9%81%8B%E3%81%8C%E3%81%AA%E3%81%84%E4%BA%BA" n2="%E9%87%8D%E3%81%AD%E3%81%9F%E8%84%82%E8%82%AA%E5%8A%A0%E9%80%9F" n3="%E2%93%9D%4C%75%63%6B%79%4A" dan="13,15,15,17" rate="1856.28,2020.10,2010.08,2185.48" sx="M,M,M,M"/><TAIKYOKU oya="0"/><INIT seed="0,0,0,1,1,6" ten="250,250,250,250" oya="0" hai0="27,8,107,38,44,57,98,65,92,2,84,96,22" hai1="28,3,47,25,97,128,18,100,116,102,101,131,55" hai2="122,64,70,75,51,58,21,31,45,56,29,108,86" hai3="113,19,110,69,80,68,24,30,133,40,13,87,118"/><T1/><D96/><U104/><E116/><V115/><F75/><W79/><G113/><T16/><D84/><U5/><E18/><V124/><F122/><W61/><G110/><T103/><D107/><U95/><E47/><V88/><F108/><W34/><G133/><T43/><REACH who="0" step="1"/><D8/><REACH who="0" ten="240,250,250,250" step="2"/><N who="1" m="2111" /><E104/><V77/><F115/><W10/><G118/><T11/><D11/><U15/><E97/><V134/><F134/><W37/><G37/><T126/><D126/><U119/><E119/><V120/><F124/><W72/><G72/><T117/><D117/><U9/><E95/><V4/><F120/><W41/><REACH who="3" step="1"/><G61/><AGARI ba="0,1" hai="1,2,16,22,27,38,43,44,57,61,65,92,98,103" machi="61" ten="40,3900,0" yaku="1,1,54,1,53,0" doraHai="6" doraHaiUra="48" who="0" fromWho="3" sc="240,49,250,0,250,0,250,-39" /><INIT seed="0,1,0,0,1,97" ten="289,250,250,211" oya="0" hai0="91,29,96,99,135,125,65,66,9,7,59,114,82" hai1="92,80,22,17,132,133,28,14,69,25,87,101,75" hai2="119,93,107,46,24,113,103,23,116,130,106,123,74" hai3="48,121,51,112,60,63,13,56,104,21,127,58,55"/><T5/><D125/><U83/><E69/><V77/><F113/><W49/><G104/><T38/><D135/><N who="1" m="51787" /><E75/><V3/><F3/><W73/><G73/><T36/><D29/><U15/><E15/><V124/><F123/><W37/><G112/><T27/><D27/><U2/><E2/><V72/><F124/><W6/><G127/><T35/><D35/><N who="1" m="20879" /><E87/><V71/><F71/><W41/><G6/><T128/><D9/><U88/><E88/><V43/><F130/><W115/><G13/><T84/><D59/><U54/><E54/><V8/><F8/><W129/><G21/><T32/><D32/><U89/><E89/><V42/><F43/><W16/><G16/><T90/><D114/><U81/><E92/><V44/><F46/><N who="3" m="23855" /><G121/><T95/><D95/><U67/><E67/><V12/><F12/><W79/><G79/><T50/><D84/><U85/><E85/><V4/><F4/><W33/><G33/><T57/><D82/><U102/><AGARI ba="1,0" hai="14,17,22,80,81,83,101,102" m="20879,51787" machi="102" ten="40,5200,0" yaku="20,1,52,2" doraHai="97" who="1" fromWho="1" sc="289,-27,250,55,250,-14,211,-14" /><INIT seed="1,0,0,2,4,63" ten="262,305,236,197" oya="1" hai0="74,64,0,39,93,47,12,23,118,99,115,58,54" hai1="9,75,70,131,29,18,135,8,7,60,90,45,130" hai2="49,14,4,84,52,17,21,53,69,107,25,96,40" hai3="121,83,104,65,117,11,97,20,46,98,110,41,102"/><U129/><E75/><V48/><F69/><W42/><G121/><T89/><D74/><U26/><E45/><V122/><F122/><W126/><G126/><T15/><D0/><U113/><E90/><V132/><F40/><W71/><G110/><T100/><D118/><U35/><E113/><V123/><F123/><W37/><G20/><T55/><D39/><U105/><E105/><V85/><F132/><W43/><G117/><T62/><D115/><U112/><E112/><V38/><F38/><W92/><G11/><T36/><D36/><U119/><E119/><V80/><F96/><W91/><REACH who="3" step="1"/><G83/><REACH who="3" ten="262,305,236,187" step="2"/><T28/><D23/><U134/><E9/><N who="2" m="4391" /><F80/><W72/><G72/><T114/><D114/><U27/><E135/><V50/><F107/><W95/><G95/><T94/><D93/><U19/><E134/><V10/><F10/><W133/><G133/><T32/><D94/><U78/><E8/><V31/><F31/><W127/><G127/><T101/><D32/><U79/><E7/><V124/><F124/><W86/><G86/><AGARI ba="0,1" hai="17,21,25,48,49,50,52,53,84,85,86" m="4391" machi="86" ten="30,2000,0" yaku="8,1,54,1" doraHai="63" who="2" fromWho="3" sc="262,0,305,0,236,30,187,-20" /><INIT seed="2,0,0,1,2,83" ten="262,305,266,167" oya="2" hai0="92,32,100,71,5,29,35,48,59,70,24,102,23" hai1="4,13,74,109,10,131,44,130,34,135,104,105,87" hai2="61,0,85,112,21,133,111,94,118,30,89,69,9" hai3="80,72,39,107,103,63,82,124,101,121,86,128,79"/><V19/><F118/><W75/><G39/><T14/><D102/><N who="3" m="38921" /><G63/><T84/><D35/><U122/><E74/><N who="3" m="28202" /><G121/><T73/><D73/><U91/><E34/><V20/><F112/><W38/><G38/><T57/><D57/><U52/><E109/><V43/><F133/><W60/><G60/><T58/><D58/><U37/><E135/><V2/><F111/><W12/><G12/><T7/><D59/><U18/><E4/><V50/><F30/><W49/><G49/><T76/><D48/><N who="1" m="28679" /><E37/><V106/><F106/><W28/><G28/><T8/><D5/><U65/><E65/><V78/><F21/><W113/><G124/><T51/><D51/><U117/><E117/><V119/><F119/><W77/><G128/><N who="1" m="49194" /><E122/><V116/><F116/><W88/><G113/><T3/><D100/><U98/><E98/><V62/><F69/><W126/><G126/><T134/><D134/><U55/><E55/><V11/><F2/><W66/><G66/><T110/><D110/><U15/><E15/><V93/><F0/><W1/><G1/><T97/><D97/><U108/><E108/><V41/><F43/><W53/><G53/><T16/><D76/><N who="3" m="29257" /><G107/><T36/><D36/><U90/><E104/><V56/><F41/><W81/><AGARI ba="0,0" hai="80,81,82,86,88" m="29257,28202,38921" machi="81" ten="40,12000,2" yaku="35,5,52,1,54,1" doraHai="83" who="3" fromWho="3" sc="262,-30,305,-30,266,-60,167,120" /><INIT seed="3,0,0,1,0,58" ten="232,275,206,287" oya="3" hai0="80,62,128,113,69,13,29,118,75,9,94,96,68" hai1="63,22,46,130,135,99,5,17,45,88,10,119,6" hai2="91,4,12,107,35,123,120,51,70,65,78,129,125" hai3="27,82,33,24,20,115,101,104,53,41,73,106,59"/><W117/><G115/><T86/><D75/><U64/><E130/><V109/><F107/><W44/><G117/><T108/><D108/><U0/><E135/><V87/><F35/><W32/><G33/><T95/><D29/><U26/><E5/><V60/><F78/><W132/><G132/><T74/><D74/><U122/><E122/><V66/><F109/><W105/><G32/><T84/><D128/><U121/><E121/><N who="2" m="46667" /><F129/><W43/><G101/><T38/><D38/><U30/><E119/><V97/><F97/><W25/><G44/><T98/><D113/><U134/><E30/><V23/><F51/><W40/><G82/><T81/><D118/><U8/><E8/><N who="2" m="4103" /><F23/><W90/><G90/><T31/><D31/><U131/><E134/><V55/><F66/><W36/><G73/><T42/><D9/><U110/><E131/><V127/><F55/><W15/><G36/><T48/><D48/><U126/><E110/><V71/><F71/><W103/><G103/><T133/><D133/><U39/><E39/><V102/><F102/><W92/><G92/><AGARI ba="0,0" hai="60,65,70,87,91,92,125,127" m="4103,46667" machi="92" ten="30,2000,0" yaku="13,1,52,1" doraHai="58" who="2" fromWho="3" sc="232,0,275,0,206,20,287,-20" /><INIT seed="4,0,0,1,1,20" ten="232,275,226,267" oya="0" hai0="101,23,85,54,5,40,33,65,17,98,107,71,134" hai1="89,42,3,56,27,62,83,92,95,119,131,99,135" hai2="47,82,1,15,79,36,31,16,51,114,13,94,24" hai3="80,73,4,116,63,90,112,100,35,75,64,120,115"/><T60/><D134/><U21/><E131/><V28/><F1/><W46/><G4/><T52/><D40/><U11/><E119/><V122/><F36/><W49/><G100/><T113/><D113/><N who="3" m="43593" /><G35/><T68/><D68/><U103/><E135/><V30/><F15/><W2/><G2/><T67/><D67/><U41/><E83/><V53/><F94/><W0/><G0/><T59/><D5/><U91/><E11/><V88/><F122/><W44/><G46/><T81/><D33/><U78/><E78/><V104/><F104/><W96/><G96/><T12/><REACH who="0" step="1"/><D71/><REACH who="0" ten="222,275,226,267" step="2"/><U38/><E42/><V86/><F114/><W57/><G120/><T48/><D48/><U69/><E69/><V111/><F111/><W72/><G116/><T39/><D39/><U9/><E41/><V123/><F123/><W29/><G49/><T110/><D110/><U93/><E38/><V61/><F61/><W109/><G63/><T97/><D97/><U125/><E99/><V117/><F117/><W45/><G109/><T8/><D8/><U129/><E9/><N who="2" m="6191" /><F79/><AGARI ba="0,1" hai="12,17,23,52,54,59,60,65,79,81,85,98,101,107" machi="79" ten="30,5800,0" yaku="1,1,7,1,54,1,53,0" doraHai="20" doraHaiUra="22" who="0" fromWho="2" sc="222,68,275,0,226,-58,267,0" /><INIT seed="4,1,0,4,5,40" ten="290,275,168,267" oya="0" hai0="49,71,18,57,125,91,52,87,6,101,105,79,50" hai1="33,12,16,27,65,112,55,95,122,133,45,53,109" hai2="32,98,93,42,100,56,107,120,123,116,85,81,131" hai3="20,35,115,19,15,128,103,88,89,68,126,102,118"/><T41/><D71/><U96/><E109/><V124/><F32/><W90/><G118/><T70/><D70/><U5/><E122/><V58/><F116/><W78/><G35/><T108/><D105/><U130/><E130/><V2/><F2/><W4/><G68/><T73/><D73/><U29/><E133/><V28/><F28/><W64/><G128/><T119/><D101/><U25/><E65/><V97/><F124/><W134/><G134/><T75/><D75/><U17/><E112/><V14/><F14/><W54/><G64/><T1/><D1/><U43/><E5/><V0/><F0/><W66/><G66/><T111/><D125/><U127/><E27/><V26/><F26/><W24/><G78/><T135/><D135/><U3/><E17/><V30/><F30/><W113/><G54/><T82/><D6/><U114/><E114/><N who="3" m="43530" /><G126/><T83/><D18/><U106/><E106/><V22/><F22/><N who="3" m="11647" /><G4/><T60/><D50/><U77/><E77/><V72/><F131/><W61/><G61/><T39/><D60/><U37/><E3/><V38/><F72/><W86/><G86/><T94/><D79/><U46/><E127/><V59/><F123/><W117/><G117/><T13/><D119/><U7/><E7/><V99/><F120/><W62/><G62/><T84/><D84/><U11/><REACH who="1" step="1"/><E45/><REACH who="1" ten="290,265,168,267" step="2"/><N who="2" m="23767" /><F107/><W69/><G69/><T110/><D13/><U48/><E48/><V10/><F10/><W74/><G74/><T132/><D132/><U9/><E9/><V23/><F23/><W80/><G80/><T21/><D21/><U36/><E36/><RYUUKYOKU ba="1,1" sc="290,0,265,0,168,0,267,0" hai0="39,41,49,52,57,82,83,87,91,94,108,110,111" hai1="11,12,16,25,29,33,37,43,46,53,55,95,96" hai2="56,58,59,81,85,93,97,98,99,100" hai3="20,24,88,89,90,102,103" /><INIT seed="4,2,1,1,1,105" ten="290,265,168,267" oya="0" hai0="28,125,121,117,122,98,108,55,112,17,67,123,16" hai1="47,3,60,113,106,53,21,130,110,83,76,35,48" hai2="120,96,11,100,103,72,133,6,41,18,114,61,79" hai3="80,78,87,31,14,19,56,82,20,46,32,9,62"/><T22/><D117/><U107/><E110/><V49/><F120/><W84/><G32/><T27/><D98/><U86/><E35/><V24/><F114/><W135/><G135/><T77/><D77/><U127/><E3/><V30/><F18/><W7/><G46/><T75/><D75/><U104/><E130/><V90/><F90/><W116/><G116/><T129/><D129/><U89/><E127/><V8/><F61/><W64/><G31/><T12/><D125/><U111/><E111/><V59/><F103/><W13/><REACH who="3" step="1"/><G82/><REACH who="3" ten="290,265,168,257" step="2"/><T119/><D119/><U63/><E113/><V134/><F30/><W25/><G25/><T57/><D112/><U94/><REACH who="1" step="1"/><E21/><REACH who="1" ten="290,255,168,257" step="2"/><V54/><F133/><W39/><G39/><T74/><D108/><U91/><E91/><V0/><F134/><W52/><G52/><T131/><D131/><U29/><E29/><V71/><F54/><W73/><AGARI ba="2,3" hai="7,9,13,14,19,20,56,62,64,73,78,80,84,87" machi="73" ten="20,5200,0" yaku="1,1,0,1,7,1,52,1,53,0" doraHai="105" doraHaiUra="51" who="3" fromWho="3" sc="290,-28,255,-15,168,-15,257,88" /><INIT seed="5,0,0,5,0,9" ten="262,240,153,345" oya="1" hai0="93,43,23,21,58,68,63,91,108,103,79,107,25" hai1="124,119,22,126,73,57,37,106,0,31,3,70,120" hai2="101,51,62,96,15,110,16,89,112,135,115,50,67" hai3="78,39,36,102,95,74,77,118,20,44,52,26,49"/><U99/><E70/><V109/><F89/><W82/><G118/><T94/><D107/><U129/><E119/><V32/><F32/><W60/><G78/><T134/><D68/><U41/><E120/><V97/><F135/><W30/><G102/><T83/><D43/><U29/><E73/><V98/><F101/><W131/><G131/><T116/><D116/><U81/><E81/><V90/><F90/><W123/><G123/><T5/><D5/><U11/><E57/><V85/><F85/><W87/><REACH who="3" step="1"/><G60/><REACH who="3" ten="262,240,153,335" step="2"/><T34/><D63/><U111/><E129/><V35/><F110/><W64/><G64/><T86/><D108/><U27/><E111/><V121/><F109/><W45/><G45/><T14/><D134/><U128/><E128/><V18/><F121/><W122/><G122/><T65/><D103/><U7/><E124/><V80/><F62/><W13/><G13/><T38/><D79/><U127/><E127/><V56/><F67/><W75/><G75/><T54/><D14/><U61/><E61/><V6/><F15/><W40/><G40/><T66/><D65/><U2/><E126/><V114/><F112/><W48/><G48/><T130/><D66/><U42/><E42/><V10/><F50/><W92/><G92/><T125/><D125/><U24/><E41/><V12/><F51/><W69/><G69/><T19/><D130/><U17/><E37/><V28/><F114/><W88/><AGARI ba="0,1" hai="20,26,30,36,39,44,49,52,74,77,82,87,88,95" machi="88" ten="30,8000,1" yaku="1,1,0,1,54,2,53,1" doraHai="9" doraHaiUra="105" who="3" fromWho="3" sc="262,-20,240,-40,153,-20,335,90" /><INIT seed="6,0,0,2,2,92" ten="242,200,133,425" oya="2" hai0="7,66,115,130,4,128,2,67,95,99,3,108,6" hai1="107,35,79,110,82,78,131,61,20,50,104,114,93" hai2="117,26,29,38,25,24,125,55,53,22,46,77,126" hai3="124,27,54,33,101,112,9,106,40,45,34,100,118"/><V19/><F117/><W80/><G118/><T113/><D108/><U42/><E35/><V63/><F77/><W105/><G54/><T15/><D15/><U17/><E110/><V103/><F103/><W62/><G62/><T76/><D76/><U1/><E1/><N who="0" m="9" /><D95/><U91/><E114/><N who="0" m="43529" /><D99/><U134/><E79/><V18/><F63/><W30/><G101/><T116/><D116/><U132/><E107/><V73/><F73/><W59/><G106/><T0/><N who="0" m="17" /><T52/><DORA hai="89" /><D52/><N who="2" m="20042" /><F46/><W97/><G45/><T84/><D84/><U13/><E104/><V122/><F122/><W44/><G44/><T129/><AGARI ba="0,0" hai="4,6,7,66,67,128,129,130" m="43529,17" machi="129" ten="60,8000,1" yaku="28,2,19,1,15,1" doraHai="92,89" who="0" fromWho="0" sc="242,80,200,-20,133,-40,425,-20" /><INIT seed="7,0,0,5,1,102" ten="322,180,93,405" oya="3" hai0="13,129,70,111,55,79,25,116,7,54,45,44,62" hai1="8,18,57,85,100,43,11,27,2,35,132,26,99" hai2="91,107,16,39,51,14,108,38,105,124,80,88,33" hai3="1,48,90,104,10,123,101,127,61,37,135,73,40"/><W34/><G61/><T131/><D79/><U87/><E132/><V46/><F108/><W95/><G101/><T93/><D93/><U68/><E68/><V81/><F33/><W69/><G48/><T29/><D70/><U106/><E43/><V4/><F4/><W110/><G90/><T86/><D86/><U22/><E2/><V122/><F122/><W118/><G40/><T47/><D62/><U23/><E35/><V63/><F124/><W52/><G10/><T56/><D56/><U9/><REACH who="1" step="1"/><E57/><REACH who="1" ten="322,170,93,405" step="2"/><V32/><F32/><W3/><G3/><T134/><D134/><U76/><E76/><V84/><F63/><W120/><G1/><T36/><D111/><U98/><E98/><V30/><F30/><AGARI ba="0,1" hai="8,9,11,18,22,23,26,27,30,85,87,99,100,106" machi="30" ten="40,2600,0" yaku="1,1,52,1,53,0" doraHai="102" doraHaiUra="67" who="1" fromWho="2" sc="322,0,170,36,93,-26,405,0" owari="322,12.2,206,-19.4,67,-43.3,405,50.5" /></mjloggm>