<mjloggm ver="2.3"><GO type="41" lobby="0"/><UN n0="%E9%9B%B7%E3%81%AE%E5%B7%AB%E5%A5%B3" n1="%E3%82%AD%E3%83%A3%E3%83%97%E3%83%86%E3%83%B3%E3%82%BF%E3%83%83%E3%82%AF" n2="%E2%93%9D%4C%75%63%6B%79%4A" n3="%68%61%6E%64%79%31%30%30" dan="15,15,16,13" rate="1970.69,1985.05,2157.06,1867.85" sx="F,M,M,M"/><TAIKYOKU oya="0"/><INIT seed="0,0,0,2,5,84" ten="250,250,250,250" oya="0" hai0="40,41,43,76,107,115,37,65,131,85,3,56,24" hai1="16,70,61,83,44,1,78,4,102,127,18,135,121" hai2="35,97,49,113,87,120,88,129,104,29,92,58,75" hai3="48,118,93,130,86,81,96,19,133,124,5,8,67"/><T0/><D115/><U68/><E102/><V74/><F113/><W52/><G118/><T109/><D131/><U53/><E127/><V125/><F35/><W42/><G124/><T7/><D107/><U105/><E105/><V134/><F29/><W47/><G133/><T89/><D76/><U79/><E79/><V111/><F125/><W94/><G67/><T73/><D73/><N who="2" m="27658" /><F49/><W99/><G19/><T9/><D109/><U54/><E135/><V13/><F13/><W60/><G99/><T110/><D110/><U34/><E34/><V45/><F45/><W50/><G60/><T90/><D37/><U36/><E54/><V25/><F25/><W63/><G63/><T26/><D85/><U103/><E53/><V126/><F58/><W114/><G96/><T66/><D3/><U6/><E1/><V11/><F11/><W22/><G22/><T10/><D10/><U21/><E36/><V30/><F30/><W123/><G130/><T72/><D72/><U77/><E70/><V80/><F126/><W15/><G123/><T39/><D39/><U23/><E68/><V95/><F120/><W46/><REACH who="3" step="1"/><G114/><REACH who="3" ten="250,250,250,240" step="2"/><T38/><D38/><U69/><E61/><V71/><F134/><W116/><G116/><T55/><D66/><U122/><E122/><V108/><F129/><W27/><G27/><N who="0" m="10283" /><D65/><U106/><E121/><V64/><F64/><W117/><G117/><T62/><D0/><U51/><E69/><V31/><F71/><W14/><G14/><N who="0" m="5439" /><D62/><U12/><E12/><V20/><F111/><W100/><G100/><T119/><D119/><U132/><E132/><RYUUKYOKU ba="0,1" sc="250,15,250,-15,250,-15,240,15" hai0="40,41,43,55,56,89,90" hai3="5,8,15,42,46,47,48,50,52,81,86,93,94" /><INIT seed="0,1,1,2,3,31" ten="265,235,235,255" oya="0" hai0="54,3,75,58,73,60,20,11,83,121,97,134,115" hai1="74,78,53,21,80,98,76,36,18,87,10,107,41" hai2="125,101,39,1,131,85,24,111,126,40,66,135,50" hai3="33,63,71,108,26,2,15,7,12,44,13,105,25"/><T16/><D115/><U93/><E53/><V102/><F1/><W100/><G44/><T95/><D134/><U34/><E34/><V5/><F5/><W113/><G113/><T91/><D121/><U79/><E10/><V59/><F85/><W84/><G84/><T23/><D23/><U57/><E57/><V120/><F131/><W62/><G108/><T77/><D11/><U42/><E42/><V30/><F111/><W109/><G109/><T119/><D3/><U49/><E49/><V106/><F106/><W72/><G72/><T28/><D28/><U67/><E67/><V90/><F90/><W123/><G123/><T45/><D45/><U47/><E107/><V14/><F14/><W129/><G129/><T130/><D130/><U46/><E46/><N who="2" m="23839" /><F135/><W61/><G71/><T22/><D22/><U86/><E86/><V112/><F112/><W69/><G69/><T122/><D75/><U68/><E68/><V55/><F66/><W116/><G116/><T132/><D119/><U0/><E0/><V110/><F120/><W52/><G105/><T29/><D132/><U35/><E35/><N who="2" m="20935" /><F110/><W64/><G64/><T56/><D29/><U81/><E81/><V133/><F133/><W51/><G33/><T128/><D128/><U65/><E65/><V103/><F126/><W8/><G100/><T118/><D118/><U89/><E87/><V9/><F125/><W104/><G104/><T43/><D122/><U48/><E36/><V99/><F99/><W38/><G38/><T32/><D58/><U17/><E21/><V94/><F9/><W117/><G117/><RYUUKYOKU ba="1,1" sc="265,-30,235,10,235,10,255,10" hai1="17,18,41,47,48,74,76,78,79,80,89,93,98" hai2="50,55,59,94,101,102,103" hai3="2,7,8,12,13,15,25,26,51,52,61,62,63" /><INIT seed="1,2,1,4,2,34" ten="235,245,245,265" oya="1" hai0="28,40,25,104,77,12,109,44,27,80,3,51,52" hai1="89,15,4,42,112,47,20,108,122,6,13,65,70" hai2="82,16,17,55,92,94,49,72,75,63,107,30,96" hai3="113,57,24,23,78,117,21,38,46,56,58,135,91"/><U60/><E122/><V48/><F107/><W127/><G113/><T43/><D104/><U45/><E112/><V134/><F30/><W71/><G71/><T19/><D109/><U59/><E108/><V83/><F63/><W99/><G117/><T8/><D27/><U79/><E79/><V32/><F55/><W76/><G135/><T74/><REACH who="0" step="1"/><D3/><REACH who="0" ten="225,245,245,265" step="2"/><U54/><E15/><V133/><REACH who="2" step="1"/><F96/><REACH who="2" ten="225,245,235,265" step="2"/><W10/><G99/><T84/><D84/><U68/><E60/><V114/><F114/><W100/><G24/><T105/><D105/><U98/><E98/><V50/><F50/><W131/><G38/><T110/><D110/><U101/><E54/><V73/><F73/><W29/><G29/><T86/><D86/><U103/><E42/><V125/><F125/><W37/><G37/><T132/><D132/><U9/><E65/><V67/><F67/><W2/><G127/><T66/><D66/><U31/><E31/><V129/><F129/><W118/><G131/><T111/><D111/><U62/><E62/><V61/><F61/><W11/><G118/><T36/><D36/><U22/><E68/><V120/><F120/><W121/><G121/><T128/><D128/><U35/><E70/><V53/><F53/><W39/><G39/><T33/><AGARI ba="2,3" hai="8,12,19,25,28,33,40,43,44,51,52,74,77,80" machi="33" ten="20,5200,0" yaku="1,1,0,1,7,1,54,1,53,0" doraHai="34" doraHaiUra="116" who="0" fromWho="0" sc="225,88,245,-28,235,-15,265,-15" /><INIT seed="2,0,0,5,5,37" ten="313,217,220,250" oya="2" hai0="31,22,54,70,32,50,10,19,40,1,90,87,134" hai1="93,11,17,47,34,69,110,46,107,49,80,44,8" hai2="0,130,64,125,127,117,104,114,25,41,74,43,48" hai3="51,75,60,12,4,123,83,28,99,121,133,106,108"/><V71/><F74/><W109/><G28/><T95/><D70/><U119/><E107/><V14/><F0/><W100/><G60/><T52/><D134/><U101/><E69/><V62/><F104/><W124/><G51/><T68/><D68/><U66/><E34/><V132/><F114/><W131/><G12/><N who="0" m="9575" /><D1/><U77/><E66/><V129/><F117/><W92/><G4/><T79/><D32/><U59/><E17/><V91/><F91/><W38/><G38/><T6/><D79/><U23/><E23/><V113/><F113/><W76/><G133/><T128/><D128/><N who="2" m="49258" /><F132/><W55/><G55/><T122/><D122/><U103/><E77/><V102/><F102/><W65/><G65/><T112/><D112/><U33/><E101/><V21/><F14/><W24/><G24/><T73/><D73/><U27/><E103/><V82/><F82/><W135/><G131/><T120/><D120/><N who="3" m="46153" /><G135/><T26/><D6/><U15/><E80/><V58/><F71/><W96/><G124/><N who="2" m="47689" /><F48/><W72/><G72/><T57/><D10/><U9/><E49/><V18/><AGARI ba="0,0" hai="18,21,25,41,43,58,62,64" m="47689,49258" machi="18" ten="30,11700,0" yaku="19,1,18,1,52,2" doraHai="37" who="2" fromWho="2" sc="313,-39,217,-39,220,117,250,-39" /><INIT seed="2,1,0,3,0,94" ten="274,178,337,211" oya="2" hai0="91,72,25,76,71,133,42,23,24,61,31,9,57" hai1="48,2,116,110,22,20,60,8,122,73,30,85,63" hai2="36,0,103,12,33,6,56,32,81,109,96,125,7" hai3="66,3,131,65,52,13,26,41,82,88,129,28,123"/><V104/><F36/><W51/><G3/><T86/><D133/><U29/><E73/><V107/><F125/><W117/><G117/><T39/><D71/><U79/><E2/><V89/><F0/><W135/><G123/><T50/><D39/><U112/><E8/><V84/><F107/><W87/><G41/><T100/><D100/><U10/><E10/><V119/><F119/><W114/><G135/><T132/><D132/><U14/><E14/><V121/><F121/><W113/><G13/><T19/><D72/><U99/><E85/><V35/><F109/><W127/><G26/><T102/><D76/><U27/><E79/><V130/><F130/><N who="3" m="49675" /><G28/><T115/><D102/><U118/><E27/><V120/><F120/><W40/><G40/><T59/><D61/><U54/><E110/><V68/><F68/><W37/><G37/><T92/><D115/><N who="3" m="44041" /><G127/><T16/><D25/><U34/><E112/><V43/><F43/><W11/><G11/><T45/><D9/><U108/><E108/><V17/><REACH who="2" step="1"/><F56/><AGARI ba="1,0" hai="51,52,56,65,66,82,87,88" m="44041,49675" machi="56" ten="30,7700,0" yaku="19,1,11,1,54,2" doraHai="94" who="3" fromWho="2" sc="274,0,178,0,337,-80,211,80" /><AGARI ba="1,0" hai="16,19,23,24,31,42,45,50,56,57,59,86,91,92" machi="56" ten="40,2600,0" yaku="8,1,54,1" doraHai="94" who="0" fromWho="2" sc="274,26,178,0,257,-26,291,0" /><INIT seed="3,0,0,4,4,1" ten="300,178,231,291" oya="3" hai0="126,79,10,83,128,59,61,20,74,38,88,100,71" hai1="48,84,9,98,111,56,36,76,14,101,119,89,114" hai2="12,51,35,11,30,23,21,57,37,91,26,17,134" hai3="69,96,3,72,53,39,2,49,44,108,43,34,107"/><W33/><G108/><T52/><D126/><U85/><E36/><V95/><F37/><W118/><G118/><T54/><D128/><U81/><E111/><V127/><F127/><W112/><G112/><T97/><D38/><U24/><E24/><V50/><F134/><W93/><G69/><T65/><D20/><U32/><E32/><V15/><F57/><W104/><G2/><T6/><D71/><U13/><E114/><V94/><F95/><W31/><G31/><T90/><D54/><U18/><E14/><V75/><F75/><W62/><G62/><T66/><D65/><U29/><E29/><V113/><F35/><W7/><G34/><T0/><D66/><U73/><E119/><V133/><F133/><W82/><G33/><T99/><D99/><U45/><E56/><V58/><F58/><W41/><G41/><T78/><D78/><U16/><E18/><V129/><F129/><W87/><G53/><T5/><D5/><U19/><E19/><N who="2" m="10751" /><F113/><W22/><G22/><T64/><D64/><U117/><E117/><V8/><F11/><N who="3" m="2559" /><G49/><T55/><D55/><U92/><REACH who="1" step="1"/><E89/><REACH who="1" ten="300,168,231,291" step="2"/><V42/><F42/><AGARI ba="0,1" hai="9,13,16,42,45,48,73,76,81,84,85,92,98,101" machi="42" ten="30,7700,0" yaku="1,1,2,1,7,1,54,1,53,0" doraHai="1" doraHaiUra="70" who="1" fromWho="2" sc="300,0,168,87,231,-77,291,0" /><INIT seed="4,0,0,2,0,27" ten="300,255,154,291" oya="0" hai0="61,51,66,104,83,41,57,80,39,62,135,30,81" hai1="109,130,59,111,84,127,78,95,16,28,32,4,54" hai2="58,85,3,9,131,64,55,6,115,65,72,67,108" hai3="97,26,71,134,114,50,19,118,73,5,121,74,34"/><T102/><D135/><U23/><E4/><V17/><F108/><W126/><G118/><T45/><D62/><U110/><E130/><V46/><F72/><W105/><G50/><T52/><D102/><U20/><E127/><V29/><F115/><W38/><G19/><T49/><D104/><U120/><E120/><V113/><F113/><W133/><G5/><T48/><REACH who="0" step="1"/><D30/><REACH who="0" ten="290,255,154,291" step="2"/><U11/><E28/><V33/><F29/><N who="3" m="19767" /><G114/><T112/><D112/><U132/><E132/><N who="3" m="50794" /><G126/><T76/><D76/><U37/><E111/><V60/><F60/><W15/><G121/><T119/><D119/><U10/><E110/><V40/><F131/><W79/><G79/><T106/><D106/><U99/><E78/><V24/><F67/><AGARI ba="0,1" hai="39,41,45,48,49,51,52,57,61,66,67,80,81,83" machi="67" ten="40,3900,0" yaku="1,1,54,1,53,0" doraHai="27" doraHaiUra="124" who="0" fromWho="2" sc="290,49,255,0,154,-39,291,0" /><INIT seed="4,1,0,2,1,2" ten="339,255,115,291" oya="0" hai0="85,63,45,27,96,56,25,17,40,43,81,75,86" hai1="69,97,13,77,21,29,49,116,95,106,130,19,55" hai2="92,110,98,41,54,33,28,107,24,22,46,111,103" hai3="100,47,30,132,67,60,93,127,122,4,14,126,9"/><T72/><D72/><U59/><E69/><V135/><F135/><W61/><G132/><T26/><D75/><U134/><E130/><V7/><F54/><W123/><G47/><T70/><D70/><U34/><E106/><V90/><F33/><W108/><G67/><T44/><D96/><U1/><E1/><V94/><F107/><W99/><G108/><T119/><D119/><U42/><E116/><V129/><F129/><W11/><G30/><T101/><D101/><U52/><E77/><V89/><F7/><N who="3" m="3391" /><G60/><T71/><D71/><U57/><E42/><N who="0" m="15913" /><D17/><U133/><E29/><V128/><F128/><W114/><G61/><T73/><D73/><U113/><E34/><V62/><F62/><W18/><G18/><T20/><D20/><U38/><E38/><V65/><F65/><W121/><G114/><T91/><D86/><U76/><E113/><V83/><F111/><W102/><G102/><T87/><D87/><U5/><E133/><V112/><F110/><W115/><G115/><T36/><D36/><U105/><E105/><V23/><F23/><W8/><G8/><T6/><D6/><U37/><E5/><V104/><F112/><W31/><G31/><T51/><D51/><U78/><E37/><N who="2" m="21807" /><F104/><W117/><G117/><T66/><AGARI ba="1,0" hai="25,26,27,44,45,56,63,66,81,85,91" m="15913" machi="66" ten="30,1500,0" yaku="8,1" doraHai="2" who="0" fromWho="0" sc="339,18,255,-6,115,-6,291,-6" /><INIT seed="4,2,0,2,5,135" ten="357,249,109,285" oya="0" hai0="68,71,27,92,120,114,118,134,97,35,129,54,111" hai1="69,37,21,6,79,56,47,131,61,100,30,12,117" hai2="89,31,7,66,82,133,48,80,29,115,106,74,16" hai3="18,55,58,85,24,128,34,32,83,44,46,70,19"/><T103/><D114/><U75/><E69/><V127/><F106/><W17/><G70/><T95/><D118/><U91/><E100/><V107/><F7/><W22/><G128/><T38/><D120/><U25/><E91/><V0/><F0/><W76/><G34/><T105/><D111/><U130/><E117/><V1/><F1/><W3/><G32/><T124/><D134/><U126/><E79/><V39/><F39/><W99/><G99/><T132/><D132/><U53/><E75/><V64/><F107/><W109/><G3/><T11/><D129/><U78/><E78/><V84/><F115/><W96/><G96/><T86/><D11/><U72/><E72/><V98/><F98/><W65/><G65/><N who="2" m="25193" /><F74/><W20/><G109/><T67/><D71/><U15/><E6/><V2/><F2/><W77/><G77/><T108/><D108/><U57/><E131/><V87/><F48/><W59/><G59/><T5/><D5/><U110/><E56/><V45/><F45/><W119/><G119/><T36/><D54/><U28/><E110/><V4/><F4/><W102/><G102/><T122/><D95/><U50/><E37/><N who="0" m="14441" /><D92/><U90/><E130/><V121/><F121/><W123/><G123/><T62/><D86/><U104/><E104/><V23/><F133/><W8/><G8/><T52/><D52/><U13/><E53/><V88/><F89/><W26/><G19/><T125/><D122/><U14/><E90/><V63/><F88/><W40/><G40/><T93/><D93/><U73/><E73/><V113/><F113/><W42/><G42/><RYUUKYOKU ba="2,0" sc="357,15,249,-15,109,-15,285,15" hai0="27,35,62,67,68,97,103,105,124,125" hai3="17,18,20,22,24,26,44,46,55,58,76,83,85" /><INIT seed="4,3,0,5,2,104" ten="372,234,94,300" oya="0" hai0="116,117,82,8,132,93,38,92,88,89,91,76,133" hai1="97,108,129,134,13,106,77,30,80,85,78,118,12" hai2="32,18,109,124,33,74,14,100,42,10,70,23,28" hai3="39,58,125,46,114,123,26,31,25,17,120,1,126"/><T111/><D38/><U3/><E30/><V56/><F70/><W94/><G94/><N who="0" m="36459" /><D111/><U112/><E3/><V59/><F100/><W122/><G58/><T6/><D6/><U66/><E66/><V9/><F42/><W68/><G46/><T71/><D71/><U113/><E12/><V2/><F74/><W72/><G72/><N who="0" m="43271" /><D8/><U53/><E13/><V115/><F115/><N who="1" m="44105" /><E53/><V55/><F109/><W102/><G102/><T57/><D57/><U11/><E11/><V36/><F36/><W54/><G54/><T37/><D37/><U50/><E50/><V105/><F59/><W34/><G68/><T69/><D69/><U87/><E108/><V130/><F10/><W7/><G39/><T75/><D75/><N who="1" m="43071" /><E78/><V61/><F9/><N who="3" m="2287" /><G114/><T22/><D22/><AGARI ba="3,0" hai="17,22,25,26,31,34,120,122,123,125,126" m="2287" machi="22" ten="40,5200,0" yaku="13,1,34,2" doraHai="104" who="3" fromWho="0" sc="372,-61,234,0,94,0,300,61" /><INIT seed="5,0,0,5,4,130" ten="311,234,94,361" oya="1" hai0="52,106,7,127,3,111,20,34,71,65,67,102,74" hai1="16,60,38,70,19,8,117,54,27,32,58,23,73" hai2="6,114,18,49,125,44,129,5,13,14,29,28,107" hai3="37,87,63,68,59,26,121,134,86,108,31,76,17"/><U55/><E73/><V120/><F107/><W2/><G108/><T81/><D111/><U82/><E38/><V45/><F125/><W75/><G121/><T119/><D127/><U110/><E70/><V94/><F120/><W33/><G17/><T109/><D109/><U62/><E117/><V42/><F129/><W101/><G37/><T126/><D126/><U12/><E32/><V4/><F114/><W36/><G36/><T123/><D119/><U91/><E110/><V122/><F122/><W69/><G2/><T90/><D20/><U0/><E0/><V80/><F80/><W25/><G25/><T98/><D67/><U131/><E131/><V51/><F94/><W133/><G101/><T100/><D100/><U35/><E35/><V9/><REACH who="2" step="1"/><F14/><REACH who="2" ten="311,234,84,361" step="2"/><W72/><G76/><T30/><D123/><U83/><E91/><V41/><AGARI ba="0,1" hai="4,5,6,9,13,18,28,29,41,42,44,45,49,51" machi="41" ten="30,8000,1" yaku="1,1,2,1,0,1,9,1,8,1,53,0" doraHai="130" doraHaiUra="84" who="2" fromWho="2" sc="311,-20,234,-40,84,90,361,-20" /><INIT seed="6,0,0,5,0,19" ten="291,194,174,341" oya="2" hai0="64,107,127,121,33,62,92,82,2,45,67,81,66" hai1="8,89,126,71,63,125,49,11,24,101,52,3,106" hai2="95,98,22,118,105,76,73,131,34,133,48,27,53" hai3="44,38,31,78,40,26,96,99,87,69,15,102,5"/><V80/><F118/><W88/><G69/><T55/><D107/><U47/><E3/><V43/><F133/><W93/><G5/><T56/><D121/><U94/><E101/><V9/><F131/><W70/><G15/><T32/><D2/><U113/><E106/><V46/><F105/><W36/><G70/><T77/><D33/><U57/><E71/><V90/><F34/><W41/><G78/><T114/><D32/><U54/><E113/><V112/><F112/><W84/><G26/><T28/><D28/><U65/><E65/><V128/><F128/><W130/><G31/><T13/><D127/><N who="1" m="48651" /><E24/><V68/><F68/><W14/><G14/><T103/><D13/><U4/><E4/><V79/><F79/><W117/><G130/><T59/><D45/><U10/><E10/><V61/><F9/><W12/><G12/><T18/><D18/><U120/><E120/><V134/><F134/><W97/><G117/><T30/><D30/><U21/><E21/><V111/><F111/><W23/><G23/><T123/><D123/><U85/><AGARI ba="0,0" hai="8,11,47,49,52,54,57,63,85,89,94" m="48651" machi="85" ten="30,2000,0" yaku="18,1,54,1" doraHai="19" who="1" fromWho="1" sc="291,-5,194,20,174,-10,341,-5" /><INIT seed="7,0,0,1,1,118" ten="286,214,164,336" oya="3" hai0="109,99,58,113,31,84,96,74,120,11,101,116,4" hai1="28,19,56,1,52,69,0,54,45,106,108,111,37" hai2="122,14,44,130,36,12,35,30,8,86,78,105,9" hai3="80,85,125,5,27,47,13,131,2,124,115,89,68"/><W134/><G68/><T67/><D116/><U16/><E56/><V53/><F105/><W110/><G2/><T40/><D109/><U71/><E45/><V123/><F130/><W43/><G131/><T7/><D74/><U91/><E28/><V103/><F103/><W34/><G110/><T83/><D31/><U32/><E91/><V64/><F64/><W22/><G34/><T33/><D33/><U18/><E18/><V6/><F78/><W133/><G115/><T20/><D113/><U94/><E94/><V24/><F86/><W112/><G13/><T50/><D120/><N who="2" m="46122" /><F53/><W104/><G5/><T29/><D7/><U61/><E106/><V126/><F126/><N who="3" m="48747" /><G104/><T63/><D101/><U93/><E54/><V55/><F55/><W46/><G46/><N who="0" m="25927" /><D4/><U117/><E52/><V66/><F66/><W17/><G112/><T3/><D3/><U76/><E117/><V90/><F90/><W15/><G27/><N who="0" m="16615" /><D11/><N who="2" m="4170" /><F6/><W129/><G129/><T95/><D95/><U88/><E76/><AGARI ba="0,0" hai="58,63,67,76,83,84,96,99" m="16615,25927" machi="76" ten="30,1000,0" yaku="8,1" doraHai="118" who="0" fromWho="1" sc="286,10,214,-10,164,0,336,0" owari="296,9.6,204,-19.6,164,-33.6,336,43.6" /></mjloggm>