<mjloggm ver="2.3"><GO type="137" lobby="0"/><UN n0="%E2%93%9D%4C%75%63%6B%79%4A" n1="%E8%8A%9D%E6%A1%9C%32" n2="%E9%9B%A3%E6%B3%A2%E3%81%AE%E3%83%9E%E3%83%BC%E3%83%81%E3%83%A3%E3%82%AA" n3="%E6%96%8E%E8%97%A4%E7%A7%80%E9%9B%84" dan="12,12,11,11" rate="1817.04,1712.27,1636.80,1690.57" sx="M,F,M,M"/><TAIKYOKU oya="0"/><INIT seed="0,0,0,5,5,59" ten="250,250,250,250" oya="0" hai0="93,110,61,99,127,18,58,126,90,113,23,49,124" hai1="24,78,62,128,81,98,38,40,119,105,3,101,65" hai2="34,112,20,8,85,11,10,129,43,13,64,41,36" hai3="50,97,108,37,54,123,26,66,71,33,133,4,17"/><T84/><D113/><U104/><E119/><V106/><F112/><W80/><G108/><T95/><D110/><U107/><E128/><V94/><F129/><W77/><G37/><T30/><D30/><U15/><E3/><V16/><F106/><W25/><G133/><T48/><D95/><U109/><E109/><V27/><F36/><W51/><G4/><T57/><D58/><U31/><E15/><V69/><F41/><W12/><G50/><T70/><D70/><N who="1" m="42295" /><E40/><V72/><F43/><W1/><G1/><T122/><D122/><U68/><E38/><V22/><F72/><W76/><G97/><T42/><D84/><N who="1" m="48183" /><E68/><V47/><F34/><AGARI ba="0,0" hai="24,31,34,98,101,104,105,107" m="48183,42295" machi="34" ten="30,2000,0" yaku="25,1,52,1" doraHai="59" who="1" fromWho="2" sc="250,0,250,20,250,-20,250,0" /><INIT seed="1,0,0,3,3,24" ten="250,270,230,250" oya="1" hai0="72,17,130,125,82,113,23,81,109,128,119,39,90" hai1="33,85,91,43,116,44,50,66,123,105,64,41,80" hai2="93,29,34,22,73,101,71,103,8,65,89,104,5" hai3="79,102,31,67,14,13,36,83,108,51,124,127,49"/><U59/><E123/><V122/><F104/><W88/><G36/><T92/><D39/><U52/><E116/><V18/><F122/><W2/><G2/><T21/><D119/><U77/><E105/><V76/><F34/><W111/><G102/><T86/><D23/><U25/><E77/><V69/><F29/><W47/><G67/><T26/><D113/><U118/><E118/><V132/><F132/><W61/><G61/><T135/><D109/><N who="3" m="42057" /><G31/><T120/><D135/><U9/><E9/><V100/><F65/><W53/><G51/><T121/><D125/><N who="3" m="48201" /><G88/><T1/><D1/><U95/><E41/><V56/><F100/><W74/><AGARI ba="0,0" hai="13,14,47,49,53,74,79,83" m="48201,42057" machi="74" ten="30,2000,0" yaku="14,1,18,1" doraHai="24" who="3" fromWho="3" sc="250,-5,270,-10,230,-5,250,20" /><INIT seed="2,0,0,0,1,69" ten="245,260,225,270" oya="2" hai0="57,4,89,101,77,35,130,105,66,124,2,46,75" hai1="32,23,128,27,116,123,95,117,113,12,109,44,29" hai2="104,18,58,91,49,86,74,134,120,24,73,126,114" hai3="119,82,133,71,56,5,10,81,47,63,3,132,72"/><V14/><F120/><W13/><G119/><N who="1" m="45642" /><E95/><V87/><F114/><W21/><G71/><T45/><D35/><U33/><E44/><V92/><F134/><N who="3" m="51819" /><G21/><T70/><D89/><U64/><E64/><V8/><F126/><W9/><G47/><T83/><D46/><U52/><E52/><V84/><F104/><W67/><G72/><T22/><D22/><N who="1" m="15607" /><E123/><V34/><F74/><W110/><G110/><T48/><D57/><U131/><E113/><V53/><REACH who="2" step="1"/><F73/><REACH who="2" ten="245,260,215,270" step="2"/><W0/><G0/><T118/><D2/><U88/><E109/><V103/><F103/><W54/><G67/><T121/><D66/><U7/><E88/><V79/><F79/><W38/><G82/><T36/><D83/><U97/><E97/><V20/><F20/><W78/><G81/><T25/><D121/><U28/><E28/><AGARI ba="0,1" hai="8,14,18,24,28,34,49,53,58,84,86,87,91,92" machi="28" ten="40,3900,0" yaku="1,1,53,1" doraHai="69" doraHaiUra="31" who="2" fromWho="1" sc="245,0,260,-39,215,49,270,0" /><INIT seed="2,1,0,0,2,72" ten="245,221,264,270" oya="2" hai0="108,15,121,16,6,41,54,134,18,98,126,24,122" hai1="32,55,83,89,131,0,26,86,13,118,48,99,111" hai2="30,45,58,101,19,127,37,104,67,94,34,9,70" hai3="39,33,106,78,79,47,114,77,132,124,75,112,117"/><V91/><F127/><W82/><G117/><T97/><D41/><U28/><E118/><V7/><F104/><W90/><G124/><T92/><D126/><U74/><E111/><V107/><F107/><W109/><G109/><T40/><D108/><U50/><E131/><V21/><F101/><W44/><G33/><T11/><D40/><U62/><E0/><V4/><F34/><W31/><G31/><T130/><D98/><U65/><E99/><V87/><F30/><W105/><G39/><T23/><D134/><U29/><E29/><V81/><F9/><W102/><G132/><T129/><D54/><U25/><E25/><V123/><F123/><N who="0" m="47114" /><D92/><U103/><E103/><V20/><F37/><W59/><G106/><T68/><D68/><U125/><E125/><V61/><F45/><W73/><G59/><T8/><D97/><U80/><E13/><AGARI ba="1,0" hai="6,8,11,13,15,16,18,23,24,129,130" m="47114" machi="13" ten="30,3900,0" yaku="34,2,54,1" doraHai="72" who="0" fromWho="1" sc="245,42,221,-42,264,0,270,0" /><INIT seed="3,0,0,4,3,63" ten="287,179,264,270" oya="3" hai0="0,131,6,111,3,68,45,53,100,20,81,59,16" hai1="4,28,82,134,129,66,89,47,76,14,87,5,36" hai2="40,83,58,37,116,119,29,79,74,107,127,2,84" hai3="103,106,123,75,7,95,49,80,54,44,34,88,35"/><W98/><G123/><T69/><D100/><U27/><E129/><V78/><F78/><W10/><G75/><T121/><D121/><U92/><E134/><V50/><F37/><W133/><G133/><T12/><D131/><U9/><E36/><V114/><F114/><W130/><G80/><T18/><D45/><U46/><E4/><V112/><F112/><W42/><G54/><T96/><D96/><U102/><E102/><V8/><F107/><W135/><G135/><T52/><D111/><U32/><REACH who="1" step="1"/><E66/><REACH who="1" ten="287,169,264,270" step="2"/><V48/><F119/><W91/><G130/><T38/><D6/><U118/><E118/><V26/><F116/><W73/><G73/><AGARI ba="0,1" hai="5,9,14,27,28,32,46,47,73,76,82,87,89,92" machi="73" ten="30,2000,0" yaku="1,1,7,1,53,0" doraHai="63" doraHaiUra="128" who="1" fromWho="3" sc="287,0,169,30,264,0,270,-20" /><INIT seed="4,0,0,4,1,48" ten="287,199,264,250" oya="0" hai0="14,17,101,104,12,122,89,133,103,1,5,77,108" hai1="42,121,3,60,102,84,15,23,44,130,90,8,69" hai2="11,100,79,124,46,117,31,16,106,86,118,134,123" hai3="47,92,54,71,10,128,62,51,36,20,129,75,63"/><T135/><D122/><U78/><E121/><V37/><F123/><W96/><G75/><T93/><D1/><U85/><E130/><N who="3" m="50282" /><G71/><T24/><D104/><U4/><E102/><N who="0" m="38921" /><D5/><U127/><E127/><V97/><F124/><W49/><G10/><T111/><D24/><U40/><E69/><V126/><F126/><W73/><G73/><T131/><D17/><U2/><E60/><V38/><F134/><N who="0" m="51210" /><D77/><U94/><E23/><V87/><F31/><W76/><G76/><T109/><D131/><U27/><E27/><V66/><F66/><W107/><G107/><T30/><D30/><U68/><E68/><V32/><F32/><W81/><G81/><T59/><D59/><U114/><E114/><V113/><F113/><W110/><G20/><T116/><D116/><N who="2" m="44650" /><F79/><W35/><G35/><T91/><D93/><U34/><E34/><V64/><F64/><W112/><G92/><T7/><D7/><U26/><E26/><V19/><F19/><W39/><G96/><T74/><D74/><U61/><E61/><N who="3" m="23050" /><G112/><T21/><D21/><U119/><E119/><V13/><F46/><N who="3" m="27959" /><G110/><T52/><D111/><U65/><E65/><V70/><F70/><W57/><G57/><T95/><D109/><U55/><E2/><V115/><F115/><W50/><G50/><T45/><D108/><U29/><E3/><V132/><F132/><W33/><G33/><T0/><D0/><U125/><E125/><V6/><F6/><W105/><G105/><T41/><D95/><U82/><E29/><V83/><F83/><W67/><G67/><T9/><D9/><U22/><E22/><RYUUKYOKU ba="0,0" sc="287,-30,199,10,264,10,250,10" hai1="4,8,15,40,42,44,55,78,82,84,85,90,94" hai2="11,13,16,37,38,86,87,97,100,106" hai3="36,39,47,51" /><INIT seed="5,1,0,5,1,82" ten="257,209,274,260" oya="1" hai0="31,57,128,116,54,132,62,85,35,118,115,66,43" hai1="91,75,4,1,30,11,5,104,96,110,59,67,15" hai2="19,94,51,113,90,129,99,18,36,103,38,71,14" hai3="13,100,47,105,25,0,112,44,45,93,78,37,32"/><U69/><E75/><V111/><F111/><W34/><G112/><T3/><D3/><U8/><E69/><V73/><F113/><W101/><G105/><T106/><D106/><U77/><E30/><V27/><F129/><W7/><G0/><T124/><D115/><U61/><E110/><V24/><F71/><W48/><G37/><T76/><D43/><U17/><E77/><V16/><F36/><W86/><G34/><T39/><D39/><U135/><E135/><V53/><F38/><W65/><G65/><T70/><D124/><U2/><E104/><V126/><F126/><W23/><G32/><T72/><D72/><U131/><E131/><V81/><F73/><W63/><G63/><T102/><D102/><U42/><E42/><V121/><F121/><W52/><G101/><T95/><D132/><U41/><E41/><V79/><F79/><W107/><G107/><T68/><D70/><U49/><E49/><V12/><F27/><W88/><G100/><T26/><D128/><U87/><E96/><V40/><F24/><W125/><G78/><T89/><REACH who="0" step="1"/><D76/><REACH who="0" ten="247,209,274,260" step="2"/><U58/><E58/><N who="2" m="33087" /><F40/><W84/><G125/><T20/><D20/><U10/><REACH who="1" step="1"/><E91/><REACH who="1" ten="247,199,274,260" step="2"/><V64/><F64/><W56/><G25/><T98/><D98/><U134/><E134/><V123/><F123/><W46/><N who="3" m="11264" /><DORA hai="29" /><W108/><G108/><T60/><AGARI ba="1,2" hai="26,31,35,54,57,60,62,66,68,85,89,95,116,118" machi="60" ten="20,12000,2" yaku="1,1,0,1,7,1,52,2,53,1" doraHai="82,29" doraHaiUra="28,127" who="0" fromWho="0" sc="247,143,199,-61,274,-31,260,-31" /><INIT seed="6,0,0,5,5,72" ten="390,138,243,229" oya="2" hai0="106,40,66,131,59,78,86,45,56,115,123,104,116" hai1="112,60,20,6,90,4,51,65,28,76,118,53,92" hai2="117,31,25,5,36,70,47,113,93,85,109,99,18" hai3="133,130,37,38,120,42,10,46,67,11,88,27,124"/><V21/><F117/><W16/><G120/><T9/><D123/><U125/><E118/><V33/><F109/><W82/><G124/><T80/><D116/><U14/><E125/><V50/><F113/><W81/><G130/><T103/><D115/><U69/><E112/><V61/><F36/><W17/><G67/><T32/><D32/><U126/><E126/><V63/><F70/><W3/><G133/><T15/><D131/><U64/><E64/><V97/><F97/><W73/><G38/><T83/><D83/><U34/><E34/><V84/><F5/><N who="3" m="1343" /><G11/><T100/><D106/><U58/><E76/><V2/><F2/><W105/><G105/><T52/><D59/><U121/><E121/><V102/><F33/><W77/><G27/><T41/><D66/><U98/><REACH who="1" step="1"/><E28/><REACH who="1" ten="390,128,243,229" step="2"/><V26/><F31/><W29/><G29/><T101/><D104/><U119/><E119/><V30/><F30/><W19/><G19/><AGARI ba="0,1" hai="4,6,14,19,20,51,53,58,60,65,69,90,92,98" machi="19" ten="40,1300,0" yaku="1,1,53,0" doraHai="72" doraHaiUra="79" who="1" fromWho="3" sc="390,0,128,23,243,0,229,-13" /><INIT seed="7,0,0,5,4,95" ten="390,151,243,216" oya="3" hai0="18,45,42,57,16,65,22,122,60,117,6,75,128" hai1="36,15,48,61,88,14,115,34,86,46,84,66,113" hai2="50,39,129,116,72,89,133,123,99,21,62,70,90" hai3="2,44,52,102,80,12,97,11,83,8,114,130,108"/><W125/><G114/><N who="1" m="43530" /><E34/><V92/><F39/><W96/><G125/><T126/><D75/><U111/><E36/><V64/><F133/><W55/><G130/><T33/><D6/><U76/><E111/><V69/><F129/><W20/><G2/><T79/><D79/><U25/><E25/><V87/><F116/><W32/><G32/><T104/><D18/><U119/><E119/><V43/><F123/><W51/><G55/><T58/><D58/><N who="1" m="37175" /><E76/><V106/><F72/><W74/><G74/><T1/><D33/><U98/><E46/><V4/><F70/><W35/><G35/><T31/><D122/><U91/><E48/><V13/><F106/><W0/><G20/><T93/><D22/><U59/><E59/><V63/><F63/><W121/><G121/><T71/><D128/><U30/><E30/><V134/><F134/><W23/><G0/><T5/><D1/><U19/><E91/><V135/><F135/><W107/><G108/><T28/><D31/><U67/><E67/><V7/><F43/><W49/><G49/><T94/><D28/><U101/><E101/><V82/><REACH who="2" step="1"/><F50/><REACH who="2" ten="390,151,233,216" step="2"/><W131/><G131/><T124/><D117/><U56/><E56/><V47/><F47/><W132/><G132/><T81/><D45/><U68/><E68/><V24/><F24/><W10/><G107/><T26/><D104/><U27/><E27/><V105/><F105/><W73/><G73/><T41/><D71/><U103/><E103/><V100/><F100/><W85/><G102/><T29/><D29/><U127/><E127/><N who="0" m="48681" /><D26/><U40/><E40/><N who="0" m="15465" /><D60/><U77/><E14/><RYUUKYOKU ba="0,1" sc="390,-10,151,-10,233,30,216,-10" hai2="4,7,13,21,62,64,69,82,87,89,90,92,99" owari="390,49.0,141,-35.9,263,6.3,206,-19.4" /></mjloggm>