<mjloggm ver="2.3"><GO type="41" lobby="0"/><UN n0="%44%C3%97%44" n1="%6B%75%6E%72%6F%6B%75" n2="%E3%82%82%E3%82%82%E3%81%BE%E3%82%81%38%E5%8F%B7" n3="%E2%93%9D%4C%75%63%6B%79%4A" dan="13,15,13,16" rate="1880.43,2052.07,1915.69,2151.91" sx="M,M,F,M"/><TAIKYOKU oya="0"/><INIT seed="0,0,0,4,2,54" ten="250,250,250,250" oya="0" hai0="91,80,86,134,113,124,65,102,92,59,5,22,108" hai1="8,98,96,49,48,42,60,41,19,6,97,89,31" hai2="76,13,111,126,85,107,74,125,32,62,115,53,61" hai3="27,39,130,7,99,88,21,33,119,55,103,45,94"/><T1/><D113/><U66/><E31/><V63/><F32/><W77/><G119/><T18/><D124/><U52/><E89/><V132/><F107/><W122/><G130/><T81/><D134/><U70/><E48/><V131/><F74/><W50/><G122/><T56/><D65/><U133/><E19/><V69/><F115/><W135/><G33/><T29/><D29/><U58/><REACH who="1" step="1"/><E133/><REACH who="1" ten="250,240,250,250" step="2"/><V34/><F132/><W20/><G135/><T73/><D108/><U37/><E37/><V51/><F111/><W9/><G39/><T26/><D102/><U93/><E93/><V14/><F125/><W79/><G103/><T72/><D81/><U40/><E40/><V17/><F126/><W118/><G118/><T23/><D80/><U129/><E129/><V67/><F131/><W47/><G47/><T2/><D5/><U15/><AGARI ba="0,1" hai="6,8,15,41,42,49,52,58,60,66,70,96,97,98" machi="15" ten="30,12000,2" yaku="1,1,0,1,52,1,54,1,53,2" doraHai="54" doraHaiUra="36" who="1" fromWho="1" sc="250,-60,240,130,250,-30,250,-30" /><INIT seed="1,0,0,0,1,73" ten="190,370,220,220" oya="1" hai0="118,38,13,62,31,30,22,86,53,64,37,89,7" hai1="46,55,117,102,126,68,81,19,26,25,107,133,49" hai2="67,60,27,69,0,51,66,17,47,12,112,129,21" hai3="109,14,128,82,4,1,59,65,40,135,36,11,132"/><U97/><E133/><N who="3" m="51274" /><G65/><T72/><D72/><U57/><E117/><V3/><F129/><W8/><G59/><T123/><D118/><U84/><E68/><V70/><F112/><W5/><G40/><T99/><D123/><U29/><E126/><V58/><F58/><W24/><G36/><T125/><D53/><U108/><E108/><V75/><F75/><W111/><G82/><T119/><D99/><U61/><E19/><V101/><F101/><W20/><G128/><T45/><D45/><U15/><E15/><V88/><F67/><W87/><G87/><T71/><D31/><AGARI ba="0,0" hai="1,4,5,8,11,14,20,24,31,109,111" m="51274" machi="31" ten="30,3900,0" yaku="20,1,34,2" doraHai="73" who="3" fromWho="0" sc="190,-39,370,0,220,0,220,39" /><INIT seed="2,0,0,3,4,97" ten="151,370,220,259" oya="2" hai0="86,79,100,101,29,20,122,73,2,96,35,19,54" hai1="74,71,117,89,98,67,131,105,134,66,38,34,84" hai2="95,106,81,108,10,28,116,120,59,109,61,83,36" hai3="78,76,123,24,3,91,6,16,39,110,82,68,99"/><V127/><F36/><W7/><G68/><T25/><D2/><U114/><RYUUKYOKU type="yao9" ba="0,0" sc="151,0,370,0,220,0,259,0" hai1="34,38,66,67,71,74,84,89,98,105,114,117,131,134" /><INIT seed="2,1,0,5,5,102" ten="151,370,220,259" oya="2" hai0="55,4,49,61,85,89,13,57,80,130,11,39,104" hai1="32,7,94,9,111,14,119,33,101,77,103,75,28" hai2="84,46,36,128,115,100,15,56,58,74,108,96,24" hai3="106,23,125,123,1,52,92,120,133,34,53,38,0"/><V67/><F115/><W35/><G92/><T20/><D130/><U122/><E119/><V73/><F128/><W135/><G23/><T93/><D39/><U50/><E111/><V66/><F84/><W98/><G38/><T17/><D104/><U132/><E132/><N who="3" m="50762" /><G98/><T68/><D68/><U70/><E70/><V118/><F118/><W116/><G106/><T60/><REACH who="0" step="1"/><D80/><REACH who="0" ten="141,370,220,259" step="2"/><U87/><E94/><V78/><F36/><W97/><G116/><T3/><AGARI ba="1,1" hai="3,4,11,13,17,20,49,55,57,60,61,85,89,93" machi="3" ten="20,12000,2" yaku="1,1,2,1,0,1,7,1,25,2,53,0" doraHai="102" doraHaiUra="110" who="0" fromWho="0" sc="141,133,370,-31,220,-61,259,-31" /><INIT seed="3,0,0,3,5,31" ten="274,339,159,228" oya="3" hai0="44,18,59,33,15,116,37,71,49,92,66,41,73" hai1="16,35,99,82,70,127,72,12,122,42,5,26,109" hai2="61,24,125,68,38,84,19,8,69,45,98,108,121" hai3="28,130,123,75,83,22,87,4,67,7,60,14,95"/><W89/><G123/><T17/><D73/><U100/><E122/><V25/><F108/><W115/><G115/><T46/><D116/><U30/><E109/><V118/><F121/><W129/><G75/><T10/><D71/><U88/><E42/><V74/><F74/><W23/><G83/><T13/><D92/><U93/><E70/><V0/><F118/><W65/><G28/><T126/><D126/><U131/><E131/><N who="3" m="50186" /><G67/><T133/><D133/><U102/><E5/><N who="3" m="2122" /><G14/><T9/><D66/><U134/><E127/><V111/><F125/><W124/><G124/><T39/><D59/><AGARI ba="0,0" hai="22,23,59,60,65,87,89,95" m="2122,50186" machi="59" ten="30,1500,0" yaku="19,1" doraHai="31" who="3" fromWho="0" sc="274,-15,339,0,159,0,228,15" /><INIT seed="3,1,0,2,4,54" ten="259,339,159,243" oya="3" hai0="96,94,7,10,25,69,5,134,122,18,34,26,66" hai1="117,53,33,45,86,70,3,82,95,79,98,132,135" hai2="43,39,50,67,19,60,108,49,42,31,126,41,131" hai3="64,130,9,103,107,48,24,13,110,113,27,63,78"/><W88/><G113/><T77/><D122/><U20/><E33/><V2/><F2/><W84/><G130/><T11/><D77/><U1/><E70/><V80/><F131/><W14/><G78/><T65/><D18/><U124/><E124/><V56/><F126/><W32/><G110/><T87/><D87/><U89/><E117/><V47/><F31/><W112/><G112/><T127/><D94/><U40/><E53/><V38/><F19/><W104/><G48/><N who="2" m="18537" /><F80/><W109/><G109/><T52/><D96/><U29/><E45/><V17/><F17/><W91/><G32/><T37/><D52/><U125/><E40/><N who="2" m="15467" /><F108/><W83/><G103/><T58/><D34/><U97/><E97/><V74/><F74/><W111/><G111/><T105/><D105/><U106/><E106/><V57/><F39/><W16/><G107/><T120/><D37/><U35/><E35/><V46/><F46/><W121/><G121/><T81/><D81/><U22/><E125/><V21/><F21/><N who="1" m="8297" /><E29/><V114/><F114/><W101/><G104/><T102/><D120/><U51/><E51/><V92/><F92/><W99/><G14/><T119/><D127/><U61/><E3/><V133/><F133/><N who="1" m="51273" /><E1/><V129/><F129/><W100/><G101/><T62/><D102/><U123/><E123/><V15/><F15/><W72/><G100/><T30/><D30/><U73/><E98/><V115/><F115/><W68/><REACH who="3" step="1"/><G72/><REACH who="3" ten="259,339,159,233" step="2"/><T23/><D134/><U44/><E44/><V90/><F90/><W28/><G28/><T59/><D26/><U6/><E73/><V4/><F4/><RYUUKYOKU ba="1,1" sc="259,-15,339,-15,159,15,233,15" hai2="38,43,47,56,57,60,67" hai3="9,13,16,24,27,63,64,68,83,84,88,91,99" /><INIT seed="3,2,1,2,5,18" ten="244,324,174,248" oya="3" hai0="49,112,30,43,3,64,115,19,66,7,21,82,129" hai1="2,4,14,109,106,37,104,35,133,124,0,94,132" hai2="99,1,55,44,51,84,69,91,48,42,8,135,101" hai3="27,114,102,52,80,10,117,72,111,93,120,11,57"/><W70/><G120/><T46/><D129/><U20/><E109/><V74/><F135/><N who="1" m="51785" /><E35/><V63/><F74/><W89/><G70/><T29/><D7/><U62/><E37/><V87/><F69/><W118/><G114/><N who="0" m="43563" /><D3/><N who="1" m="1067" /><E124/><V90/><F63/><W131/><G102/><T56/><D82/><U96/><E62/><V108/><F108/><W59/><G131/><T41/><D41/><U24/><E14/><V6/><F87/><W71/><G71/><T38/><D38/><U119/><E4/><V100/><F84/><W86/><G111/><T34/><D56/><U105/><E119/><V32/><F32/><W127/><G59/><T25/><D30/><N who="1" m="17671" /><E94/><V97/><F101/><AGARI ba="2,1" hai="96,101,104,105,106" m="17671,1067,51785" machi="101" ten="30,2000,0" yaku="20,1,52,1" doraHai="18" who="1" fromWho="2" sc="244,0,324,36,174,-26,248,0" /><INIT seed="4,0,0,2,4,12" ten="244,360,148,248" oya="0" hai0="47,20,1,51,65,86,60,101,95,17,122,42,109" hai1="4,121,110,96,77,25,53,66,132,99,62,100,94" hai2="45,44,57,36,82,73,79,111,59,54,28,116,11" hai3="50,108,49,56,26,18,72,3,15,97,129,133,102"/><T64/><D1/><U84/><E110/><V107/><F107/><W16/><G72/><T125/><D122/><U118/><E118/><V9/><F111/><W98/><G108/><T91/><D109/><U34/><E121/><V74/><F116/><W7/><G3/><T127/><D101/><U115/><E4/><V134/><F134/><W135/><G129/><T128/><D128/><U113/><E53/><V2/><F28/><W124/><G124/><T93/><D93/><U92/><E132/><N who="3" m="50762" /><G98/><T126/><REACH who="0" step="1"/><D60/><REACH who="0" ten="234,360,148,248" step="2"/><U103/><E62/><V23/><F74/><W35/><G102/><T89/><D89/><U24/><E94/><V55/><F36/><W32/><G50/><T29/><D29/><U88/><E99/><V131/><F131/><W114/><G97/><T69/><D69/><U70/><E70/><V75/><F2/><W63/><G63/><T40/><D40/><U33/><E96/><V39/><F39/><W61/><G49/><T43/><D43/><U10/><E100/><V104/><F104/><W14/><G61/><T106/><D106/><U76/><E103/><V90/><F90/><W80/><G80/><T38/><D38/><U19/><E88/><V123/><F123/><W83/><G83/><T37/><D37/><U41/><E41/><V6/><F82/><W13/><G7/><T87/><D87/><U0/><E0/><V31/><F6/><W85/><G85/><T21/><D21/><U120/><E84/><V27/><F73/><W68/><G68/><T81/><D81/><U117/><E120/><V52/><F75/><W119/><G119/><RYUUKYOKU ba="0,1" sc="234,30,360,-10,148,-10,248,-10" hai0="17,20,42,47,51,64,65,86,91,95,125,126,127" /><INIT seed="4,1,1,5,0,43" ten="264,350,138,238" oya="0" hai0="24,130,15,113,114,22,103,66,33,85,122,21,95" hai1="7,35,51,72,104,90,47,81,100,45,49,9,18" hai2="133,77,71,54,58,5,57,55,67,17,44,65,56" hai3="109,86,115,46,74,107,53,40,131,14,13,76,69"/><T117/><D117/><U4/><E35/><V10/><F133/><W75/><G69/><T0/><D122/><U91/><E104/><V41/><F77/><W111/><G107/><T83/><D66/><U23/><E100/><V110/><F110/><W127/><G53/><N who="2" m="19977" /><F5/><N who="1" m="2121" /><E72/><V84/><F84/><W6/><G127/><T126/><D126/><U128/><E9/><V32/><F32/><W12/><G115/><T29/><D0/><U8/><E8/><V19/><F10/><W1/><G131/><T92/><D130/><U64/><E64/><N who="2" m="24651" /><F17/><W61/><G61/><T78/><D22/><U102/><E102/><V96/><F96/><W124/><G124/><T125/><D125/><U37/><E37/><N who="2" m="21551" /><F19/><W30/><G6/><T108/><D108/><U135/><E128/><V59/><F59/><W119/><G111/><T38/><D103/><U3/><E3/><V80/><F80/><W132/><G1/><T98/><D98/><U27/><E135/><V39/><F39/><N who="3" m="21791" /><G132/><T94/><D38/><U97/><E81/><V134/><F134/><W26/><G109/><T112/><D33/><U25/><E25/><V89/><F89/><N who="1" m="33801" /><E97/><V20/><F20/><N who="3" m="15687" /><G75/><T52/><D15/><U11/><E11/><V93/><F93/><W82/><G74/><T60/><D95/><U70/><E18/><V129/><F129/><W34/><G34/><T123/><D123/><U101/><E23/><V79/><F79/><W87/><G87/><T120/><D120/><U105/><E105/><V116/><F116/><W118/><G119/><T63/><D114/><U28/><E27/><V31/><F31/><RYUUKYOKU ba="1,1" sc="264,-15,350,-15,138,15,238,15" hai2="56,57,58,71" hai3="12,13,14,76,82,86,118" /><INIT seed="5,2,1,3,3,78" ten="249,335,153,253" oya="1" hai0="47,128,8,129,39,11,87,44,21,104,22,34,58" hai1="35,20,112,26,13,2,50,66,115,122,134,86,90" hai2="67,103,125,61,74,107,14,100,120,53,91,111,27" hai3="93,28,109,49,77,133,132,92,102,38,42,51,57"/><U76/><E122/><V130/><F111/><W30/><G109/><T31/><D87/><U95/><E2/><V19/><F74/><W69/><G69/><T118/><D58/><U25/><E134/><N who="3" m="51818" /><G77/><T96/><D96/><U82/><E66/><V124/><F120/><W97/><G38/><T99/><D99/><U110/><E110/><V16/><F107/><W108/><G108/><T131/><D31/><N who="3" m="11817" /><G42/><T88/><D104/><U81/><E35/><V121/><F121/><W79/><G79/><T64/><D64/><U119/><E119/><V55/><F130/><W43/><G43/><T98/><D118/><U6/><E50/><N who="3" m="18954" /><G57/><T56/><D56/><U4/><E95/><AGARI ba="2,1" hai="92,93,95,97,102" m="18954,11817,51818" machi="95" ten="30,1000,0" yaku="20,1" doraHai="78" who="3" fromWho="1" sc="249,0,335,-16,153,0,253,26" /><INIT seed="6,0,0,2,3,62" ten="249,319,153,279" oya="2" hai0="55,44,111,20,94,72,112,110,68,70,121,35,132" hai1="57,9,54,83,66,41,100,59,109,123,133,48,19" hai2="113,51,36,71,79,118,77,4,124,88,104,12,49" hai3="101,82,2,128,42,92,47,6,91,26,64,130,25"/><V74/><F36/><W107/><G107/><T125/><D20/><U116/><E109/><V50/><F104/><W108/><G101/><T1/><D94/><U8/><E116/><V78/><F74/><W17/><G6/><T3/><D44/><U60/><E133/><V38/><F38/><W131/><G2/><T105/><D55/><U27/><E123/><V53/><F71/><W30/><G82/><T75/><D121/><U81/><E41/><V21/><F118/><W127/><G127/><T23/><D23/><N who="1" m="13823" /><E100/><V80/><F124/><W69/><G17/><T129/><D125/><U0/><E0/><N who="0" m="73" /><D112/><U34/><E34/><V89/><F113/><W122/><G108/><N who="0" m="41515" /><D105/><U106/><E106/><V117/><F117/><W32/><G122/><T43/><D43/><U96/><E81/><V126/><F126/><W85/><G26/><T46/><D46/><U45/><E83/><V99/><F80/><W52/><G42/><T76/><D76/><U15/><E15/><V86/><F86/><W97/><G85/><T95/><D95/><U22/><E22/><V65/><F65/><W28/><G64/><T33/><D129/><U10/><E45/><V58/><F99/><AGARI ba="0,0" hai="8,9,10,48,54,57,59,60,66,96,99" m="13823" machi="99" ten="30,2000,0" yaku="8,1,52,1" doraHai="62" who="1" fromWho="2" sc="249,0,319,20,153,-20,279,0" /><INIT seed="7,0,0,4,0,71" ten="249,339,133,279" oya="3" hai0="55,128,56,110,114,41,52,112,29,58,50,93,121" hai1="37,51,25,16,113,111,31,28,133,3,125,73,81" hai2="82,103,67,5,94,86,10,35,4,75,95,66,108" hai3="32,17,53,59,119,49,46,65,43,54,6,62,33"/><W36/><G119/><T23/><D110/><U14/><E111/><V116/><F116/><W126/><G126/><T77/><D121/><U12/><E37/><V134/><F134/><W80/><G6/><T7/><D128/><U100/><E3/><V15/><F35/><W115/><G115/><N who="0" m="44075" /><D41/><U1/><E100/><V106/><F75/><W21/><G80/><T26/><D7/><U120/><E51/><V38/><F38/><W83/><G83/><T61/><D93/><U72/><E81/><V123/><F123/><W124/><G124/><T45/><D77/><U117/><E1/><V122/><F122/><W104/><G104/><T2/><D2/><U18/><E113/><V20/><F108/><W8/><G8/><T118/><D118/><U34/><E120/><V70/><F70/><N who="3" m="42295" /><G54/><T60/><D60/><U92/><E92/><V98/><F106/><W99/><G99/><T76/><D76/><U0/><E0/><V97/><F5/><W69/><G69/><T57/><AGARI ba="0,0" hai="23,26,29,45,50,52,55,56,57,58,61" m="44075" machi="57" ten="30,4000,0" yaku="15,1,11,1,54,1" doraHai="71" who="0" fromWho="0" sc="249,40,339,-10,133,-10,279,-20" owari="289,8.9,329,42.9,123,-37.7,259,-14.1" /></mjloggm>