<mjloggm ver="2.3"><GO type="41" lobby="0"/><UN n0="%E3%81%95%E3%81%84%E3%81%A8%E3%81%86%E3%81%93%E3%81%86%E3%81%98" n1="%74%65%68%69%30%35%31%30" n2="%E2%93%9D%4C%75%63%6B%79%4A" n3="%E3%81%98%E3%81%A7%E3%82%93%E3%81%97%E3%82%83" dan="15,14,17,15" rate="2017.05,1974.52,2159.33,2007.59" sx="M,M,M,M"/><TAIKYOKU oya="0"/><INIT seed="0,0,0,2,1,81" ten="250,250,250,250" oya="0" hai0="18,8,80,48,79,60,125,85,42,38,89,75,69" hai1="68,91,49,62,5,76,88,25,87,66,0,2,36" hai2="129,132,29,115,45,93,107,55,135,64,35,130,10" hai3="58,53,61,31,123,131,94,105,108,57,63,32,40"/><T104/><D104/><U28/><E36/><V92/><F64/><W22/><G105/><T117/><D117/><U96/><E76/><V19/><F115/><W4/><G108/><T78/><D38/><U12/><E96/><V20/><F35/><W98/><G131/><N who="2" m="50185" /><F29/><W113/><G113/><T134/><D134/><N who="2" m="51242" /><F10/><W122/><G4/><T37/><D125/><U59/><E91/><V116/><F107/><W27/><G40/><T26/><D37/><U83/><E5/><V17/><F116/><W99/><G32/><T118/><D118/><U100/><E100/><V120/><F120/><W102/><REACH who="3" step="1"/><G98/><REACH who="3" ten="250,250,250,240" step="2"/><T121/><D121/><U86/><E2/><V46/><F19/><W11/><G11/><T65/><D75/><U106/><E0/><V119/><F119/><W111/><G111/><T52/><D42/><U109/><E106/><V90/><F93/><W126/><G126/><T127/><D127/><U67/><E109/><V124/><F124/><W112/><G112/><T110/><D110/><U44/><E68/><V73/><F73/><W114/><G114/><T13/><REACH who="0" step="1"/><D26/><REACH who="0" ten="240,250,250,240" step="2"/><U15/><E87/><N who="2" m="52319" /><F55/><AGARI ba="0,2" hai="22,27,31,53,55,57,58,61,63,94,99,102,122,123" machi="55" ten="40,2600,0" yaku="1,1,9,1,53,0" doraHai="81" doraHaiUra="7" who="3" fromWho="2" sc="240,0,250,0,250,-26,240,46" /><INIT seed="1,0,0,3,2,131" ten="240,250,224,286" oya="1" hai0="74,59,85,51,24,6,67,4,97,92,120,82,72" hai1="73,128,91,32,101,10,130,13,21,34,15,93,16" hai2="105,87,56,30,28,116,77,23,99,103,117,66,98" hai3="106,114,69,11,35,102,29,125,111,22,127,33,54"/><U89/><E73/><V1/><F1/><W124/><G69/><T70/><D70/><U62/><E101/><V5/><F5/><W8/><G102/><T42/><D74/><U115/><E115/><V95/><F30/><W14/><G106/><T2/><D72/><U76/><E76/><V64/><F28/><W60/><G60/><T48/><D2/><U17/><E62/><V7/><F7/><N who="3" m="3359" /><G54/><T83/><D120/><U46/><E46/><V132/><F23/><W123/><G114/><T27/><D85/><U88/><REACH who="1" step="1"/><E93/><REACH who="1" ten="240,240,224,286" step="2"/><V37/><F95/><W108/><G123/><T80/><D92/><U129/><AGARI ba="0,1" hai="10,13,15,16,17,21,32,34,88,89,91,128,129,130" machi="129" ten="40,18000,2" yaku="1,1,2,1,0,1,19,1,54,2,53,0" doraHai="131" doraHaiUra="94" who="1" fromWho="1" sc="240,-60,240,190,224,-60,286,-60" /><INIT seed="1,1,0,3,3,26" ten="180,430,164,226" oya="1" hai0="51,101,93,42,95,6,87,21,62,134,92,65,55" hai1="8,120,100,18,117,29,135,39,109,86,38,37,61" hai2="73,71,89,53,56,23,102,80,49,98,59,75,50" hai3="45,125,127,11,33,85,77,66,31,47,106,88,28"/><U76/><E120/><V24/><F71/><W52/><G106/><T60/><D134/><U3/><E117/><V108/><F108/><W22/><G33/><T72/><D72/><U58/><E135/><V105/><F89/><W10/><G66/><T25/><D6/><U118/><E118/><V131/><F131/><W1/><G77/><T41/><D101/><U46/><E109/><V54/><REACH who="2" step="1"/><F80/><REACH who="2" ten="180,430,154,226" step="2"/><N who="3" m="49191" /><G1/><T111/><D111/><U103/><E3/><V32/><F32/><W14/><G127/><T15/><D15/><U94/><E76/><V17/><AGARI ba="1,1" hai="17,23,24,49,50,53,54,56,59,73,75,98,102,105" machi="17" ten="20,12000,2" yaku="1,1,0,1,7,1,9,1,53,2" doraHai="26" doraHaiUra="48" who="2" fromWho="2" sc="180,-31,430,-61,154,133,226,-31" /><INIT seed="2,0,0,2,2,76" ten="149,369,287,195" oya="2" hai0="16,121,36,118,111,41,80,62,4,91,12,117,90" hai1="54,8,101,32,45,28,53,96,127,38,122,47,69" hai2="9,68,133,27,58,6,57,10,74,44,82,99,130" hai3="66,125,21,3,40,5,75,93,24,65,83,103,14"/><V110/><F68/><W70/><G125/><T134/><D121/><U112/><E127/><V35/><F130/><W30/><G70/><T72/><D4/><U85/><E122/><V88/><F133/><W34/><G40/><T79/><D134/><U52/><E112/><V84/><F74/><W50/><G50/><T18/><D18/><U109/><E109/><V94/><F110/><W104/><G104/><T23/><D111/><U67/><E8/><V46/><F35/><W17/><G103/><T33/><D33/><U42/><E28/><V64/><F27/><W7/><G93/><T22/><D22/><U132/><E32/><V119/><F119/><N who="0" m="45578" /><D62/><N who="1" m="40183" /><E85/><V135/><F135/><W63/><G63/><T73/><D73/><U19/><E19/><V100/><F10/><N who="3" m="2367" /><G7/><T2/><D2/><U98/><E101/><V128/><F128/><W78/><AGARI ba="0,0" hai="14,17,21,24,30,34,65,66,75,78,83" m="2367" machi="78" ten="30,2000,0" yaku="24,1,52,1" doraHai="76" who="3" fromWho="3" sc="149,-5,369,-5,287,-10,195,20" /><INIT seed="3,0,0,0,5,0" ten="144,364,277,215" oya="3" hai0="90,79,131,34,84,99,11,30,43,17,24,104,37" hai1="116,2,108,50,67,21,27,38,31,42,9,73,97" hai2="14,125,55,71,61,60,87,19,66,81,130,133,86" hai3="15,58,94,106,78,26,25,132,12,129,57,35,122"/><W107/><G122/><T72/><D131/><U92/><E108/><V70/><F130/><W127/><G94/><T82/><D17/><U96/><E116/><V85/><F125/><W74/><G129/><T91/><D91/><U119/><E119/><V65/><F133/><W111/><G78/><T10/><D43/><U18/><E73/><V63/><F55/><W112/><G112/><T75/><D37/><U59/><E38/><V47/><F47/><W1/><G1/><T13/><D72/><U69/><E69/><V16/><F63/><W39/><G39/><T113/><D113/><U56/><E67/><V32/><F32/><W123/><G74/><T95/><REACH who="0" step="1"/><D13/><REACH who="0" ten="134,364,277,215" step="2"/><N who="1" m="7471" /><E2/><V102/><F102/><AGARI ba="0,1" hai="10,11,24,30,34,75,79,82,84,90,95,99,102,104" machi="102" ten="40,8000,1" yaku="1,1,24,2,53,1" doraHai="0" doraHaiUra="105" who="0" fromWho="2" sc="134,90,364,0,277,-80,215,0" /><INIT seed="4,0,0,0,3,18" ten="224,364,197,215" oya="0" hai0="66,111,26,129,128,52,101,40,37,132,1,113,28" hai1="105,8,14,106,95,39,73,98,89,88,11,27,99" hai2="123,53,38,116,31,109,114,62,58,16,67,108,77" hai3="46,25,122,117,23,6,48,41,110,63,50,76,34"/><T104/><D1/><U124/><E39/><V119/><F31/><W107/><G110/><N who="2" m="42601" /><F77/><W60/><G107/><T78/><D111/><U49/><E124/><V86/><F86/><W22/><G117/><N who="2" m="45129" /><F38/><W54/><G122/><T51/><D66/><U17/><E73/><V42/><F42/><W74/><G6/><T72/><D132/><U47/><E27/><V12/><F123/><W29/><G74/><T69/><D69/><U24/><E24/><V94/><F94/><W133/><G133/><T33/><D40/><U70/><E70/><V118/><N who="2" m="45137" /><V61/><DORA hai="93" /><F114/><W120/><G76/><T3/><D3/><U112/><E112/><V57/><F12/><W44/><REACH who="3" step="1"/><G120/><REACH who="3" ten="224,364,197,205" step="2"/><T81/><D113/><U32/><E106/><V87/><F87/><W75/><G75/><T96/><REACH who="0" step="1"/><D37/><REACH who="0" ten="214,364,197,205" step="2"/><U45/><E105/><V91/><F67/><W90/><G90/><T68/><D68/><U131/><E89/><V134/><F91/><W55/><G55/><T102/><D102/><U82/><E88/><V80/><F134/><W5/><G5/><T65/><D65/><U10/><E82/><V127/><F80/><W121/><G121/><T59/><AGARI ba="0,2" hai="26,28,33,51,52,59,72,78,81,96,101,104,128,129" machi="59" ten="30,18000,2" yaku="1,1,0,1,52,1,54,1,53,2" doraHai="18,93" doraHaiUra="35,125" who="0" fromWho="0" sc="214,200,364,-60,197,-60,205,-60" /><INIT seed="4,1,0,1,3,97" ten="414,304,137,145" oya="0" hai0="15,87,62,43,105,124,122,40,86,75,32,22,120" hai1="100,9,83,52,35,92,50,130,23,78,58,118,133" hai2="48,21,111,102,11,57,41,63,123,61,73,69,88" hai3="109,49,121,85,93,66,54,33,126,94,135,59,117"/><T16/><D75/><U98/><E118/><V8/><F111/><W55/><G117/><T134/><D32/><U72/><E130/><V26/><F123/><W18/><G109/><T7/><D120/><U104/><E133/><V84/><F73/><W71/><G33/><T34/><D34/><U12/><E35/><V17/><F69/><W70/><G121/><T53/><D134/><U68/><E68/><V127/><F127/><W128/><G135/><T45/><D124/><U39/><E39/><V30/><F102/><W107/><G107/><T119/><D105/><U3/><E3/><V37/><F37/><W101/><G126/><T20/><D7/><U6/><E23/><V29/><F63/><W13/><G66/><T131/><D131/><U25/><E25/><V95/><F48/><W46/><G93/><T132/><D132/><U106/><AGARI ba="1,0" hai="6,9,12,50,52,58,72,78,83,92,98,100,104,106" machi="106" ten="30,4000,0" yaku="0,1,52,1,54,1" doraHai="97" who="1" fromWho="1" sc="414,-21,304,43,137,-11,145,-11" /><INIT seed="5,0,0,4,4,42" ten="393,347,126,134" oya="1" hai0="62,26,103,54,93,100,91,5,130,119,65,108,40" hai1="44,7,86,19,102,50,116,112,61,45,117,68,74" hai2="89,0,36,71,57,55,87,115,37,98,133,128,24" hai3="52,81,43,78,2,58,106,39,84,11,20,82,77"/><U70/><E74/><V101/><F71/><N who="1" m="27177" /><E102/><V38/><F133/><W105/><G2/><T30/><D119/><N who="1" m="45643" /><E19/><V113/><F0/><W109/><G11/><T135/><D135/><U126/><E86/><V18/><F128/><W16/><G43/><T53/><D130/><U72/><E7/><V17/><F24/><W10/><G39/><T90/><D5/><U15/><E15/><V88/><F101/><W125/><G10/><T47/><D91/><U120/><E72/><V3/><F3/><W110/><G125/><T63/><D100/><U66/><E120/><V59/><F98/><W23/><G23/><T12/><D12/><U85/><E85/><V56/><F55/><W21/><G21/><T114/><D103/><U73/><E73/><V104/><F104/><W13/><G82/><T27/><D27/><U97/><E97/><V31/><F31/><W14/><G14/><T79/><D79/><U67/><E126/><V111/><F111/><W83/><G83/><T122/><D108/><U99/><E99/><V48/><F48/><W29/><G78/><T4/><D4/><U92/><E92/><V96/><F96/><W49/><REACH who="3" step="1"/><G29/><REACH who="3" ten="393,347,126,124" step="2"/><T118/><D122/><U129/><E129/><V34/><F34/><W95/><G95/><T80/><D93/><U28/><E28/><V76/><F76/><W134/><G134/><T69/><D30/><U51/><E112/><N who="2" m="43083" /><F89/><W25/><G25/><T1/><D114/><U9/><E9/><V33/><F33/><W35/><G35/><T32/><D118/><U124/><E124/><V8/><F8/><W46/><G46/><RYUUKYOKU ba="0,1" sc="393,-15,347,-15,126,15,124,15" hai2="17,18,36,37,38,56,57,59,87,88" hai3="13,16,20,49,52,58,77,81,84,105,106,109,110" /><INIT seed="6,1,1,1,5,88" ten="378,332,141,139" oya="2" hai0="95,113,64,80,22,116,79,8,4,60,94,101,63" hai1="89,78,33,10,17,51,115,99,85,50,73,14,45" hai2="19,52,114,18,3,24,38,39,127,46,133,9,134" hai3="62,76,104,25,66,27,81,109,21,87,42,20,130"/><V86/><F127/><W49/><G109/><T69/><D116/><U1/><E115/><V43/><F114/><W37/><G37/><T120/><D101/><U44/><E33/><V121/><F121/><W100/><G104/><T108/><D108/><U124/><E124/><V92/><F39/><W28/><G100/><T131/><D131/><U118/><E118/><V126/><F126/><W123/><G130/><T40/><D40/><U83/><E1/><V55/><F3/><W11/><G11/><T34/><D34/><U58/><E58/><V117/><F117/><W107/><G107/><T29/><D63/><U48/><E73/><V77/><F77/><W105/><G105/><T135/><D135/><N who="2" m="51722" /><F24/><W15/><G15/><T111/><D111/><U75/><E75/><V129/><F129/><W59/><G123/><T68/><D68/><U57/><E57/><V30/><F30/><W32/><G32/><T35/><D35/><U36/><E36/><V67/><F67/><W72/><G72/><T16/><D29/><U31/><E31/><V2/><F19/><W53/><G42/><T70/><D70/><U54/><E45/><V71/><F71/><W74/><G74/><T103/><D103/><U110/><E110/><V41/><F43/><W65/><REACH who="3" step="1"/><G62/><REACH who="3" ten="378,332,141,129" step="2"/><T0/><D120/><U61/><E61/><V122/><F122/><W106/><G106/><T102/><D102/><U93/><AGARI ba="1,2" hai="10,14,17,44,48,50,51,54,78,83,85,89,93,99" machi="93" ten="30,4000,0" yaku="0,1,8,1,52,1" doraHai="88" who="1" fromWho="1" sc="378,-11,332,63,141,-21,129,-11" /><INIT seed="7,0,0,1,1,54" ten="367,395,120,118" oya="3" hai0="121,44,24,61,14,29,36,110,3,101,82,124,30" hai1="125,80,75,120,135,39,98,52,99,126,40,47,60" hai2="59,17,23,21,85,68,31,6,128,102,9,81,58" hai3="49,133,103,26,35,41,12,0,105,38,34,73,56"/><W13/><G0/><T134/><D3/><U119/><E120/><V130/><F68/><W20/><G73/><T28/><D121/><U122/><E122/><V69/><F69/><W66/><G38/><T113/><D110/><U64/><E135/><V5/><F102/><W18/><G133/><T19/><D101/><U88/><E119/><V84/><F31/><W46/><G35/><T51/><D134/><U127/><E52/><V11/><F17/><W15/><G34/><T96/><D36/><U78/><E88/><V27/><F27/><W83/><G83/><AGARI ba="0,0" hai="5,6,9,11,21,23,58,59,81,83,84,85,128,130" machi="83" ten="25,6400,0" yaku="22,2,52,2" doraHai="54" who="2" fromWho="3" sc="367,0,395,0,120,64,118,-64" owari="367,16.7,395,49.5,184,-21.6,54,-44.6" /></mjloggm>