<mjloggm ver="2.3"><GO type="41" lobby="0"/><UN n0="%E2%93%9D%4C%75%63%6B%79%4A" n1="%72%65%69%72%65%69%33" n2="%E3%81%B1%E3%81%A1%E3%81%B1%E3%81%A1%E3%81%B0%E3%82%84%E3%81%A1" n3="%E3%82%82%E3%81%98%E3%82%83%E3%83%95%E3%83%AA" dan="18,14,15,13" rate="2136.85,1990.85,2012.24,1907.44" sx="M,F,M,M"/><TAIKYOKU oya="0"/><INIT seed="0,0,0,4,0,9" ten="250,250,250,250" oya="0" hai0="50,122,132,43,91,80,69,33,46,79,60,5,134" hai1="108,42,34,103,119,44,17,123,121,101,125,20,38" hai2="39,26,56,112,130,90,45,49,4,126,100,55,68" hai3="110,6,105,53,74,73,92,21,135,14,113,19,47"/><T98/><D33/><U13/><E119/><V133/><F112/><W27/><G113/><T41/><D122/><U24/><E125/><V30/><F126/><W29/><G105/><T75/><D5/><U65/><E108/><V70/><F100/><W97/><G135/><T3/><D3/><U22/><E34/><V58/><F133/><N who="0" m="51306" /><D91/><U31/><REACH who="1" step="1"/><E65/><REACH who="1" ten="250,240,250,250" step="2"/><V59/><F130/><W82/><G110/><T83/><D83/><U93/><E93/><V114/><F114/><W117/><G82/><T67/><D98/><U66/><E66/><V7/><F39/><W128/><G117/><T89/><D89/><U16/><E16/><V10/><F90/><W87/><G6/><T81/><D81/><U84/><E84/><V131/><F131/><W109/><G87/><T85/><D43/><U96/><E96/><V120/><F120/><AGARI ba="0,1" hai="13,17,20,22,24,31,38,42,44,101,103,120,121,123" machi="120" ten="40,8000,1" yaku="1,1,52,1,53,2" doraHai="9" doraHaiUra="18" who="1" fromWho="2" sc="250,0,240,90,250,-80,250,0" /><INIT seed="1,0,0,4,5,70" ten="250,330,170,250" oya="1" hai0="88,107,133,44,63,21,55,120,108,4,51,9,29" hai1="111,104,48,45,80,78,128,118,25,81,124,58,87" hai2="64,116,5,61,119,109,92,28,93,89,32,130,125" hai3="126,59,7,22,41,69,31,106,127,95,27,36,98"/><U1/><E118/><V34/><F109/><W10/><G69/><T47/><D107/><U33/><E1/><V30/><F130/><W97/><G106/><T54/><D108/><U17/><E111/><V75/><F75/><W23/><G59/><T35/><D35/><U13/><E128/><V16/><F5/><W49/><G49/><T82/><D133/><U91/><E104/><V79/><F79/><W24/><G41/><T62/><D120/><U42/><E124/><N who="3" m="47658" /><G36/><T66/><D29/><U50/><E25/><V101/><F101/><W121/><G121/><T11/><D21/><N who="1" m="11439" /><E33/><V12/><F125/><W115/><G115/><T73/><D66/><U15/><E15/><V38/><F38/><W2/><G95/><T71/><D71/><U20/><E20/><V100/><F100/><W56/><G56/><T65/><D65/><U26/><E26/><V18/><F12/><W39/><G39/><T84/><D73/><U135/><E135/><V52/><F64/><W122/><G122/><T113/><D113/><U123/><E123/><V131/><F131/><W67/><G67/><T60/><D4/><U37/><E58/><V90/><REACH who="2" step="1"/><F61/><REACH who="2" ten="250,330,160,250" step="2"/><W77/><G77/><T76/><D76/><U14/><E37/><V0/><F0/><W134/><G134/><T112/><D112/><U19/><E78/><V57/><F57/><W83/><G2/><T8/><REACH who="0" step="1"/><D51/><REACH who="0" ten="240,330,160,250" step="2"/><U114/><E50/><V117/><F117/><W94/><G7/><T85/><D85/><U86/><E86/><V129/><F129/><W99/><G31/><T68/><D68/><U72/><E114/><RYUUKYOKU ba="0,2" sc="240,15,330,-15,160,15,250,-15" hai0="8,9,11,44,47,54,55,60,62,63,82,84,88" hai2="16,18,28,30,32,34,52,89,90,92,93,116,119" /><INIT seed="2,1,2,3,3,16" ten="255,315,175,235" oya="2" hai0="8,114,113,121,42,134,19,88,47,107,20,123,46" hai1="80,67,130,111,71,97,94,124,39,11,77,27,131" hai2="38,133,24,87,129,34,73,33,72,56,105,96,9" hai3="90,128,125,99,109,83,93,68,135,127,36,116,112"/><V30/><F38/><W65/><G65/><T132/><D107/><U51/><E39/><V48/><F34/><W117/><G83/><T64/><D8/><U18/><E124/><V115/><F115/><N who="0" m="44042" /><D64/><U104/><E104/><V60/><F133/><N who="0" m="51306" /><D88/><N who="1" m="55495" /><E67/><V55/><F129/><N who="1" m="49161" /><E71/><V74/><F87/><W44/><G44/><N who="0" m="16939" /><D42/><U84/><E51/><V1/><F48/><W49/><G49/><T21/><D19/><U86/><E86/><V66/><F66/><W15/><G36/><T54/><D54/><U12/><E27/><V10/><REACH who="2" step="1"/><F1/><REACH who="2" ten="255,315,165,235" step="2"/><W45/><G135/><T118/><D118/><U81/><E81/><V103/><AGARI ba="1,3" hai="9,10,24,30,33,55,56,60,72,73,74,96,103,105" machi="103" ten="40,12000,1" yaku="1,1,2,1,0,1,53,1" doraHai="16" doraHaiUra="92" who="2" fromWho="2" sc="255,-41,315,-41,165,153,235,-41" /><INIT seed="2,2,0,1,3,85" ten="214,274,318,194" oya="2" hai0="2,98,35,61,114,73,41,5,65,16,58,63,108" hai1="128,49,127,91,74,23,80,57,123,31,27,51,100" hai2="122,133,94,29,121,0,88,97,14,84,101,19,92" hai3="60,42,87,89,113,83,86,69,109,25,105,72,117"/><V12/><F133/><W20/><G117/><T119/><D35/><U134/><E134/><V33/><F0/><W95/><G105/><T120/><D114/><U124/><E128/><V22/><REACH who="2" step="1"/><F14/><REACH who="2" ten="214,274,308,194" step="2"/><W45/><G113/><T11/><D2/><U68/><E124/><V90/><F90/><W28/><G109/><T7/><D108/><U26/><E127/><V34/><F34/><W103/><G103/><T115/><D115/><U15/><E15/><V24/><AGARI ba="2,1" hai="12,19,22,24,29,33,84,88,92,94,97,101,121,122" machi="24" ten="30,11700,0" yaku="1,1,0,1,52,1,54,1,53,0" doraHai="85" doraHaiUra="111" who="2" fromWho="2" sc="214,-41,274,-41,308,133,194,-41" /><INIT seed="2,3,0,4,1,119" ten="173,233,441,153" oya="2" hai0="93,27,44,73,6,117,31,120,47,1,37,86,9" hai1="79,94,102,22,49,126,25,112,100,14,85,28,3" hai2="10,30,34,101,71,46,18,104,72,110,53,4,19" hai3="8,81,13,55,113,92,32,135,130,121,52,108,20"/><V65/><F72/><W15/><G32/><T36/><D117/><U74/><E112/><V107/><F53/><W91/><G108/><T40/><D73/><U128/><E3/><V56/><F56/><W50/><G113/><T64/><D64/><U133/><E74/><V127/><F46/><W80/><G135/><T23/><D93/><U98/><E128/><V99/><F107/><W5/><G130/><T21/><D86/><U60/><E126/><V77/><F77/><W131/><G50/><T67/><D67/><U83/><E133/><V24/><F127/><W84/><G131/><T124/><D124/><U26/><E26/><V59/><F59/><W88/><G121/><T114/><D114/><U75/><E60/><V33/><F33/><W38/><G38/><T125/><D125/><U118/><E75/><V12/><REACH who="2" step="1"/><F110/><REACH who="2" ten="173,233,431,153" step="2"/><W70/><G70/><T16/><D47/><U42/><E79/><V103/><F103/><W123/><G123/><T111/><D120/><U66/><E102/><V89/><F89/><W105/><G105/><T51/><REACH who="0" step="1"/><D111/><REACH who="0" ten="163,233,431,153" step="2"/><U7/><E118/><V61/><AGARI ba="3,2" hai="4,10,12,18,19,24,30,34,61,65,71,99,101,104" machi="61" ten="30,12000,1" yaku="1,1,0,1,25,2,53,1" doraHai="119" doraHaiUra="62" who="2" fromWho="2" sc="163,-43,233,-43,431,149,153,-43" /><INIT seed="2,4,0,3,4,101" ten="120,190,580,110" oya="2" hai0="91,35,133,38,72,122,15,135,103,41,130,55,113" hai1="50,95,59,19,93,10,115,51,96,14,75,6,54" hai2="22,118,27,58,28,81,69,4,88,102,99,20,107" hai3="106,31,33,12,90,3,46,109,29,116,108,5,87"/><V78/><F118/><W42/><G116/><T64/><D35/><U77/><E115/><V49/><F69/><W24/><G29/><T112/><D103/><U56/><E75/><V98/><F4/><W132/><G3/><T71/><D91/><U134/><E77/><V44/><F58/><W114/><G114/><N who="0" m="44139" /><D15/><U125/><E134/><N who="0" m="51209" /><D72/><U97/><E125/><V9/><F9/><W65/><G132/><T60/><D55/><N who="1" m="31863" /><E6/><V48/><F22/><W82/><G65/><T7/><D7/><U111/><E111/><N who="3" m="42570" /><G12/><T104/><D104/><U94/><AGARI ba="4,0" hai="10,14,19,51,54,59,93,94,95,96,97" m="31863" machi="94" ten="30,1100,0" yaku="8,1" doraHai="101" who="1" fromWho="1" sc="120,-7,190,23,580,-9,110,-7" /><INIT seed="3,0,0,1,0,5" ten="113,213,571,103" oya="3" hai0="128,130,77,101,108,48,59,40,75,92,96,122,11" hai1="21,24,89,52,94,61,8,107,9,115,84,121,26" hai2="23,91,57,79,13,135,80,114,53,18,28,82,106" hai3="36,50,113,56,134,6,133,104,29,31,74,25,99"/><W17/><G36/><T87/><D122/><U16/><E121/><V1/><F114/><W51/><G74/><T3/><D108/><U88/><E107/><V69/><F69/><W109/><G113/><T86/><D40/><U66/><E115/><V47/><F1/><W70/><G70/><T71/><D71/><U39/><E39/><V116/><F106/><W20/><G109/><T131/><D48/><U65/><E26/><V33/><F116/><W12/><G31/><T55/><D55/><U112/><E112/><V76/><F47/><W46/><G56/><T63/><D77/><U68/><E66/><V93/><F33/><W120/><G120/><T73/><D63/><U100/><E100/><V67/><F28/><W10/><G104/><T44/><D44/><U125/><E125/><V64/><F80/><W111/><G99/><T7/><REACH who="0" step="1"/><D59/><REACH who="0" ten="103,213,571,103" step="2"/><N who="1" m="35047" /><E68/><V119/><F79/><W22/><G111/><T15/><D15/><U19/><E65/><V62/><F119/><W90/><G90/><T123/><D123/><U43/><E89/><V2/><F2/><W35/><G46/><T27/><D27/><N who="1" m="14759" /><E43/><V32/><F67/><W124/><G51/><T58/><D58/><U117/><E117/><V42/><F42/><W95/><G50/><T98/><D98/><U0/><E0/><V34/><F64/><W60/><G60/><T85/><AGARI ba="0,1" hai="3,7,11,73,75,85,86,87,92,96,101,128,130,131" machi="85" ten="40,8000,1" yaku="1,1,0,1,19,1,52,1,53,0" doraHai="5" doraHaiUra="54" who="0" fromWho="0" sc="103,90,213,-20,571,-20,103,-40" /><INIT seed="4,0,0,3,0,120" ten="193,193,551,63" oya="0" hai0="6,0,7,106,58,25,53,105,33,118,17,18,10" hai1="29,31,5,87,89,56,90,74,71,76,35,127,81" hai2="97,103,39,30,63,82,52,48,99,22,12,124,65" hai3="75,80,27,14,88,41,114,3,78,79,8,32,67"/><T34/><D118/><U77/><E71/><V4/><F124/><W130/><G114/><T28/><D106/><U46/><E127/><V11/><F39/><W86/><G130/><T110/><D105/><U133/><E133/><V126/><F126/><W51/><G3/><T101/><D101/><U134/><E134/><V116/><F82/><W98/><G67/><T43/><D43/><U38/><E5/><V45/><F116/><W37/><G37/><T72/><D72/><U85/><E35/><N who="0" m="13321" /><D53/><U49/><E56/><N who="2" m="37095" /><F103/><W104/><G32/><N who="0" m="20495" /><D58/><U40/><E38/><V92/><F92/><W94/><G27/><AGARI ba="0,0" hai="4,11,12,22,27,30,45,48,52,97,99" m="37095" machi="27" ten="30,2000,0" yaku="8,1,54,1" doraHai="120" who="2" fromWho="3" sc="193,0,193,0,551,20,63,-20" /><INIT seed="5,0,0,4,5,132" ten="193,193,571,43" oya="1" hai0="94,36,31,42,95,14,81,101,60,116,62,17,50" hai1="130,63,107,120,73,19,6,83,131,110,72,74,3" hai2="125,71,123,24,103,122,5,102,0,11,109,127,96" hai3="37,59,16,90,129,104,29,69,53,68,88,30,114"/><U78/><E120/><V27/><F109/><W15/><G104/><T13/><D36/><U21/><E110/><V106/><F103/><W55/><G37/><T124/><D31/><U135/><E135/><V89/><F71/><W45/><G114/><T75/><D75/><U85/><E107/><V25/><F89/><W48/><G129/><N who="1" m="49162" /><E63/><V134/><F134/><W119/><G119/><T84/><D14/><N who="1" m="9463" /><E6/><V8/><F8/><W51/><G69/><T70/><D62/><U58/><E58/><V22/><F0/><AGARI ba="0,0" hai="0,3,72,73,74,78,83,85" m="9463,49162" machi="0" ten="40,2000,0" yaku="19,1" doraHai="132" who="1" fromWho="2" sc="193,0,193,20,571,-20,43,0" /><INIT seed="5,1,0,2,5,83" ten="193,213,551,43" oya="1" hai0="48,27,20,124,1,19,88,7,98,11,93,35,9" hai1="60,52,5,133,24,36,85,116,117,94,109,72,51" hai2="62,30,63,42,132,108,91,4,134,43,39,135,70" hai3="47,44,100,14,119,38,23,103,129,92,55,125,17"/><U69/><E72/><V29/><F108/><W71/><G71/><T3/><D124/><U113/><E109/><V112/><F112/><W89/><G125/><T121/><D121/><U53/><E113/><V67/><F4/><W96/><G119/><T90/><D35/><U130/><E36/><V76/><F76/><W77/><G129/><T10/><D3/><U127/><E127/><V66/><F91/><W56/><G38/><T45/><REACH who="0" step="1"/><D90/><REACH who="0" ten="183,213,551,43" step="2"/><N who="1" m="53583" /><E117/><V106/><F106/><W22/><G77/><T110/><D110/><U50/><E116/><V49/><F39/><W82/><G103/><T34/><D34/><U128/><E133/><V126/><F126/><W26/><G82/><T28/><D28/><N who="2" m="10858" /><F49/><N who="1" m="18441" /><E130/><V13/><F13/><W87/><G100/><T68/><D68/><AGARI ba="1,1" hai="42,43,62,63,66,67,68,70,132,134,135" m="10858" machi="68" ten="30,1000,0" yaku="20,1" doraHai="83" who="2" fromWho="0" sc="183,-13,213,0,551,23,43,0" /><INIT seed="6,0,0,1,0,71" ten="170,213,574,43" oya="2" hai0="91,89,39,124,50,101,19,40,84,41,57,105,103" hai1="32,99,86,68,36,53,60,8,110,69,16,130,132" hai2="133,118,35,87,104,123,109,81,27,42,1,88,83" hai3="80,11,49,107,58,20,25,21,28,24,78,26,0"/><V33/><F104/><W97/><G107/><T85/><D105/><U22/><E110/><V59/><F59/><W48/><G97/><T115/><D115/><U92/><E32/><V54/><F54/><W94/><G94/><T121/><D124/><U134/><E130/><V120/><F83/><W102/><G102/><T96/><D121/><U10/><E86/><N who="0" m="33385" /><D19/><U52/><E36/><V7/><F42/><N who="0" m="16490" /><D39/><U129/><E129/><V73/><F118/><W135/><G135/><N who="1" m="51754" /><E53/><V93/><F35/><W111/><G111/><T4/><D4/><U106/><E106/><V67/><F33/><W128/><G128/><T82/><D82/><U55/><E55/><V112/><F112/><W51/><G58/><T38/><D38/><U30/><E30/><V131/><F7/><W98/><G98/><T61/><D50/><U29/><E29/><V117/><F131/><W31/><G0/><T70/><D70/><N who="1" m="27243" /><E52/><V47/><F117/><W44/><G11/><T3/><D3/><U95/><E60/><V6/><F1/><W15/><G15/><T37/><D37/><U127/><E127/><V79/><F109/><W66/><G66/><N who="0" m="39215" /><D96/><U108/><E108/><V76/><F67/><W119/><G119/><T126/><D126/><U34/><E34/><V5/><F133/><W113/><G113/><T43/><N who="0" m="16498" /><T23/><DORA hai="65" /><D23/><U46/><E99/><V64/><F64/><W90/><G44/><T56/><D56/><U116/><E116/><V9/><F47/><W77/><G26/><T62/><D62/><U72/><E46/><V122/><F27/><W125/><G125/><RYUUKYOKU ba="0,0" sc="170,15,213,-15,574,-15,43,15" hai0="89,91,101,103" hai3="20,21,24,25,28,31,48,49,51,77,78,80,90" /><INIT seed="7,1,0,1,0,36" ten="185,198,559,58" oya="3" hai0="29,19,9,68,65,110,70,112,50,41,43,82,57" hai1="113,60,44,30,28,23,1,104,13,22,8,98,81" hai2="85,128,51,83,27,74,64,99,75,79,114,45,25" hai3="117,14,102,106,33,26,87,55,21,95,133,52,16"/><W116/><G133/><T40/><D29/><U88/><E113/><V101/><F128/><W61/><G106/><T63/><D82/><U119/><E119/><V77/><F114/><W129/><G129/><T37/><D112/><U59/><E1/><V5/><F64/><W24/><G102/><T124/><D19/><N who="1" m="8615" /><E104/><V100/><F5/><W71/><G71/><N who="0" m="27179" /><D9/><U0/><E44/><V32/><F79/><W103/><G26/><T91/><D91/><U123/><E0/><V15/><F15/><W107/><G107/><T18/><D18/><U35/><E35/><V47/><F47/><W89/><G103/><T49/><D110/><U67/><E123/><V121/><F121/><W120/><G120/><T53/><D124/><U54/><E67/><V90/><F75/><W86/><G86/><T96/><D96/><U127/><E127/><V72/><F74/><W31/><REACH who="3" step="1"/><G61/><REACH who="3" ten="185,198,559,48" step="2"/><N who="0" m="36015" /><D37/><U131/><E131/><V34/><F100/><W108/><G108/><T66/><D66/><U62/><E62/><V46/><F27/><W97/><G97/><T80/><D80/><U73/><E73/><V4/><F25/><W135/><G135/><T17/><D17/><U20/><E81/><V126/><F99/><W78/><G78/><T84/><D84/><U134/><E134/><V76/><F77/><W105/><G105/><T69/><AGARI ba="1,1" hai="40,41,43,49,50,63,65,69" m="36015,27179" machi="69" ten="30,16000,3" yaku="35,5,52,3" doraHai="36" who="0" fromWho="0" sc="185,173,198,-41,559,-41,48,-81" owari="358,15.8,157,-24.3,518,61.8,-33,-53.3" /></mjloggm>