<mjloggm ver="2.3"><GO type="41" lobby="0"/><UN n0="%61%6E%70%61%6E" n1="%4D%73%68%69%36%37%37" n2="%E2%93%9D%4C%75%63%6B%79%4A" n3="%7A%69%6D%6D%65%72" dan="14,14,17,14" rate="1981.59,1924.40,2166.74,1963.34" sx="M,M,M,M"/><TAIKYOKU oya="0"/><INIT seed="0,0,0,0,1,6" ten="250,250,250,250" oya="0" hai0="8,57,103,99,64,9,85,81,16,75,68,7,84" hai1="98,113,74,4,40,130,88,20,124,77,104,28,63" hai2="131,115,21,19,87,107,119,97,134,42,89,24,50" hai3="30,23,37,44,1,59,90,70,48,15,82,45,14"/><T62/><D75/><U13/><E130/><V93/><F131/><W2/><G70/><T41/><D41/><U72/><E124/><V132/><F115/><W38/><G23/><T52/><D81/><U67/><E113/><V54/><F119/><W11/><G30/><T36/><D36/><U102/><E40/><V122/><F122/><W27/><G27/><T80/><D7/><U61/><E61/><V43/><F107/><W127/><G127/><T120/><D120/><U111/><E111/><V112/><F112/><W10/><G59/><T78/><D85/><U101/><E101/><V73/><F73/><W31/><G31/><T94/><D16/><U79/><E28/><V32/><F32/><W114/><G114/><T49/><AGARI ba="0,0" hai="8,9,49,52,57,62,64,68,78,80,84,94,99,103" machi="49" ten="20,12000,1" yaku="0,1,7,1,52,2,54,1" doraHai="6" who="0" fromWho="0" sc="250,120,250,-40,250,-40,250,-40" /><INIT seed="0,1,0,4,0,73" ten="370,210,210,210" oya="0" hai0="75,7,117,70,51,87,11,92,107,55,60,44,116" hai1="89,90,45,0,129,5,119,47,42,16,106,108,114" hai2="50,76,74,65,103,26,25,48,10,127,31,101,121" hai3="3,37,100,85,124,133,105,23,97,28,24,54,112"/><T123/><D123/><U110/><E119/><V82/><F121/><W115/><G37/><T88/><D75/><U95/><E106/><V29/><F65/><W22/><G3/><T20/><D107/><U30/><E30/><V126/><F10/><W9/><G133/><T81/><D20/><U135/><E135/><V19/><F19/><W109/><G124/><N who="2" m="47657" /><F50/><W99/><G109/><N who="1" m="42090" /><E129/><V132/><F48/><W39/><G39/><T35/><D35/><U41/><E114/><V18/><F18/><W98/><G85/><T84/><D60/><U4/><E0/><V77/><F132/><W57/><G9/><T46/><D70/><U33/><E33/><N who="2" m="20727" /><F77/><W120/><G120/><T2/><D46/><N who="1" m="17419" /><E16/><V122/><F122/><W111/><G23/><AGARI ba="1,0" hai="23,25,29,74,76,82,101,103" m="20727,47657" machi="23" ten="30,2000,0" yaku="18,1,52,1" doraHai="73" who="2" fromWho="3" sc="370,0,210,0,210,23,210,-23" /><INIT seed="1,0,0,0,3,9" ten="370,210,233,187" oya="1" hai0="3,97,84,38,71,8,85,122,133,21,98,69,125" hai1="100,36,48,83,123,108,66,44,75,47,111,61,118" hai2="80,27,1,55,68,73,72,79,110,12,102,105,43" hai3="107,101,13,127,78,50,31,129,22,91,65,109,46"/><U74/><E118/><V104/><F1/><W77/><G109/><N who="1" m="42058" /><E123/><V10/><F110/><W51/><G129/><T60/><D38/><U57/><E100/><V14/><F68/><W32/><G127/><T82/><D125/><U119/><E119/><V81/><F43/><W59/><G32/><T88/><D133/><U2/><E2/><V0/><F55/><W103/><G107/><T17/><D122/><U117/><E117/><V54/><F54/><N who="3" m="32215" /><G65/><T19/><D71/><U134/><E134/><V93/><F27/><W124/><G91/><T33/><D33/><U135/><E135/><V94/><F0/><W24/><G124/><T116/><D116/><U70/><E83/><V15/><F10/><W40/><G13/><N who="0" m="7335" /><D60/><U131/><E131/><V89/><F102/><AGARI ba="0,0" hai="22,24,31,40,46,51,77,78,101,102,103" m="32215" machi="102" ten="30,1000,0" yaku="8,1" doraHai="9" who="3" fromWho="2" sc="370,0,210,0,233,-10,187,10" /><INIT seed="2,0,0,3,2,26" ten="370,210,223,197" oya="2" hai0="39,15,52,0,117,109,10,104,94,107,72,90,38" hai1="56,118,21,134,24,77,53,65,130,22,8,32,54" hai2="99,68,14,7,128,75,59,5,123,121,46,89,12" hai3="82,83,42,13,11,127,37,44,33,25,41,62,34"/><V111/><F68/><W105/><G105/><T108/><D0/><U63/><E118/><V85/><F75/><W133/><G133/><T60/><D72/><U57/><E134/><V87/><F46/><W51/><G127/><T31/><D31/><U49/><E130/><V106/><F106/><W67/><G34/><T81/><D81/><U102/><E102/><V131/><F59/><W20/><G33/><T98/><D39/><U112/><E112/><V9/><F99/><W100/><G100/><T120/><D38/><U50/><E77/><V126/><F89/><W135/><G135/><T113/><D120/><U91/><E91/><V48/><F48/><W95/><G95/><T101/><D113/><U6/><E32/><V18/><F111/><N who="0" m="42570" /><D117/><U122/><E122/><N who="2" m="46603" /><F87/><W115/><G41/><T116/><D116/><U30/><E22/><N who="2" m="11607" /><F85/><W70/><G37/><T132/><D132/><U93/><E93/><V92/><F92/><W1/><G1/><T35/><D35/><U58/><E8/><N who="2" m="4127" /><F126/><W29/><REACH who="3" step="1"/><G115/><REACH who="3" ten="370,210,223,187" step="2"/><T17/><D101/><U97/><E97/><V124/><F124/><W66/><G66/><T79/><D107/><U71/><REACH who="1" step="1"/><E6/><AGARI ba="0,1" hai="6,11,13,20,25,29,42,44,51,62,67,70,82,83" machi="6" ten="30,7700,0" yaku="1,1,7,1,52,1,53,1" doraHai="26" doraHaiUra="40" who="3" fromWho="1" sc="370,0,210,-77,223,0,187,87" /><INIT seed="3,0,0,4,4,85" ten="370,133,223,274" oya="3" hai0="62,42,44,112,108,59,93,55,14,127,90,87,92" hai1="9,6,76,121,0,110,131,116,95,80,61,15,109" hai2="114,31,71,37,97,120,28,130,24,50,77,27,16" hai3="13,103,106,128,100,36,99,129,134,46,107,101,1"/><W68/><G1/><T41/><D108/><N who="1" m="41579" /><E121/><V122/><F37/><W43/><G68/><T78/><D127/><U117/><E61/><V34/><F77/><W82/><G134/><T39/><D42/><U40/><E40/><V2/><F97/><W22/><G82/><T102/><D78/><U25/><E76/><V89/><F50/><W35/><G35/><T63/><D112/><U115/><E80/><V7/><F71/><W33/><G33/><T118/><D14/><U52/><E95/><V3/><F114/><W73/><G73/><T84/><D118/><N who="1" m="45675" /><E115/><V94/><F94/><W57/><G57/><T54/><D102/><U111/><N who="1" m="41587" /><U105/><DORA hai="58" /><E105/><V86/><F122/><W5/><G99/><T12/><D12/><U19/><E131/><N who="3" m="50250" /><G22/><T51/><D54/><U119/><N who="1" m="45683" /><U104/><DORA hai="49" /><E104/><N who="3" m="39978" /><G13/><T29/><D29/><U75/><E75/><V70/><F31/><W4/><AGARI ba="0,0" hai="4,5,36,43,46,100,101,103" m="39978,50250" machi="4" ten="40,2100,0" yaku="19,1" doraHai="85,58,49" who="3" fromWho="3" sc="370,-7,133,-7,223,-7,274,21" /><INIT seed="3,1,0,2,3,7" ten="363,126,216,295" oya="3" hai0="107,130,53,122,89,92,14,86,96,135,28,59,115" hai1="31,77,5,60,23,97,129,46,105,58,8,98,45" hai2="79,44,50,62,120,61,76,132,68,78,54,83,126" hai3="75,84,43,113,26,29,67,20,71,42,99,108,72"/><W63/><G113/><T17/><D122/><U119/><E129/><V124/><F120/><W22/><G108/><T47/><D130/><U36/><E36/><V118/><F118/><W100/><G84/><T133/><D115/><U134/><E134/><N who="0" m="51209" /><D47/><U35/><E119/><V24/><F132/><W69/><G69/><T88/><D28/><U64/><E35/><V103/><F103/><W116/><G116/><T37/><D37/><U127/><E127/><N who="2" m="48683" /><F24/><W48/><G43/><T82/><D107/><U27/><E77/><N who="2" m="29771" /><F68/><W90/><G90/><T40/><D40/><U16/><E31/><V81/><F83/><W112/><G22/><T85/><D85/><AGARI ba="1,0" hai="44,50,54,61,62,78,81,85" m="29771,48683" machi="85" ten="30,1000,0" yaku="18,1" doraHai="7" who="2" fromWho="0" sc="363,-13,126,0,216,13,295,0" /><INIT seed="4,0,0,4,2,85" ten="350,126,229,295" oya="0" hai0="41,79,98,66,69,43,58,6,2,59,115,135,63" hai1="60,99,68,110,27,42,134,31,36,74,4,73,50" hai2="84,131,106,28,124,130,78,30,52,118,55,51,32" hai3="5,23,81,112,39,101,34,16,53,17,24,76,82"/><T128/><D115/><U116/><E110/><V21/><F32/><W111/><G111/><T35/><D35/><U93/><E116/><V132/><F106/><W33/><G39/><T102/><D128/><N who="2" m="49194" /><F118/><W10/><G17/><T120/><D120/><U86/><E134/><V67/><F67/><W25/><G25/><T72/><D135/><U80/><E36/><V29/><F132/><W133/><G112/><T109/><D109/><U37/><E37/><V89/><F78/><W119/><G82/><T15/><D2/><U90/><E4/><V13/><F124/><W92/><G119/><T97/><D72/><U18/><E18/><N who="2" m="10447" /><F51/><W8/><G8/><N who="0" m="4503" /><D79/><U38/><E38/><V1/><F1/><W3/><G133/><T122/><D69/><U108/><E108/><V107/><F107/><W103/><G53/><T19/><D19/><U75/><E60/><V7/><F7/><W91/><G33/><T127/><D127/><U94/><E68/><V12/><F12/><W20/><G34/><T96/><D122/><U83/><E50/><V40/><F40/><N who="0" m="15434" /><D58/><U64/><E64/><V22/><F22/><W26/><G23/><T45/><D45/><U100/><REACH who="1" step="1"/><E42/><REACH who="1" ten="350,116,229,295" step="2"/><V87/><F30/><W9/><G26/><T117/><D117/><U77/><E77/><V14/><F29/><W56/><G56/><T44/><D44/><U61/><E61/><V46/><F46/><W65/><G65/><T105/><D66/><U88/><E88/><V54/><F89/><W95/><G91/><T47/><D47/><U113/><E113/><V126/><F126/><W49/><G49/><RYUUKYOKU ba="0,1" sc="350,15,116,15,229,-15,295,-15" hai0="59,63,96,97,98,102,105" hai1="27,31,73,74,75,80,83,86,90,93,94,99,100" /><INIT seed="4,1,1,0,0,100" ten="365,131,214,280" oya="0" hai0="72,75,16,71,1,83,15,107,101,13,78,29,110" hai1="106,79,108,117,73,85,128,132,43,33,21,55,98" hai2="30,88,9,65,116,69,25,89,41,102,134,0,28" hai3="130,26,34,46,121,23,124,126,12,80,6,76,112"/><T3/><D71/><U82/><E108/><V113/><F41/><W87/><G34/><T45/><D110/><U90/><E33/><V109/><F109/><W7/><G12/><T24/><D75/><U84/><E43/><V115/><F102/><W48/><G130/><T133/><D15/><U4/><E4/><N who="2" m="1159" /><F134/><W61/><G61/><T37/><D45/><U74/><E55/><V59/><F69/><W42/><G121/><T22/><D37/><U27/><E21/><V17/><F116/><W97/><G112/><N who="2" m="43081" /><F17/><W58/><G58/><T66/><D66/><U8/><E27/><V118/><F118/><W122/><G97/><T96/><REACH who="0" step="1"/><D133/><REACH who="0" ten="355,131,214,280" step="2"/><U86/><E132/><V81/><F65/><W40/><G122/><T120/><D120/><U114/><E117/><V11/><F59/><W50/><G42/><T53/><D53/><U14/><E114/><V19/><F25/><W92/><G40/><T104/><D104/><U57/><E128/><V70/><F70/><W68/><G68/><T125/><D125/><U123/><E123/><V47/><F47/><W129/><G46/><T95/><D95/><N who="1" m="54727" /><E57/><V31/><F81/><W67/><G129/><T103/><D103/><N who="1" m="62839" /><E14/><AGARI ba="1,2" hai="11,14,19,28,30,31,88,89" m="43081,1159" machi="14" ten="30,2000,0" yaku="15,1,54,1" doraHai="100" who="2" fromWho="1" sc="355,0,131,-23,214,43,280,0" /><INIT seed="5,0,0,2,3,73" ten="355,108,257,280" oya="1" hai0="86,124,71,131,23,9,27,20,65,100,112,89,42" hai1="35,61,119,43,19,57,10,68,33,48,2,127,50" hai2="99,46,91,105,80,34,66,92,40,113,81,67,8" hai3="60,75,3,54,4,87,26,114,18,37,55,77,6"/><U72/><E119/><V135/><F34/><W83/><G37/><T1/><D112/><U126/><E72/><V12/><F105/><W63/><G114/><T16/><D131/><U52/><E68/><V74/><F113/><W88/><G3/><T36/><D124/><N who="1" m="47659" /><E2/><V39/><F135/><W17/><G75/><T51/><D36/><U93/><E93/><V28/><F28/><W21/><G18/><T132/><D132/><U128/><E128/><V101/><F81/><W41/><G41/><T24/><D100/><U108/><E108/><V31/><F31/><W25/><G25/><T110/><D110/><U116/><E116/><V104/><F104/><W70/><G70/><T64/><D71/><U106/><E106/><V32/><F32/><N who="1" m="12361" /><E43/><V0/><F0/><W7/><G77/><T49/><D1/><U85/><E85/><V58/><F101/><W120/><G120/><T30/><D9/><U102/><E102/><V5/><REACH who="2" step="1"/><F58/><REACH who="2" ten="355,108,247,280" step="2"/><W78/><REACH who="3" step="1"/><G78/><AGARI ba="0,1" hai="5,8,12,39,40,46,66,67,74,78,80,91,92,99" machi="78" ten="40,5200,0" yaku="1,1,2,1,52,1,53,0" doraHai="73" doraHaiUra="129" who="2" fromWho="3" sc="355,0,108,0,247,62,280,-52" /><INIT seed="6,0,0,0,2,99" ten="355,108,309,228" oya="2" hai0="49,76,83,6,78,11,26,85,100,18,51,36,50" hai1="33,65,74,128,2,9,16,72,104,113,12,107,54" hai2="123,126,73,89,8,39,84,98,94,125,87,56,38" hai3="97,95,14,77,19,1,62,129,131,48,80,58,32"/><V3/><F123/><W112/><G32/><T117/><D36/><N who="2" m="13866" /><F73/><W0/><G112/><T90/><D117/><U88/><E33/><V17/><F56/><W93/><G48/><T10/><D100/><U134/><E65/><V15/><F3/><W109/><G93/><T119/><D119/><U25/><E2/><V70/><F70/><W127/><G127/><AGARI ba="0,0" hai="8,15,17,84,87,89,94,98,125,126,127" m="13866" machi="127" ten="30,1500,0" yaku="18,1" doraHai="99" who="2" fromWho="3" sc="355,0,108,0,309,15,228,-15" /><INIT seed="6,1,0,0,4,42" ten="355,108,324,213" oya="2" hai0="72,110,55,68,94,83,98,85,60,41,58,69,78" hai1="111,109,64,88,21,14,38,120,95,62,3,31,45" hai2="18,35,56,84,128,123,26,29,118,81,9,89,107" hai3="67,91,47,132,129,43,77,90,105,10,48,22,130"/><V99/><F123/><W127/><G127/><T17/><D110/><U92/><E3/><V113/><F118/><W96/><G132/><T4/><D4/><U30/><E120/><V93/><F113/><W28/><G77/><T57/><D72/><U36/><E36/><V106/><F128/><N who="3" m="49259" /><G67/><T11/><D41/><U87/><E95/><V122/><F122/><W100/><G10/><T119/><D119/><U114/><E114/><V115/><F115/><W19/><G28/><T82/><D82/><U2/><E2/><V108/><F108/><W102/><G102/><T131/><D131/><U6/><E6/><V54/><F18/><W16/><G19/><T66/><D11/><U121/><E121/><V70/><F70/><W71/><G71/><T97/><D97/><U73/><E73/><V79/><REACH who="2" step="1"/><F9/><REACH who="2" ten="355,108,314,213" step="2"/><W23/><G23/><T7/><D17/><U52/><E111/><V8/><F8/><W49/><G49/><AGARI ba="1,1" hai="26,29,35,49,54,56,79,81,84,89,93,99,106,107" machi="49" ten="30,5800,0" yaku="1,1,7,1,53,1" doraHai="42" doraHaiUra="25" who="2" fromWho="3" sc="355,0,108,0,314,71,213,-61" /><INIT seed="6,2,0,1,4,50" ten="355,108,385,152" oya="2" hai0="130,74,48,56,23,120,132,2,7,5,0,3,125" hai1="58,81,76,107,28,15,60,31,1,36,96,100,57" hai2="73,30,6,116,79,44,20,135,97,99,67,19,102" hai3="118,87,114,71,66,32,122,109,4,92,83,17,69"/><V22/><F116/><W8/><G32/><T14/><D74/><U134/><E134/><V24/><F135/><W82/><G109/><T49/><D132/><U117/><E117/><V64/><F6/><W52/><G118/><T133/><D133/><U128/><E128/><V77/><F44/><W25/><G122/><T37/><D37/><U10/><E36/><V85/><F73/><W91/><G114/><T84/><D120/><U41/><E1/><V89/><F67/><W35/><G35/><T78/><D130/><U45/><E58/><V80/><F64/><W34/><G34/><T12/><D125/><U51/><E81/><N who="3" m="30730" /><G69/><T72/><D72/><U131/><E131/><V54/><F54/><W68/><G71/><T21/><D3/><U16/><REACH who="1" step="1"/><E76/><REACH who="1" ten="355,98,385,152" step="2"/><N who="2" m="29259" /><F102/><W126/><G68/><T108/><D78/><U63/><E63/><V113/><F113/><W86/><G66/><AGARI ba="2,1" hai="10,15,16,28,31,41,45,51,57,60,66,96,100,107" machi="66" ten="30,8000,1" yaku="1,1,7,1,54,1,53,2" doraHai="50" doraHaiUra="27" who="1" fromWho="3" sc="355,0,98,96,385,0,152,-86" /><INIT seed="7,0,0,3,0,41" ten="355,194,385,66" oya="3" hai0="69,119,80,55,71,62,53,91,44,7,31,64,82" hai1="56,18,110,134,19,50,90,47,45,29,123,60,48" hai2="39,38,98,32,46,10,5,74,114,0,2,116,13" hai3="52,86,6,36,3,40,22,107,128,96,65,135,21"/><W78/><G128/><T130/><D119/><U9/><E110/><V101/><F116/><W1/><G135/><T33/><D130/><U72/><E123/><V84/><F74/><W93/><G107/><T108/><D108/><U111/><E111/><V129/><F32/><W49/><G65/><T66/><D7/><U113/><E113/><V4/><F84/><W81/><G40/><T35/><D31/><U67/><E72/><V27/><F27/><W127/><G36/><T92/><D92/><U61/><E134/><V102/><F102/><W16/><G127/><T122/><D122/><U24/><E61/><V59/><F59/><W75/><G22/><T37/><D37/><U100/><E100/><V112/><F5/><W99/><G99/><T70/><D70/><U115/><E115/><N who="2" m="44075" /><F129/><W83/><G83/><T42/><D42/><U25/><E90/><V73/><F73/><W11/><G3/><N who="2" m="1065" /><F46/><N who="1" m="17417" /><E29/><V8/><F10/><W43/><G43/><T28/><D28/><U30/><E30/><V121/><F121/><W12/><G75/><T97/><D97/><U133/><E133/><V124/><F124/><W68/><G68/><T20/><D20/><N who="1" m="13335" /><E9/><V105/><AGARI ba="0,0" hai="4,8,13,38,39,98,101,105" m="1065,44075" machi="105" ten="30,1100,0" yaku="15,1" doraHai="41" who="2" fromWho="2" sc="355,-3,194,-3,385,11,66,-5" owari="352,15.2,191,-20.9,396,49.6,61,-43.9" /></mjloggm>