<mjloggm ver="2.3"><GO type="41" lobby="0"/><UN n0="%6D%73%68%69%6E" n1="%E3%82%A2%E3%83%89%E3%83%90%E3%83%BC%E3%82%B0" n2="%E2%93%9D%4C%75%63%6B%79%4A" n3="%6B%75%72%6F%6D%61%74%65" dan="13,15,16,13" rate="1859.11,1990.31,2166.98,1838.59" sx="M,M,M,M"/><TAIKYOKU oya="0"/><INIT seed="0,0,0,3,5,43" ten="250,250,250,250" oya="0" hai0="48,50,23,75,93,120,115,20,111,12,53,96,62" hai1="89,26,18,72,114,94,107,118,123,128,104,44,0" hai2="76,116,108,90,131,11,98,45,5,58,134,6,7" hai3="3,127,13,15,92,40,39,68,31,1,17,69,119"/><T121/><D75/><U51/><E118/><V86/><F116/><W42/><G119/><T16/><D115/><U2/><E123/><V88/><F134/><W41/><G39/><T4/><D111/><U97/><E72/><V10/><F108/><W24/><G127/><T74/><D74/><U25/><E128/><V100/><F58/><W106/><G106/><T124/><D124/><U63/><E104/><V83/><F131/><W109/><G109/><T32/><D32/><U133/><E133/><V132/><F132/><W81/><G81/><T122/><D4/><U34/><E107/><V103/><F45/><W79/><G79/><T30/><D62/><U126/><E126/><V9/><REACH who="2" step="1"/><F98/><REACH who="2" ten="250,250,240,250" step="2"/><W37/><G37/><T14/><D53/><U33/><E114/><V80/><F80/><W8/><G69/><T77/><D77/><U28/><E63/><V36/><F36/><W125/><G68/><T61/><D61/><U64/><E64/><V113/><F113/><W91/><G125/><T67/><D67/><U21/><REACH who="1" step="1"/><E33/><REACH who="1" ten="250,240,240,250" step="2"/><V70/><F70/><W135/><G135/><T84/><D120/><U130/><E130/><V65/><F65/><W60/><G60/><T71/><D121/><U73/><E73/><V59/><F59/><W129/><G129/><T27/><D122/><U110/><E110/><V47/><F47/><W66/><G66/><T117/><D71/><U99/><E99/><V55/><F55/><AGARI ba="0,2" hai="0,2,18,21,25,26,28,34,44,51,55,89,94,97" machi="55" ten="30,3900,0" yaku="1,1,7,1,52,1,53,0" doraHai="43" doraHaiUra="82" who="1" fromWho="2" sc="250,0,240,59,240,-39,250,0" /><INIT seed="1,0,0,3,1,28" ten="250,299,201,250" oya="1" hai0="130,119,19,2,54,116,66,57,86,75,63,111,56" hai1="131,5,87,29,125,114,95,25,110,99,32,96,39" hai2="105,124,134,77,115,10,55,67,135,108,82,58,59" hai3="40,41,65,123,53,120,1,60,42,38,132,47,73"/><U91/><E114/><V106/><F115/><W81/><G1/><T62/><D75/><U18/><E39/><V121/><F121/><W33/><G33/><T117/><D2/><U45/><E125/><V50/><F124/><W51/><G81/><T61/><D86/><U88/><E131/><V118/><F118/><W22/><G22/><T98/><D98/><U23/><E110/><V48/><F10/><W128/><G73/><T6/><D6/><U74/><E74/><V24/><F67/><W94/><G94/><T97/><D97/><U103/><E45/><V107/><F24/><W129/><G132/><N who="2" m="50729" /><F108/><W34/><G34/><T92/><D92/><U46/><E46/><N who="2" m="28119" /><F48/><W0/><G0/><T49/><D19/><U15/><E5/><V4/><F4/><W27/><G27/><T26/><D26/><U126/><E126/><V93/><F93/><W31/><G31/><T36/><D111/><U101/><E87/><AGARI ba="0,0" hai="58,59,77,82,87,105,106,107" m="28119,50729" machi="87" ten="40,1300,0" yaku="20,1" doraHai="28" who="2" fromWho="1" sc="250,0,299,-13,201,13,250,0" /><INIT seed="2,0,0,3,0,120" ten="250,286,214,250" oya="2" hai0="28,41,68,111,18,46,69,62,36,51,93,39,37" hai1="0,83,16,106,75,128,4,2,65,7,92,48,132" hai2="42,55,17,29,23,5,56,107,13,112,60,12,76" hai3="54,40,14,1,133,44,119,26,27,38,35,25,127"/><V52/><F112/><W84/><G119/><T72/><D28/><U104/><E128/><V3/><F107/><W81/><G1/><T71/><D72/><U34/><E34/><V113/><F113/><W101/><G133/><T90/><D18/><U86/><E132/><V10/><F42/><W64/><G127/><T87/><D87/><U30/><E30/><V63/><F76/><W108/><G64/><T82/><D82/><U109/><E109/><V43/><F43/><W102/><G108/><T95/><D90/><U125/><E125/><V122/><F122/><W134/><G134/><T135/><D135/><U6/><E65/><V123/><F123/><W114/><G114/><T58/><D95/><U124/><E124/><V11/><F29/><W19/><G54/><T100/><D93/><U79/><E48/><V80/><F80/><W103/><G35/><T73/><D100/><U67/><E67/><V8/><F3/><W61/><G61/><T117/><D73/><U116/><E116/><V53/><REACH who="2" step="1"/><F63/><REACH who="2" ten="250,286,204,250" step="2"/><W45/><G40/><T31/><D31/><U85/><E104/><V59/><F59/><W66/><G38/><T15/><D117/><U77/><E106/><V89/><F89/><N who="3" m="51343" /><G66/><AGARI ba="0,1" hai="5,8,10,11,12,13,17,23,52,53,55,56,60,66" machi="66" ten="40,7700,0" yaku="1,1,8,1,54,1,53,0" doraHai="120" doraHaiUra="105" who="2" fromWho="3" sc="250,0,286,0,204,87,250,-77" /><INIT seed="2,1,0,2,1,2" ten="250,286,291,173" oya="2" hai0="62,9,131,96,88,83,128,127,29,87,135,126,75" hai1="103,90,133,46,106,104,68,55,5,113,99,112,85" hai2="98,70,129,110,25,114,94,105,49,18,69,16,134" hai3="35,101,59,52,67,78,119,42,132,13,58,107,118"/><V21/><F114/><W14/><G35/><T17/><D29/><U74/><E104/><V108/><F105/><W81/><G132/><T15/><D62/><U0/><E68/><V93/><F134/><W80/><G42/><T73/><D135/><U115/><E133/><V130/><F49/><W79/><G67/><T66/><D96/><U63/><E74/><N who="0" m="28169" /><D66/><U4/><E0/><V43/><F43/><W65/><G65/><T54/><D54/><U32/><E32/><V40/><F40/><W100/><REACH who="3" step="1"/><G107/><REACH who="3" ten="250,286,291,163" step="2"/><T116/><D116/><U51/><REACH who="1" step="1"/><E63/><REACH who="1" ten="250,276,291,163" step="2"/><V24/><F98/><W57/><G57/><T19/><D19/><U1/><E1/><V77/><F21/><W23/><G23/><T82/><D82/><AGARI ba="1,2" hai="4,5,46,51,55,82,85,90,99,103,106,112,113,115" machi="82" ten="40,5200,0" yaku="1,1,52,2,53,0" doraHai="2" doraHaiUra="117" who="1" fromWho="0" sc="250,-55,276,75,291,0,163,0" /><INIT seed="3,0,0,5,2,75" ten="195,351,291,163" oya="3" hai0="88,124,133,38,116,34,5,51,57,122,42,23,83" hai1="6,103,82,49,130,70,60,102,115,85,127,64,112" hai2="33,135,10,93,44,7,48,79,120,2,29,31,111" hai3="86,1,28,67,126,101,134,45,74,30,36,98,68"/><W54/><G1/><T39/><D34/><U117/><E127/><V99/><F111/><W73/><G126/><T113/><D122/><U106/><E130/><V12/><F120/><W56/><G134/><T132/><D116/><U59/><E117/><V118/><F135/><N who="0" m="51786" /><D5/><U18/><E6/><V63/><F33/><W20/><G30/><T77/><D124/><U104/><E18/><V107/><F107/><W15/><G86/><N who="0" m="50271" /><D23/><U96/><E49/><V19/><F63/><N who="3" m="40063" /><G15/><T24/><D24/><U13/><E13/><V108/><F108/><W16/><G16/><T25/><D25/><U80/><E59/><V125/><F118/><W55/><G55/><N who="0" m="31999" /><D42/><U121/><E121/><V100/><F125/><W17/><G17/><T35/><D35/><U119/><E119/><V53/><REACH who="2" step="1"/><F79/><REACH who="2" ten="195,351,281,163" step="2"/><W131/><G131/><T89/><D89/><U71/><E112/><V129/><F129/><W40/><G101/><T95/><D113/><U37/><E115/><V76/><F76/><W62/><G98/><T8/><D77/><U78/><E103/><V27/><F27/><N who="3" m="16487" /><G62/><T87/><D39/><U58/><E37/><V69/><F69/><W3/><G3/><T4/><D38/><U66/><E71/><V72/><F72/><W109/><G109/><T11/><D4/><U21/><E70/><V0/><F0/><W50/><AGARI ba="0,1" hai="36,40,45,50,54,56,73,74" m="16487,40063" machi="50" ten="30,1500,0" yaku="24,1" doraHai="75" who="3" fromWho="3" sc="195,-5,351,-5,281,-5,163,25" /><INIT seed="3,1,0,0,3,101" ten="190,346,276,188" oya="3" hai0="32,71,8,45,117,29,95,103,88,47,84,109,110" hai1="90,104,57,12,9,102,85,98,108,3,13,122,87" hai2="135,38,24,106,36,97,35,72,69,50,65,92,121" hai3="89,43,80,49,94,105,75,52,0,53,129,79,44"/><W82/><G0/><T23/><D71/><U81/><E122/><V22/><F50/><W62/><G129/><T114/><D117/><U116/><E108/><N who="0" m="41577" /><D32/><U130/><E130/><V54/><F54/><W132/><G132/><T134/><D134/><U131/><E131/><V78/><F92/><W86/><G82/><T34/><D34/><U10/><E116/><V119/><F22/><W42/><G62/><T14/><D103/><U55/><E3/><V46/><F46/><W112/><G112/><T58/><D58/><U31/><E31/><N who="2" m="19943" /><F121/><W63/><G63/><T115/><D23/><U93/><E12/><V20/><F20/><W83/><G83/><T66/><D66/><U17/><E13/><V37/><F119/><W128/><G128/><T125/><D29/><U91/><REACH who="1" step="1"/><E17/><REACH who="1" ten="190,336,276,188" step="2"/><V120/><F120/><W6/><G6/><N who="0" m="3351" /><D125/><U123/><E123/><V77/><F135/><W99/><REACH who="3" step="1"/><G43/><REACH who="3" ten="190,336,276,178" step="2"/><T18/><D18/><U73/><E73/><V21/><F72/><W56/><G56/><T48/><D47/><U70/><E70/><V113/><F69/><W61/><G61/><AGARI ba="1,2" hai="9,10,55,57,61,81,85,87,90,91,93,98,102,104" machi="61" ten="30,3900,0" yaku="1,1,7,1,52,1,53,0" doraHai="101" doraHaiUra="67" who="1" fromWho="3" sc="190,0,336,62,276,0,178,-42" /><INIT seed="4,0,0,2,3,121" ten="190,398,276,136" oya="0" hai0="4,110,25,84,14,36,133,38,107,6,109,131,30" hai1="80,31,101,10,122,40,91,116,62,1,67,113,66" hai2="8,44,77,52,112,28,47,64,63,108,132,15,92" hai3="12,48,106,26,130,88,50,34,59,72,111,96,86"/><T22/><D107/><U127/><E116/><V123/><F123/><W135/><G72/><T57/><D133/><U99/><E122/><V90/><F132/><W60/><G135/><T82/><D131/><U53/><E40/><V16/><F108/><N who="0" m="41578" /><D57/><U20/><E53/><V128/><F28/><W43/><G111/><T74/><D74/><U17/><E31/><V9/><F112/><W70/><G130/><T29/><D29/><U129/><E91/><V134/><F77/><W13/><G43/><T54/><D54/><U61/><E80/><V3/><F128/><W76/><G76/><N who="0" m="46151" /><D14/><U95/><E129/><V24/><F134/><W11/><G13/><T118/><D118/><U49/><E113/><V126/><F52/><W75/><G75/><T37/><AGARI ba="0,0" hai="4,6,22,25,30,36,37,38" m="46151,41578" machi="37" ten="40,12000,1" yaku="10,1,52,3" doraHai="121" who="0" fromWho="0" sc="190,120,398,-40,276,-40,136,-40" /><INIT seed="4,1,0,0,0,114" ten="310,358,236,96" oya="0" hai0="44,123,56,19,100,101,46,69,59,134,50,58,107" hai1="52,21,70,38,78,120,90,20,15,27,42,64,130" hai2="66,85,8,128,76,109,9,4,53,121,83,67,43" hai3="122,32,10,96,103,119,106,91,62,117,84,0,74"/><T60/><D123/><U68/><E120/><V55/><F121/><W25/><G122/><RYUUKYOKU type="kaze4" ba="1,0" sc="310,0,358,0,236,0,96,0" /><INIT seed="4,2,0,0,5,29" ten="310,358,236,96" oya="0" hai0="21,107,27,28,100,62,71,16,3,60,53,108,14" hai1="112,89,68,8,6,130,50,93,45,95,118,74,37" hai2="101,92,1,117,109,10,31,66,35,125,116,30,0" hai3="58,23,69,17,38,94,64,123,52,99,42,121,39"/><T96/><D3/><N who="2" m="1098" /><F66/><W76/><G76/><T46/><D108/><U56/><E118/><N who="2" m="45675" /><F109/><W73/><G73/><T34/><REACH who="0" step="1"/><D71/><REACH who="0" ten="300,358,236,96" step="2"/><U54/><E68/><V132/><F125/><W102/><G123/><T48/><AGARI ba="2,1" hai="14,16,21,27,28,34,46,48,53,60,62,96,100,107" machi="48" ten="30,12000,1" yaku="1,1,2,1,0,1,52,1,54,1,53,0" doraHai="29" doraHaiUra="111" who="0" fromWho="0" sc="300,136,358,-42,236,-42,96,-42" /><INIT seed="4,3,0,5,4,79" ten="436,316,194,54" oya="0" hai0="124,26,88,112,5,118,100,90,70,16,50,78,82" hai1="125,46,113,7,65,84,17,103,27,57,135,95,14" hai2="9,92,93,114,62,12,69,116,0,20,96,134,108" hai3="56,123,55,31,133,83,29,72,132,60,24,61,8"/><T94/><D70/><U37/><E125/><V58/><F108/><W52/><G123/><T102/><D118/><U115/><E7/><V41/><F0/><W104/><G104/><T129/><D129/><U117/><E27/><V28/><F69/><W81/><G8/><T86/><D124/><U74/><E74/><V110/><F41/><W23/><G72/><T1/><D112/><N who="1" m="43083" /><E117/><V30/><F134/><N who="3" m="51819" /><G31/><T80/><D5/><U36/><E46/><V6/><F110/><W99/><G99/><N who="0" m="57799" /><D1/><U63/><E135/><V33/><F116/><W39/><G39/><T19/><D26/><U45/><E45/><V64/><F114/><W85/><G85/><N who="0" m="48279" /><D50/><U38/><E103/><AGARI ba="3,0" hai="16,19,82,86,90,100,102,103" m="48279,57799" machi="103" ten="30,12000,1" yaku="8,1,52,2,54,2" doraHai="79" who="0" fromWho="1" sc="436,129,316,-129,194,0,54,0" /><INIT seed="4,4,0,1,3,76" ten="565,187,194,54" oya="0" hai0="35,109,115,20,96,126,90,75,113,30,33,91,31" hai1="94,84,128,38,127,56,92,87,0,97,40,66,57" hai2="47,123,79,42,61,22,23,110,98,116,26,124,48" hai3="13,59,60,104,102,17,83,5,72,119,62,105,45"/><T101/><D75/><U16/><E0/><V43/><F110/><W88/><G119/><T29/><D109/><U1/><E1/><V93/><F123/><W39/><G5/><T69/><D69/><U85/><E127/><V70/><F124/><W129/><G129/><T3/><D3/><U65/><E128/><V122/><F122/><W133/><G133/><T120/><D120/><U111/><E111/><V107/><F107/><W117/><G117/><T74/><D74/><U135/><E135/><V27/><F79/><W15/><G15/><T112/><D20/><U81/><E38/><V14/><F43/><W41/><G62/><T53/><D53/><U86/><E40/><V131/><F131/><W18/><G102/><T28/><D126/><U130/><E130/><V58/><F70/><W54/><G18/><T10/><D10/><U99/><E16/><N who="2" m="10647" /><F22/><W11/><REACH who="3" step="1"/><G72/><REACH who="3" ten="565,187,194,44" step="2"/><T50/><D112/><U63/><E63/><V67/><F116/><W73/><G73/><T132/><D113/><U78/><E94/><V44/><F93/><W25/><G25/><T134/><D115/><U8/><E8/><V125/><F125/><W100/><G100/><T55/><D132/><U7/><E7/><V106/><F27/><W114/><G114/><T108/><D134/><U6/><E6/><V19/><F26/><W121/><G121/><T52/><D108/><U95/><E92/><V77/><F106/><W37/><G37/><T68/><D28/><U4/><E4/><V24/><F24/><W51/><G51/><T118/><D29/><U9/><E95/><V80/><F19/><RYUUKYOKU ba="4,1" sc="565,-10,187,-10,194,-10,44,30" hai3="11,13,17,39,41,45,54,59,60,83,88,104,105" /><INIT seed="5,5,1,5,0,71" ten="555,177,184,74" oya="1" hai0="53,6,42,69,65,120,23,48,58,9,135,3,43" hai1="56,28,70,128,72,36,62,134,82,125,54,61,79" hai2="16,27,8,49,7,37,106,39,66,55,133,40,45" hai3="123,87,33,73,97,31,10,115,111,92,94,34,46"/><U81/><E128/><V44/><F106/><W0/><G111/><T75/><D120/><U108/><E108/><V116/><F116/><W11/><G73/><T19/><D75/><U109/><E109/><V32/><F66/><W93/><G123/><T88/><D135/><U114/><E134/><V47/><F133/><W59/><G115/><T118/><D118/><U121/><E114/><V29/><F16/><W130/><G130/><T25/><D65/><U26/><E121/><V126/><F126/><W78/><G46/><T35/><D69/><U77/><E125/><V112/><F112/><W95/><G59/><T68/><D68/><U122/><E122/><V60/><F60/><W38/><G38/><T101/><D101/><U107/><E107/><V22/><F32/><W104/><G104/><T63/><D63/><U127/><E36/><V105/><F105/><W103/><G34/><T1/><D1/><U102/><E102/><V99/><F99/><W18/><G18/><T50/><D50/><U24/><E127/><V113/><F113/><W100/><G100/><T67/><D67/><U52/><E70/><V91/><F91/><W41/><G41/><T85/><D35/><U51/><E54/><V12/><F47/><W131/><G131/><T117/><D117/><U86/><REACH who="1" step="1"/><E24/><REACH who="1" ten="555,167,184,74" step="2"/><V21/><F39/><W124/><G124/><T5/><D25/><U17/><E17/><V4/><F7/><W57/><G103/><T83/><D5/><U74/><E74/><V129/><F129/><W14/><G97/><T90/><D6/><U96/><E96/><V110/><F110/><RYUUKYOKU ba="5,2" sc="555,-15,167,15,184,15,74,-15" hai1="26,28,51,52,56,61,62,72,77,79,81,82,86" hai2="4,8,12,21,22,27,29,37,40,44,45,49,55" /><INIT seed="5,6,2,2,0,98" ten="540,182,199,59" oya="1" hai0="114,119,133,21,86,122,70,117,84,27,104,38,37" hai1="87,50,47,13,65,34,12,88,115,90,52,68,51" hai2="108,83,54,24,8,6,63,132,17,46,67,7,57" hai3="22,62,123,5,19,77,128,129,32,91,80,97,4"/><U14/><E34/><V95/><F108/><W44/><G123/><T69/><D114/><U56/><E115/><V48/><F132/><W92/><G32/><T45/><D104/><U103/><E68/><V75/><F75/><W118/><G118/><T82/><D122/><U71/><E71/><V101/><F83/><W85/><G62/><T10/><D133/><U31/><E31/><V113/><F113/><W20/><G44/><T1/><D1/><U107/><E107/><V120/><F120/><W26/><REACH who="3" step="1"/><G22/><REACH who="3" ten="540,182,199,49" step="2"/><T35/><D45/><U121/><E121/><V124/><F124/><W59/><G59/><T28/><D21/><U96/><E65/><V0/><F67/><W74/><G74/><T94/><D119/><U81/><E50/><V25/><F48/><W66/><G66/><T78/><D117/><U55/><E55/><V72/><F54/><W116/><G116/><T60/><D60/><U53/><E53/><V64/><F72/><W30/><G30/><T36/><D69/><U100/><E56/><V15/><F46/><W73/><G73/><T33/><D70/><U11/><E11/><V102/><F8/><W40/><G40/><T16/><D35/><U125/><E125/><V131/><F64/><W99/><G99/><T29/><D29/><U109/><E109/><V127/><F127/><W110/><G110/><T9/><D9/><U2/><E2/><V42/><F0/><W105/><G105/><T79/><D10/><U41/><E41/><V126/><F42/><W3/><G3/><T23/><D33/><U43/><E43/><V134/><F126/><RYUUKYOKU ba="6,3" sc="540,-15,182,15,199,-15,49,15" hai1="12,13,14,47,51,52,81,87,88,90,96,100,103" hai3="4,5,19,20,26,77,80,85,91,92,97,128,129" /><INIT seed="5,7,3,3,3,60" ten="525,197,184,64" oya="1" hai0="102,73,135,112,35,38,50,82,92,65,7,128,53" hai1="114,95,113,129,44,99,55,110,116,16,91,5,119" hai2="0,64,131,28,107,111,8,15,25,6,76,78,66" hai3="29,117,45,98,10,96,49,77,120,87,51,32,68"/><U133/><E129/><V46/><F107/><W69/><G120/><T11/><D38/><U21/><E133/><V79/><F111/><W94/><G117/><T126/><D35/><U27/><E110/><V14/><F131/><W23/><G32/><T59/><D128/><U70/><E70/><V81/><F81/><W101/><G98/><T134/><D126/><U63/><E5/><V80/><F80/><W121/><G121/><T56/><D112/><N who="1" m="43115" /><E44/><V47/><F0/><W122/><G122/><T2/><D134/><U54/><E54/><V30/><F15/><W22/><G10/><T74/><D135/><U37/><E37/><V3/><F3/><W1/><G1/><T34/><D2/><U13/><E13/><V83/><F83/><N who="3" m="47599" /><G69/><T52/><D7/><U62/><E62/><V67/><REACH who="2" step="1"/><F30/><REACH who="2" ten="525,197,174,64" step="2"/><W41/><G68/><T39/><D73/><U124/><E124/><V130/><F130/><W4/><G4/><T93/><D74/><U24/><E24/><V100/><F100/><W36/><G36/><T31/><D39/><U71/><E71/><V43/><F43/><N who="3" m="24767" /><G29/><T85/><D31/><U40/><E40/><V58/><F58/><AGARI ba="7,4" hai="16,21,27,55,58,63,91,95,99,116,119" m="43115" machi="58" ten="30,5800,0" yaku="25,1,15,1,54,1" doraHai="60" who="1" fromWho="2" sc="525,0,197,119,174,-79,64,0" /><INIT seed="5,8,0,1,3,102" ten="525,316,95,64" oya="1" hai0="135,27,50,91,10,38,58,103,35,95,104,78,23" hai1="1,43,113,48,134,29,6,22,79,24,5,25,11" hai2="74,16,118,67,62,0,97,33,105,57,120,51,90" hai3="106,71,111,2,28,123,107,127,121,114,115,63,122"/><U44/><E113/><N who="3" m="43018" /><G111/><T37/><D35/><U116/><E134/><V26/><F0/><W32/><G127/><T128/><D78/><U12/><E116/><V41/><F74/><W80/><G80/><T56/><D128/><U131/><E131/><V7/><F7/><W98/><G98/><T69/><D69/><U125/><E125/><V45/><F120/><W132/><G2/><T86/><D135/><U82/><E24/><V100/><F90/><W34/><G132/><T42/><D10/><U39/><E1/><V59/><F118/><W65/><G28/><T126/><D126/><U13/><E12/><V133/><F133/><W53/><G53/><T20/><D20/><U77/><E77/><V117/><F117/><W15/><G15/><T66/><D66/><U96/><E96/><V46/><F46/><W83/><G83/><T129/><D129/><U64/><E64/><V89/><F89/><W52/><G52/><T21/><D21/><U112/><E112/><V49/><F33/><AGARI ba="8,0" hai="32,33,34,63,65,71,106,107,121,122,123" m="43018" machi="33" ten="40,8000,1" yaku="15,1,23,1,52,2" doraHai="102" who="3" fromWho="2" sc="525,0,316,0,95,-104,64,104" owari="525,62.5,316,11.6,-9,-50.9,168,-23.2" /></mjloggm>