<mjloggm ver="2.3"><GO type="41" lobby="0"/><UN n0="%E3%81%BF%E3%81%AA%E3%81%94%E3%82%8D%E3%81%97" n1="%E2%93%9D%4C%75%63%6B%79%4A" n2="%E7%8B%AC%E3%82%8A%E8%A8%80" n3="%E9%9B%B6%E5%BA%A6%E6%84%8F%E5%BF%B5" dan="14,16,14,14" rate="1921.33,2164.08,1852.03,2009.18" sx="F,M,M,F"/><TAIKYOKU oya="0"/><INIT seed="0,0,0,0,3,30" ten="250,250,250,250" oya="0" hai0="51,130,24,27,107,2,34,7,125,82,122,38,66" hai1="46,133,59,81,131,92,120,111,47,112,78,36,100" hai2="90,106,83,35,58,52,75,33,23,62,110,97,85" hai3="32,10,123,121,68,80,79,17,70,103,3,124,11"/><T71/><D38/><U87/><E120/><N who="3" m="46154" /><G103/><T74/><D34/><U21/><E131/><V91/><F110/><W28/><G124/><T134/><D107/><U20/><E133/><V60/><F75/><N who="3" m="43135" /><G17/><T72/><D82/><U29/><E112/><V117/><F117/><W12/><G12/><T114/><D2/><U1/><E111/><V43/><F43/><W98/><G98/><T135/><D125/><U49/><E1/><V54/><F106/><W50/><G50/><T119/><D51/><U132/><E132/><V69/><F23/><W48/><G48/><T16/><D122/><U86/><E36/><V89/><F69/><N who="3" m="26731" /><G3/><T102/><D102/><U45/><E100/><V9/><F9/><W8/><G28/><T105/><D105/><U56/><E29/><V115/><F115/><W128/><G128/><T84/><D114/><U93/><E49/><V40/><F40/><W18/><G18/><T55/><D16/><U5/><E5/><V41/><F41/><W61/><G61/><T118/><D7/><U94/><REACH who="1" step="1"/><E87/><REACH who="1" ten="250,240,250,250" step="2"/><V104/><F97/><W127/><G127/><T15/><D84/><U53/><E53/><V42/><F42/><W109/><G109/><T95/><D55/><U113/><E113/><V108/><F108/><W99/><G99/><T77/><D130/><U14/><E14/><V116/><F116/><W126/><G126/><T22/><D15/><U96/><E96/><V13/><F104/><W67/><G67/><T19/><D66/><U25/><E25/><V44/><F13/><W129/><G129/><T39/><D135/><U64/><E64/><RYUUKYOKU ba="0,1" sc="250,-15,240,15,250,-15,250,15" hai1="20,21,45,46,47,56,59,78,81,86,92,93,94" hai3="8,10,11,32" /><INIT seed="1,1,1,4,3,113" ten="235,255,235,265" oya="1" hai0="124,35,16,85,122,98,133,27,103,55,46,56,15" hai1="32,14,109,19,25,94,52,6,81,34,63,17,48" hai2="21,110,7,83,114,118,33,70,100,11,79,82,10" hai3="38,129,41,90,43,0,68,26,47,121,37,80,120"/><U108/><E63/><V112/><F70/><W67/><G0/><T1/><D1/><U126/><E94/><V127/><F110/><N who="1" m="42601" /><E126/><V3/><F127/><W69/><G26/><T45/><D133/><U119/><E81/><V4/><F100/><W93/><G80/><T115/><D115/><N who="2" m="44074" /><F79/><W111/><G111/><T78/><D35/><N who="1" m="13355" /><E119/><V58/><F58/><W77/><G77/><T65/><D122/><U40/><E40/><V71/><F33/><W117/><G117/><T76/><D65/><U102/><E102/><V89/><F71/><W134/><G67/><T87/><D27/><U9/><E25/><V66/><F66/><W36/><G43/><T22/><D78/><U101/><E101/><V59/><F59/><AGARI ba="1,1" hai="6,9,14,17,19,48,52,59" m="13355,42601" machi="59" ten="30,5800,0" yaku="14,1,10,1,54,1" doraHai="113" who="1" fromWho="2" sc="235,0,255,71,235,-61,265,0" /><INIT seed="1,2,0,2,4,124" ten="235,326,174,265" oya="1" hai0="31,130,24,62,23,119,122,128,38,16,102,34,126" hai1="40,84,88,41,87,44,134,48,63,53,28,20,9" hai2="35,95,26,42,92,117,76,123,79,18,69,101,36" hai3="65,72,83,118,61,121,107,3,125,0,77,55,51"/><U109/><E134/><V19/><F117/><W5/><G121/><T6/><D38/><U47/><E109/><V43/><F123/><W67/><G125/><T56/><D126/><U13/><E87/><V90/><F69/><W7/><G107/><T132/><D132/><U82/><E47/><V33/><F90/><W32/><G32/><T78/><D119/><U120/><E120/><V2/><F2/><W71/><G67/><T22/><D6/><U106/><E106/><V94/><F36/><W60/><G60/><T52/><D34/><N who="2" m="12810" /><F26/><W54/><G118/><T116/><D116/><U21/><E28/><V50/><F101/><W99/><G99/><T133/><D133/><U96/><E96/><V74/><F50/><W131/><G51/><T111/><D111/><U25/><E63/><V105/><F74/><W80/><G72/><T12/><D122/><U30/><REACH who="1" step="1"/><E21/><REACH who="1" ten="235,316,174,265" step="2"/><V98/><F105/><W70/><G61/><T15/><D23/><U37/><E37/><V108/><F108/><W135/><G135/><T103/><D22/><U46/><E46/><V100/><F98/><W129/><G65/><T8/><D62/><U75/><E75/><V45/><F45/><W29/><G29/><T1/><D31/><U115/><E115/><V81/><F100/><W10/><G77/><T113/><D78/><U11/><E11/><AGARI ba="2,1" hai="0,3,5,7,10,11,54,55,70,71,80,83,129,131" machi="11" ten="25,6400,0" yaku="22,2,52,2" doraHai="124" who="3" fromWho="1" sc="235,0,316,-70,174,0,265,80" /><INIT seed="2,0,0,2,1,26" ten="235,246,174,345" oya="2" hai0="111,130,4,76,44,134,106,37,66,108,10,89,43" hai1="11,84,135,69,118,105,57,75,129,103,125,2,78" hai2="87,110,64,3,38,59,0,49,52,62,58,7,88" hai3="92,17,42,80,99,20,104,122,133,67,97,22,63"/><V121/><F121/><W24/><G122/><T90/><D130/><U95/><E69/><V16/><F38/><W91/><G133/><T18/><D106/><U131/><E57/><V96/><F110/><W6/><G6/><T39/><D18/><U79/><E2/><V51/><F96/><W107/><G42/><T36/><D134/><U123/><E11/><V86/><F86/><W127/><G80/><T5/><D66/><U50/><E50/><V8/><F51/><W93/><G20/><T13/><D76/><U27/><E125/><V114/><F114/><W34/><G34/><T9/><D44/><U28/><E118/><V109/><F109/><N who="0" m="42058" /><D43/><U112/><E112/><V113/><F113/><W47/><G47/><T46/><D46/><U56/><E56/><V101/><F101/><W31/><G17/><T70/><D70/><U54/><E123/><V23/><F8/><N who="0" m="3178" /><D13/><U55/><E79/><V120/><F120/><W115/><G115/><T65/><D65/><U14/><E14/><V71/><F71/><W116/><G116/><T85/><D85/><U119/><E84/><V25/><F7/><AGARI ba="0,0" hai="4,5,7,36,37,39,89,90" m="3178,42058" machi="7" ten="40,5200,0" yaku="28,2,14,1" doraHai="26" who="0" fromWho="2" sc="235,52,246,0,174,-52,345,0" /><INIT seed="3,0,0,2,5,23" ten="287,246,122,345" oya="3" hai0="32,39,80,130,113,83,58,122,38,73,0,40,49" hai1="70,91,24,52,65,90,48,42,37,102,36,104,9" hai2="103,61,99,109,95,72,2,77,17,45,64,13,60" hai3="12,85,74,21,53,62,128,131,81,134,19,20,27"/><W120/><G120/><T57/><D32/><U16/><E104/><V94/><F109/><W101/><G74/><T22/><D0/><U125/><E102/><V63/><F2/><W107/><G134/><T79/><D130/><N who="3" m="49705" /><G62/><T126/><D126/><U108/><E108/><V30/><F30/><W55/><G101/><T123/><D22/><N who="1" m="13383" /><E37/><V68/><F95/><W26/><G107/><T47/><D83/><U43/><E36/><N who="0" m="13865" /><D113/><U6/><E65/><V31/><F31/><N who="3" m="17863" /><G12/><T67/><D67/><U116/><E116/><V56/><F45/><W10/><G10/><T75/><D73/><U11/><E11/><V8/><F68/><W96/><G96/><T124/><D124/><U119/><E70/><V114/><REACH who="2" step="1"/><F114/><REACH who="2" ten="287,246,112,345" step="2"/><W51/><G51/><T87/><D49/><U115/><E115/><V121/><F121/><W127/><G127/><T89/><D123/><U69/><E125/><V41/><F41/><N who="1" m="15369" /><E69/><V28/><F28/><W78/><AGARI ba="0,1" hai="19,21,27,53,55,78,81,85" m="17863,49705" machi="78" ten="30,6000,0" yaku="19,1,52,2" doraHai="23" who="3" fromWho="3" sc="287,-20,246,-20,112,-20,345,70" /><INIT seed="3,1,0,3,2,29" ten="267,226,92,415" oya="3" hai0="84,114,98,135,7,81,49,17,72,90,102,18,105" hai1="19,123,5,129,124,68,64,32,51,22,99,43,95" hai2="115,66,60,59,120,33,39,110,54,28,23,108,83" hai3="36,53,77,128,104,106,127,116,48,3,50,30,132"/><W40/><G116/><T62/><D135/><U73/><E73/><V25/><F115/><W34/><G3/><T119/><D119/><U46/><E123/><V31/><F39/><W94/><G36/><T96/><D96/><U103/><E124/><V52/><F120/><W26/><G127/><T4/><D72/><U14/><E129/><V100/><F100/><W57/><G128/><T71/><D114/><U27/><E68/><V41/><F41/><W0/><G0/><T1/><D1/><U13/><E64/><V65/><F83/><W97/><G77/><T61/><D71/><U82/><E32/><N who="2" m="20495" /><F66/><W112/><G112/><T133/><D133/><U45/><E5/><V47/><F23/><W76/><G76/><T37/><D4/><U86/><REACH who="1" step="1"/><E46/><REACH who="1" ten="267,216,92,415" step="2"/><V126/><F126/><W70/><G70/><T79/><D7/><U113/><E113/><V9/><F47/><W55/><G132/><T16/><D37/><U87/><E87/><V15/><F65/><W121/><G121/><T122/><D122/><U88/><AGARI ba="1,1" hai="13,14,19,22,27,43,45,51,82,86,88,95,99,103" machi="88" ten="20,12000,2" yaku="1,1,0,1,7,1,8,1,54,1,53,1" doraHai="29" doraHaiUra="80" who="1" fromWho="1" sc="267,-31,216,133,92,-31,415,-61" /><INIT seed="4,0,0,1,1,3" ten="236,349,61,354" oya="0" hai0="5,107,67,22,66,61,32,73,127,78,49,99,37" hai1="25,74,65,44,93,119,128,123,72,133,55,82,113" hai2="104,42,94,69,58,13,101,34,91,9,80,125,84" hai3="89,20,30,131,108,35,4,45,96,38,90,97,111"/><T70/><D32/><U56/><E123/><V57/><F125/><W102/><G35/><T105/><D37/><U129/><E119/><V28/><F69/><W6/><G38/><T134/><D67/><U15/><E93/><V14/><F104/><W109/><G131/><N who="1" m="50250" /><E25/><V68/><F68/><W10/><G45/><T16/><D134/><U2/><E2/><V17/><F42/><W33/><G33/><T54/><D5/><U100/><E100/><V40/><F40/><W23/><G10/><T41/><D41/><U81/><E113/><V122/><F122/><W7/><G30/><T98/><D107/><U63/><E15/><V48/><F28/><W115/><G115/><T75/><D105/><U124/><E124/><V130/><F130/><W121/><G102/><T86/><D75/><N who="1" m="28715" /><E133/><V87/><F34/><W11/><G11/><T1/><D1/><U51/><AGARI ba="0,0" hai="44,51,55,56,63,65,81,82" m="28715,50250" machi="51" ten="40,1500,0" yaku="19,1" doraHai="3" who="1" fromWho="1" sc="236,-7,349,15,61,-4,354,-4" /><INIT seed="5,0,0,1,3,109" ten="229,364,57,350" oya="1" hai0="60,33,117,107,49,63,64,83,100,36,86,113,21" hai1="134,73,23,122,121,67,32,44,78,82,116,135,57" hai2="53,51,26,42,48,95,88,99,11,129,22,66,8" hai3="120,101,5,38,89,114,108,102,119,96,124,2,128"/><U115/><E32/><V24/><F129/><W55/><G38/><T87/><D33/><U50/><E116/><V28/><F66/><W126/><G120/><N who="1" m="46186" /><E23/><V93/><F26/><W35/><G35/><T92/><D107/><U106/><E57/><V52/><F42/><W85/><G108/><T77/><D36/><U46/><E67/><V123/><F123/><W58/><G119/><T3/><D3/><U14/><E14/><V70/><F70/><W15/><G2/><T79/><D63/><U37/><E106/><V9/><F95/><W18/><G5/><T68/><D49/><AGARI ba="0,0" hai="8,9,11,22,24,28,48,49,51,52,53,88,93,99" machi="49" ten="40,5200,0" yaku="8,1,54,2" doraHai="109" who="2" fromWho="0" sc="229,-52,364,0,57,52,350,0" /><INIT seed="6,0,0,5,3,3" ten="177,364,109,350" oya="2" hai0="46,116,90,133,24,14,63,2,89,5,107,91,65" hai1="39,56,7,23,93,122,108,9,55,98,33,68,0" hai2="32,62,50,102,20,21,18,12,84,101,27,125,106" hai3="43,77,135,112,119,82,117,30,72,49,131,52,95"/><V57/><F125/><W10/><G43/><T25/><D2/><U123/><E68/><V75/><F75/><W64/><G135/><T100/><D107/><U129/><E33/><V115/><F115/><W96/><G131/><T38/><D100/><N who="2" m="38506" /><F106/><W42/><G42/><T31/><D38/><U130/><E23/><V16/><F32/><W74/><G74/><T47/><D133/><U94/><E108/><V105/><F105/><W61/><G30/><T8/><D116/><U81/><E81/><V28/><F50/><W92/><G112/><T53/><D65/><U6/><E39/><V70/><F70/><W1/><G95/><N who="1" m="36362" /><E98/><V134/><F134/><W69/><G92/><T59/><D31/><U88/><E88/><V13/><F84/><W60/><G60/><T128/><D128/><N who="1" m="49259" /><E7/><V120/><F120/><W26/><G96/><T73/><D73/><U126/><E126/><V45/><F45/><AGARI ba="0,0" hai="5,8,14,24,25,45,46,47,53,59,63,89,90,91" machi="45" ten="40,2600,0" yaku="8,1,52,1" doraHai="3" who="0" fromWho="2" sc="177,26,364,0,109,-26,350,0" /><INIT seed="7,0,0,5,1,74" ten="203,364,83,350" oya="3" hai0="49,27,125,127,18,103,117,77,29,106,81,0,65" hai1="47,37,28,4,102,26,10,33,89,92,39,93,48" hai2="46,23,53,57,112,91,100,32,85,97,104,5,63" hai3="111,34,17,8,109,110,115,50,84,131,69,51,116"/><W130/><G116/><T67/><D0/><U11/><E102/><V86/><F112/><W31/><G69/><T64/><D117/><U52/><E93/><V36/><F32/><W76/><G115/><T134/><D18/><U124/><E124/><V13/><F36/><W62/><G62/><T75/><D134/><U79/><E79/><V6/><F46/><W40/><G34/><T38/><D38/><U94/><E94/><V101/><F101/><W135/><G31/><T68/><D49/><N who="3" m="18441" /><G40/><T21/><D68/><U87/><E11/><V55/><F86/><W82/><G135/><T88/><D67/><U120/><E120/><V123/><F123/><W15/><AGARI ba="0,0" hai="8,15,17,76,82,84,109,110,111,130,131" m="18441" machi="15" ten="40,3900,0" yaku="10,1,52,1" doraHai="74" who="3" fromWho="3" sc="203,-13,364,-13,83,-13,350,39" owari="190,-21.0,351,15.1,70,-43.0,389,48.9" /></mjloggm>