<mjloggm ver="2.3"><GO type="9" lobby="0"/><UN n0="%E2%93%9D%4C%75%63%6B%79%4A" n1="%E9%A2%A8%E8%A6%8B%E3%82%86%E3%81%86%E3%81%8B" n2="%E7%B4%94%E6%83%85%E4%B8%80%E9%80%94" n3="%6E%61%6F%32%35%32%35" dan="9,9,10,10" rate="1749.76,1617.83,1535.83,1577.16" sx="M,M,M,M"/><TAIKYOKU oya="0"/><INIT seed="0,0,0,1,1,55" ten="250,250,250,250" oya="0" hai0="47,98,102,61,104,115,71,111,118,11,31,7,12" hai1="116,81,25,107,46,20,74,29,121,120,13,45,62" hai2="96,73,41,40,42,50,54,103,95,0,23,19,119" hai3="60,106,75,28,68,17,133,89,129,3,88,84,66"/><T78/><D115/><U5/><E116/><V59/><F0/><W108/><G106/><T44/><D118/><U134/><E107/><V132/><F119/><W51/><G75/><T114/><D114/><U15/><E134/><V123/><F123/><W18/><G3/><T93/><D111/><U124/><E124/><V1/><F1/><W122/><G28/><T87/><D31/><U10/><E15/><V67/><F73/><W130/><G122/><T79/><D71/><U36/><E36/><V32/><F32/><W77/><G108/><T22/><D22/><U26/><E26/><V113/><F113/><W65/><G77/><T69/><D69/><U49/><E120/><V101/><F132/><W80/><G133/><T127/><D127/><U14/><E121/><V72/><F72/><W43/><G65/><T92/><D61/><U82/><E74/><V90/><REACH who="2" step="1"/><F67/><REACH who="2" ten="250,250,240,250" step="2"/><W83/><G129/><T35/><D35/><U56/><E14/><AGARI ba="0,1" hai="14,19,23,40,41,42,50,54,59,90,95,96,101,103" machi="14" ten="40,12000,2" yaku="1,1,2,1,8,1,52,1,53,3" doraHai="55" doraHaiUra="37" who="2" fromWho="1" sc="250,0,250,-120,240,130,250,0" /><INIT seed="1,0,0,2,4,124" ten="250,130,370,250" oya="1" hai0="77,131,79,41,97,90,68,84,80,104,0,10,8" hai1="72,132,66,105,94,22,70,86,36,40,123,20,115" hai2="32,12,65,67,50,85,42,63,3,47,82,58,59" hai3="27,16,122,52,109,57,2,64,4,95,51,83,113"/><U128/><E123/><V30/><F3/><W121/><G113/><T15/><D68/><U126/><E115/><V38/><F32/><W43/><G109/><T100/><D41/><U87/><E126/><V33/><F33/><W110/><G110/><T125/><D125/><U81/><E132/><V62/><F30/><W108/><G108/><T6/><REACH who="0" step="1"/><D131/><REACH who="0" ten="240,130,370,250" step="2"/><U117/><E117/><V111/><F111/><W45/><G122/><T25/><D25/><U127/><E127/><V89/><REACH who="2" step="1"/><F12/><REACH who="2" ten="240,130,360,250" step="2"/><W37/><G121/><T61/><D61/><U116/><E116/><V18/><F18/><AGARI ba="0,2" hai="0,6,8,10,15,18,77,79,80,84,90,97,100,104" machi="18" ten="30,3900,0" yaku="1,1,7,1,53,1" doraHai="124" doraHaiUra="34" who="0" fromWho="2" sc="240,59,130,0,360,-39,250,0" /><INIT seed="2,0,0,1,3,38" ten="299,130,321,250" oya="2" hai0="91,7,99,96,17,1,93,15,9,59,58,119,60" hai1="69,43,49,111,56,86,20,70,77,66,30,52,98" hai2="26,5,6,75,3,37,92,54,84,64,21,133,105" hai3="40,78,63,117,48,45,104,109,44,82,101,74,16"/><V125/><F125/><W100/><G117/><T103/><D119/><U128/><E111/><V10/><F133/><W51/><G109/><T0/><D59/><U80/><E128/><V90/><F105/><W72/><G72/><T11/><D1/><U76/><E76/><V57/><F64/><W34/><G34/><T53/><REACH who="0" step="1"/><D103/><REACH who="0" ten="289,130,321,250" step="2"/><U122/><E122/><V23/><F3/><W61/><G101/><T114/><D114/><U124/><E124/><V42/><F75/><W107/><G100/><T89/><D89/><U106/><E70/><V83/><F10/><W27/><G107/><T129/><D129/><U68/><E69/><V65/><F65/><W79/><G104/><T81/><D81/><U85/><E66/><V32/><F83/><W41/><G79/><T94/><D94/><U102/><E68/><V18/><F32/><W132/><G132/><T67/><D67/><U35/><E35/><V95/><F95/><W73/><G73/><T47/><D47/><U31/><E102/><V121/><F121/><W71/><G71/><T108/><D108/><U55/><E106/><V115/><F115/><W123/><G123/><T24/><D24/><U2/><E2/><V116/><F116/><W33/><G33/><T46/><D46/><U87/><E56/><V29/><F23/><AGARI ba="0,1" hai="16,23,27,40,41,44,45,48,51,61,63,74,78,82" machi="23" ten="40,8000,1" yaku="9,1,52,2,54,1" doraHai="38" who="3" fromWho="2" sc="289,0,130,0,321,-80,250,90" /><INIT seed="3,0,0,3,0,40" ten="289,130,241,340" oya="3" hai0="99,53,20,94,0,61,34,112,114,58,16,48,54" hai1="102,50,70,57,108,10,106,84,125,46,105,115,51" hai2="33,120,62,65,92,2,116,133,11,88,60,121,119" hai3="1,69,25,17,36,56,7,95,27,66,109,91,4"/><W29/><G36/><T113/><D34/><U5/><E115/><V124/><F33/><W41/><G69/><T42/><D0/><U128/><E108/><V78/><F78/><W32/><G41/><T98/><D42/><U123/><E123/><N who="2" m="47179" /><F2/><W19/><G1/><T63/><D94/><U122/><E122/><V97/><F11/><W87/><G109/><T23/><D23/><U28/><E128/><V96/><F124/><W75/><G75/><T30/><D30/><U74/><E125/><V126/><F126/><W35/><G29/><T135/><D135/><U73/><E70/><V24/><F133/><W37/><G37/><T89/><D89/><U49/><E28/><V44/><F24/><W103/><G66/><T111/><D111/><U110/><E110/><V131/><F131/><W9/><G35/><T38/><D38/><U47/><E57/><V80/><F80/><W8/><G32/><T79/><D79/><U26/><E26/><N who="3" m="9738" /><G56/><N who="0" m="35223" /><D61/><N who="2" m="23658" /><F65/><W43/><G43/><T72/><D72/><U82/><E106/><V81/><F81/><W39/><G39/><T15/><AGARI ba="0,0" hai="15,16,20,48,53,58,98,99,112,113,114" m="35223" machi="15" ten="30,2000,0" yaku="11,1,54,1" doraHai="40" who="0" fromWho="0" sc="289,20,130,-5,241,-5,340,-10" /><INIT seed="4,0,0,0,4,84" ten="309,125,236,330" oya="0" hai0="109,42,93,120,53,22,15,62,67,91,64,46,66" hai1="96,21,55,99,116,123,17,76,78,45,6,14,33" hai2="81,8,31,132,94,58,102,100,119,130,88,87,44" hai3="38,122,10,34,52,30,9,128,48,77,69,11,57"/><T98/><D120/><U23/><E123/><V134/><F31/><W75/><G69/><T7/><D109/><U92/><E116/><V36/><F8/><W1/><G122/><T89/><D53/><U108/><E108/><V50/><F36/><W68/><G68/><T3/><D3/><U71/><E71/><V49/><F130/><W95/><G34/><T13/><D62/><U39/><E33/><V126/><F126/><W0/><G30/><T118/><D118/><U32/><E32/><V63/><F119/><W110/><G110/><T18/><D7/><U85/><E6/><V86/><F134/><W80/><G128/><T24/><REACH who="0" step="1"/><D91/><REACH who="0" ten="299,125,236,330" step="2"/><N who="1" m="53359" /><E55/><V79/><F132/><W113/><G0/><T133/><D133/><U125/><E125/><V117/><F117/><W65/><G1/><T82/><D82/><U114/><E114/><V59/><F63/><W74/><G113/><T73/><D73/><U106/><E106/><V5/><F5/><W16/><G74/><T70/><D70/><U51/><E39/><AGARI ba="0,1" hai="13,15,18,22,24,39,42,46,64,66,67,89,93,98" machi="39" ten="40,3900,0" yaku="1,1,52,1,53,0" doraHai="84" doraHaiUra="47" who="0" fromWho="1" sc="299,49,125,-39,236,0,330,0" /><INIT seed="4,1,0,3,0,134" ten="348,86,236,330" oya="0" hai0="80,28,98,127,88,73,104,71,97,49,22,26,100" hai1="105,126,8,18,78,123,82,36,6,0,10,5,1" hai2="74,51,70,24,92,58,77,42,54,34,117,129,132" hai3="106,62,102,60,69,94,101,25,55,115,86,21,14"/><T39/><D39/><U19/><E123/><V99/><F70/><W11/><G115/><T16/><D71/><U46/><E105/><V72/><F132/><W35/><G35/><T124/><D49/><U41/><REACH who="1" step="1"/><E126/><REACH who="1" ten="348,76,236,330" step="2"/><N who="0" m="48169" /><D73/><AGARI ba="1,1" hai="0,1,5,6,8,10,18,19,36,41,46,73,78,82" machi="73" ten="30,8000,1" yaku="1,1,7,1,9,1,25,2,53,0" doraHai="134" doraHaiUra="90" who="1" fromWho="0" sc="348,-83,76,93,236,0,330,0" /><INIT seed="5,0,0,5,2,16" ten="265,169,236,330" oya="1" hai0="85,9,12,66,47,93,62,36,64,107,97,45,121" hai1="131,11,4,116,111,49,1,42,102,19,98,71,126" hai2="8,119,28,134,14,46,50,43,6,129,15,31,57" hai3="52,70,132,29,68,37,130,133,17,24,53,84,96"/><U2/><E116/><V101/><F119/><W65/><G37/><T89/><D121/><U95/><E126/><V51/><F129/><W61/><G70/><T86/><D107/><U23/><E131/><V60/><F134/><W74/><G74/><T34/><D34/><U59/><E111/><V39/><F101/><W73/><G73/><T30/><D30/><U87/><E71/><V117/><F117/><W41/><G41/><T125/><D125/><U79/><E1/><V110/><F110/><W83/><G17/><T55/><D36/><U135/><E135/><V90/><F90/><W106/><G130/><T72/><D72/><U69/><E69/><V44/><F15/><W18/><G18/><T91/><D97/><U40/><E79/><V108/><F108/><W38/><G38/><T100/><D100/><U104/><E104/><V118/><F118/><W120/><G120/><T113/><D113/><U80/><E80/><V94/><F94/><W27/><G27/><T33/><D33/><U67/><E87/><V82/><F82/><W81/><G133/><T56/><D66/><U3/><E3/><V103/><F103/><W5/><G5/><N who="0" m="3119" /><D64/><U115/><E115/><V88/><F88/><W99/><G106/><T122/><D122/><U63/><REACH who="1" step="1"/><E49/><REACH who="1" ten="265,159,236,330" step="2"/><V32/><F39/><W25/><G84/><T58/><D86/><U35/><E35/><V92/><F32/><W112/><G132/><T26/><D85/><U54/><E54/><N who="2" m="33847" /><F92/><W75/><G68/><T109/><D93/><U114/><E114/><V77/><F77/><W78/><G112/><T13/><D109/><RYUUKYOKU ba="0,1" sc="265,-15,159,15,236,15,330,-15" hai1="2,4,11,19,23,40,42,59,63,67,95,98,102" hai2="6,8,14,28,31,43,44,46,50,51" /><INIT seed="5,1,1,1,4,67" ten="250,174,251,315" oya="1" hai0="120,29,88,57,24,78,54,98,40,111,12,18,117" hai1="73,19,42,124,113,16,41,126,99,49,92,107,0" hai2="82,3,105,101,79,9,4,44,96,15,60,64,28" hai3="87,103,112,65,46,5,71,10,32,115,122,119,90"/><U100/><E73/><V6/><F6/><W118/><G32/><T108/><D117/><U8/><E107/><V130/><F130/><W131/><G103/><T51/><D40/><U2/><E113/><V134/><F134/><W106/><G106/><T110/><D78/><U17/><E8/><V21/><F21/><W84/><G46/><T123/><D29/><U39/><E39/><V43/><F15/><W68/><G65/><T97/><D24/><U56/><E42/><V36/><F28/><W48/><G48/><T13/><D13/><U11/><E11/><V55/><F55/><W25/><G25/><T91/><D98/><U58/><E58/><V50/><F50/><W81/><G131/><T121/><REACH who="0" step="1"/><D97/><REACH who="0" ten="240,174,251,315" step="2"/><U75/><E75/><N who="2" m="43391" /><F64/><W129/><G129/><T109/><N who="0" m="27648" /><DORA hai="7" /><T93/><D93/><U70/><E41/><V114/><F114/><N who="3" m="43563" /><G87/><T135/><D135/><U20/><E2/><N who="2" m="151" /><F60/><W69/><G122/><T59/><D59/><U95/><E56/><V74/><F3/><AGARI ba="1,2" hai="3,5,10,68,69,71,81,84,90,118,119" m="43563" machi="3" ten="40,8000,1" yaku="15,1,52,4" doraHai="67,7" who="3" fromWho="2" sc="240,0,174,0,251,-83,315,103" /><INIT seed="6,0,0,4,0,117" ten="240,174,168,418" oya="2" hai0="46,127,78,126,10,134,124,120,43,7,129,31,73" hai1="56,34,57,3,107,30,86,14,58,59,71,69,75" hai2="84,25,99,52,92,4,5,38,12,133,72,54,76" hai3="128,17,23,119,85,74,96,21,8,36,28,80,97"/><V100/><F133/><W51/><G74/><T66/><D31/><U22/><E34/><V81/><F38/><W62/><G36/><N who="0" m="21863" /><D66/><U45/><E75/><V39/><F39/><W27/><G128/><T64/><D64/><U48/><E107/><N who="2" m="63903" /><F25/><W132/><G8/><T90/><D90/><U41/><E3/><V83/><F83/><W95/><G132/><T53/><D53/><N who="2" m="20586" /><F12/><W63/><G51/><T105/><D105/><U1/><E1/><V122/><F122/><W125/><G125/><T108/><D120/><U44/><E86/><V50/><F50/><W88/><G97/><T82/><D134/><U87/><E87/><V35/><F35/><W49/><G49/><T116/><D116/><U40/><E30/><V113/><F113/><W98/><G98/><T19/><D19/><U109/><N who="1" m="14336" /><DORA hai="111" /><U9/><E22/><V11/><F11/><W77/><G119/><T115/><D115/><U123/><E123/><V101/><F101/><W110/><G110/><T15/><D108/><U130/><E109/><V135/><F135/><W104/><G104/><T20/><D20/><U32/><E32/><V68/><F68/><W37/><G37/><T89/><D89/><AGARI ba="0,0" hai="4,5,72,76,81,84,89,92" m="20586,63903" machi="89" ten="30,2900,0" yaku="24,1,54,1" doraHai="117,111" who="2" fromWho="0" sc="240,-29,174,0,168,29,418,0" /><INIT seed="6,1,0,1,1,125" ten="211,174,197,418" oya="2" hai0="121,59,69,118,63,16,12,88,56,42,13,67,45" hai1="24,57,4,71,135,73,35,14,39,77,34,114,72" hai2="44,55,130,109,31,110,112,38,84,61,66,104,87" hai3="111,5,26,108,117,51,78,126,115,89,23,19,15"/><V8/><F112/><W52/><G117/><T98/><D121/><U9/><E135/><V22/><F104/><W41/><G126/><T131/><D13/><U80/><E72/><V105/><F105/><W74/><G115/><T103/><D118/><U113/><E71/><V2/><F2/><W32/><G41/><T1/><D1/><U58/><E39/><V107/><F107/><W79/><G74/><T94/><D103/><U0/><E0/><V132/><F132/><W18/><G5/><T21/><REACH who="0" step="1"/><D131/><REACH who="0" ten="201,174,197,418" step="2"/><U129/><E129/><V100/><F130/><W83/><G111/><T82/><D82/><U134/><E113/><V120/><F120/><W65/><G108/><N who="2" m="41577" /><F100/><W7/><G32/><T40/><D40/><U29/><E114/><V85/><F8/><W20/><G7/><T43/><D43/><U96/><E134/><V28/><F22/><W47/><G65/><T6/><D6/><U99/><REACH who="1" step="1"/><E35/><REACH who="1" ten="201,164,197,418" step="2"/><V68/><F38/><AGARI ba="1,2" hai="12,16,21,38,42,45,56,59,63,67,69,88,94,98" machi="38" ten="30,7700,0" yaku="1,1,7,1,54,2,53,0" doraHai="125" doraHaiUra="122" who="0" fromWho="2" sc="201,100,164,0,197,-80,418,0" /><INIT seed="7,0,0,0,4,123" ten="301,164,117,418" oya="3" hai0="85,64,109,127,102,121,36,125,15,106,76,107,31" hai1="124,22,78,2,18,14,49,5,130,104,58,12,89" hai2="74,11,119,21,92,95,96,73,118,69,77,131,83" hai3="84,66,116,81,120,103,35,10,93,29,67,71,72"/><W55/><G116/><T16/><D64/><U134/><E104/><V126/><F69/><W13/><G72/><T97/><D121/><U129/><E124/><N who="0" m="47689" /><D31/><U3/><E134/><V135/><F11/><W0/><G0/><T80/><D36/><U56/><E78/><V37/><F37/><W87/><G71/><T30/><D30/><U113/><E113/><V75/><F126/><W26/><G55/><T112/><D112/><U1/><E89/><V33/><F33/><W105/><G120/><T108/><D107/><U39/><E39/><V99/><F99/><W63/><G67/><T57/><D57/><U25/><E49/><V111/><F21/><AGARI ba="0,0" hai="15,16,21,76,80,85,97,102,106,108,109" m="47689" machi="21" ten="30,7700,0" yaku="18,1,52,2,54,1" doraHai="123" who="0" fromWho="2" sc="301,77,164,0,117,-77,418,0" owari="378,17.8,164,-23.6,40,-46.0,418,51.8" /></mjloggm>