<mjloggm ver="2.3"><GO type="137" lobby="0"/><UN n0="%E2%93%9D%4C%75%63%6B%79%4A" n1="%E8%8A%B1%E9%9D%9E%E8%8A%B1" n2="%35%30%31%78%78" n3="%6D%69%6B%69%79%61%73%75" dan="11,13,13,11" rate="1760.45,1699.56,1796.41,1606.42" sx="M,F,M,M"/><TAIKYOKU oya="0"/><INIT seed="0,0,0,5,0,48" ten="250,250,250,250" oya="0" hai0="112,75,128,59,19,44,116,66,57,70,130,28,100" hai1="50,95,126,6,76,73,38,32,121,49,93,37,90" hai2="18,29,74,78,9,106,119,108,94,36,85,105,27" hai3="12,82,40,4,67,42,14,45,113,79,56,127,43"/><T117/><D75/><U104/><E121/><V122/><F119/><N who="0" m="45642" /><D28/><U5/><E126/><V71/><F71/><W22/><G113/><T0/><D100/><U58/><E32/><V133/><F133/><W23/><G127/><T13/><D0/><U61/><E104/><V7/><F36/><W60/><G45/><T31/><D31/><U99/><E37/><V20/><F108/><W91/><G79/><T68/><D13/><U84/><E38/><V114/><F114/><W15/><G4/><T54/><D19/><U80/><E6/><V47/><F122/><W101/><G101/><T77/><D77/><U65/><REACH who="1" step="1"/><E5/><REACH who="1" ten="250,240,250,250" step="2"/><V2/><F2/><W55/><REACH who="3" step="1"/><G67/><REACH who="3" ten="250,240,250,240" step="2"/><T30/><D66/><U98/><E98/><V110/><F7/><W96/><G96/><T21/><D112/><U41/><E41/><V72/><F110/><W53/><G53/><T132/><D54/><U107/><E107/><V103/><F106/><W63/><G63/><T52/><D132/><U46/><E46/><V89/><F47/><W125/><G125/><T69/><D44/><U129/><E129/><N who="0" m="49769" /><D52/><U39/><E39/><V115/><F115/><W25/><G25/><AGARI ba="0,2" hai="21,25,30,57,59,68,69,70" m="49769,45642" machi="25" ten="40,2000,0" yaku="19,1" doraHai="48" who="0" fromWho="3" sc="250,40,240,0,250,0,240,-20" /><INIT seed="0,1,0,3,5,18" ten="290,240,250,220" oya="0" hai0="98,29,43,42,2,85,47,71,81,83,93,108,117" hai1="52,133,4,28,113,17,76,8,26,129,65,44,96" hai2="114,50,41,38,23,105,37,90,33,16,94,97,102" hai3="110,5,87,20,19,70,119,120,127,53,130,10,77"/><T49/><D117/><U126/><E113/><V22/><F33/><W7/><G120/><T111/><D71/><U67/><E133/><V82/><F114/><W55/><G119/><T60/><D2/><U132/><E132/><V62/><F62/><W116/><G110/><N who="0" m="42027" /><D29/><U92/><E129/><V27/><F41/><N who="0" m="15370" /><D85/><U78/><E126/><V11/><F11/><W1/><G116/><T46/><D60/><U135/><E135/><V134/><F134/><W54/><G127/><T86/><D86/><U79/><E17/><V13/><F50/><W88/><G70/><T123/><D123/><U107/><E8/><V122/><F82/><N who="0" m="31242" /><D49/><U14/><E4/><V51/><F51/><W84/><G7/><T30/><D30/><U24/><E14/><V40/><F40/><W15/><G130/><T63/><D63/><U56/><E107/><V75/><F75/><W48/><G77/><T72/><D72/><U34/><E26/><V69/><F69/><W124/><G124/><T39/><D39/><U89/><REACH who="1" step="1"/><E44/><REACH who="1" ten="290,230,250,220" step="2"/><V59/><F122/><W74/><G74/><T101/><AGARI ba="1,1" hai="46,47,93,98,101" m="31242,15370,42027" machi="101" ten="30,3000,0" yaku="14,1,10,1" doraHai="18" who="0" fromWho="0" sc="290,43,230,-11,250,-11,220,-11" /><INIT seed="0,2,0,4,5,90" ten="333,219,239,209" oya="0" hai0="50,21,41,0,9,74,120,32,100,114,111,131,93" hai1="43,72,17,112,92,35,51,37,127,89,14,59,117" hai2="104,87,39,110,113,118,44,84,106,75,79,123,68" hai3="82,38,80,19,22,67,1,78,57,61,96,29,60"/><T52/><D120/><U49/><E117/><V11/><F68/><W81/><G38/><T30/><D114/><U28/><E112/><V2/><F84/><W126/><G1/><T16/><D74/><U133/><E127/><V5/><F87/><W102/><G126/><T10/><D32/><U48/><E133/><V20/><F20/><W24/><G61/><T105/><D105/><U62/><E72/><V3/><F3/><W36/><G36/><T23/><D131/><U58/><E37/><V125/><F123/><W53/><G78/><T54/><D111/><U65/><E43/><V108/><F125/><W13/><G102/><T63/><D0/><U40/><E35/><V86/><F86/><W7/><G96/><N who="0" m="59407" /><D23/><U26/><E28/><V124/><F124/><W85/><G85/><T101/><D101/><U95/><E89/><V69/><F118/><W76/><G76/><T73/><D30/><U56/><E26/><V91/><F91/><W99/><G7/><T122/><D73/><U135/><E135/><V109/><F69/><W45/><G99/><T128/><D128/><U31/><E31/><V42/><REACH who="2" step="1"/><F113/><REACH who="2" ten="333,219,229,209" step="2"/><W116/><G116/><T25/><D122/><U70/><REACH who="1" step="1"/><E40/><REACH who="1" ten="333,209,229,209" step="2"/><V66/><F66/><W94/><G67/><T103/><D103/><U33/><E33/><V64/><F64/><W134/><G134/><T18/><D41/><U129/><E129/><V4/><F4/><W98/><G80/><AGARI ba="2,2" hai="2,5,11,39,42,44,75,79,80,104,106,108,109,110" machi="80" ten="40,12000,2" yaku="1,1,25,2,14,1,23,2,53,1" doraHai="90" doraHaiUra="71" who="2" fromWho="3" sc="333,0,209,0,229,146,209,-126" /><INIT seed="1,0,0,0,5,63" ten="333,209,375,83" oya="1" hai0="78,58,33,34,126,101,108,61,44,37,55,117,64" hai1="54,110,51,128,65,22,80,129,106,77,31,49,43" hai2="94,11,122,119,134,7,9,88,72,116,15,47,99" hai3="67,6,14,50,102,115,39,20,59,112,135,91,118"/><U93/><E110/><V60/><F122/><W75/><G39/><T16/><D108/><U127/><E106/><V130/><F130/><N who="1" m="50281" /><E127/><V17/><F134/><W76/><G75/><T42/><D117/><U89/><E43/><V81/><F47/><W96/><G118/><T79/><D101/><U121/><E121/><V10/><F60/><W29/><G135/><T124/><D34/><U109/><E109/><V86/><F72/><W87/><G76/><T74/><D33/><U111/><E111/><V26/><F26/><W66/><G6/><T25/><D55/><U8/><E8/><V40/><F40/><W13/><G29/><T98/><D98/><N who="1" m="57647" /><E22/><V0/><REACH who="2" step="1"/><F11/><REACH who="2" ten="333,209,365,83" step="2"/><W24/><G24/><T1/><D25/><U132/><E132/><V19/><F19/><W27/><G115/><T28/><D16/><U38/><E38/><V35/><F35/><W90/><G112/><T131/><D131/><U105/><E105/><V85/><F85/><W103/><G87/><T23/><D74/><N who="1" m="43063" /><E31/><V56/><F56/><W123/><G123/><T4/><D28/><U18/><E18/><V3/><F3/><W46/><G46/><T36/><D1/><U82/><E82/><V83/><F83/><W97/><G27/><T71/><D23/><U32/><E32/><V12/><F12/><W21/><G59/><T114/><D58/><N who="1" m="33103" /><E51/><AGARI ba="0,1" hai="13,14,20,21,50,51,66,67,90,91,96,97,102,103" machi="51" ten="25,8000,1" yaku="22,2,8,1,52,2" doraHai="63" who="3" fromWho="1" sc="333,0,209,-80,365,0,83,90" /><INIT seed="2,0,0,0,3,14" ten="333,129,365,173" oya="2" hai0="39,47,99,92,81,106,93,30,127,79,64,74,72" hai1="53,108,80,68,73,94,46,103,55,16,117,7,118" hai2="71,51,60,59,42,4,91,44,129,113,38,31,63" hai3="76,85,125,5,67,34,110,97,43,32,131,17,41"/><V22/><F129/><W111/><G67/><T126/><D30/><U10/><E108/><N who="3" m="41514" /><G5/><T66/><D47/><U87/><E68/><V54/><F4/><W77/><G131/><T124/><D39/><U27/><E73/><N who="0" m="28265" /><D66/><U18/><E27/><V11/><F11/><W98/><G85/><N who="0" m="48319" /><D64/><U58/><E46/><N who="2" m="23895" /><F22/><W70/><G70/><T133/><D133/><U115/><E115/><V119/><F91/><W78/><G17/><T35/><D35/><N who="3" m="13353" /><G125/><T15/><D15/><N who="1" m="5599" /><E118/><V36/><F31/><W19/><G19/><N who="1" m="7210" /><E117/><V128/><F128/><W134/><G134/><T90/><D90/><N who="1" m="51559" /><E58/><V2/><F2/><W130/><G130/><T24/><D24/><U109/><E109/><V57/><F119/><W100/><G100/><AGARI ba="0,0" hai="92,93,99,100,106,124,126,127" m="48319,28265" machi="100" ten="40,5200,0" yaku="18,1,34,2" doraHai="14" who="0" fromWho="3" sc="333,52,129,0,365,0,173,-52" /><INIT seed="3,0,0,4,5,12" ten="385,129,365,121" oya="3" hai0="116,40,119,77,2,19,113,45,82,28,89,93,34" hai1="55,99,106,122,24,3,100,124,33,4,61,84,98" hai2="76,105,22,56,18,17,46,111,108,68,36,29,49" hai3="110,27,52,44,70,114,78,16,66,92,75,15,83"/><W35/><G114/><T14/><D2/><U53/><E122/><V25/><F76/><W117/><G117/><T96/><D113/><U65/><E124/><V39/><F105/><W133/><G110/><N who="2" m="42025" /><F68/><W5/><G133/><T21/><D34/><U120/><E98/><V95/><F56/><W32/><G5/><T20/><D21/><U72/><E72/><V9/><F9/><W71/><G66/><T48/><REACH who="0" step="1"/><D28/><REACH who="0" ten="375,129,365,121" step="2"/><U47/><E120/><V58/><F58/><W51/><G35/><T8/><D8/><U79/><E3/><V54/><F95/><W101/><G32/><T94/><D94/><U107/><E107/><V73/><F73/><AGARI ba="0,1" hai="14,19,20,40,45,48,73,77,82,89,93,96,116,119" machi="73" ten="30,7700,0" yaku="1,1,7,1,52,1,53,1" doraHai="12" doraHaiUra="104" who="0" fromWho="2" sc="375,87,129,0,365,-77,121,0" /><INIT seed="4,0,0,5,1,132" ten="462,129,288,121" oya="0" hai0="29,102,105,85,106,57,109,126,63,91,69,4,32" hai1="116,40,78,43,103,11,41,33,36,134,89,115,5" hai2="20,42,64,135,66,123,44,113,100,0,54,124,73" hai3="65,87,62,26,45,1,38,75,7,120,14,82,34"/><T76/><D69/><U2/><E116/><V60/><F0/><W99/><G120/><T125/><D76/><U118/><E134/><V37/><F73/><W114/><G75/><T27/><D4/><U61/><E118/><V92/><F123/><W90/><G114/><T6/><D6/><U128/><E115/><V108/><F108/><W111/><G111/><T16/><D16/><U77/><E128/><V59/><F20/><W10/><G38/><T3/><D3/><U81/><E33/><V24/><F24/><W131/><G45/><T21/><D102/><U47/><E103/><V25/><F25/><W107/><G131/><T72/><D72/><U19/><E19/><V48/><F92/><W130/><G130/><T95/><D32/><U119/><E119/><V28/><F100/><W58/><G34/><T39/><D39/><U104/><E104/><V15/><F15/><W88/><G26/><T9/><D9/><U22/><E22/><V96/><F96/><W79/><G107/><T23/><D23/><U83/><E61/><V112/><F28/><W31/><G31/><T98/><D109/><U51/><E89/><V67/><F135/><W122/><G122/><T110/><D110/><U18/><E18/><V8/><F8/><W93/><G1/><T129/><D129/><U49/><E49/><V80/><F80/><W94/><G94/><T46/><D106/><U70/><E70/><V56/><F60/><W50/><G50/><T121/><D121/><U35/><E35/><V101/><F101/><AGARI ba="0,0" hai="7,10,14,58,62,65,79,82,87,88,90,93,99,101" machi="101" ten="30,3900,0" yaku="7,1,8,1,54,1" doraHai="132" who="3" fromWho="2" sc="462,0,129,0,288,-39,121,39" /><INIT seed="5,0,0,5,3,53" ten="462,129,249,160" oya="1" hai0="27,123,115,101,11,64,29,106,94,18,72,30,122" hai1="41,108,61,28,83,128,82,87,43,88,12,105,85" hai2="63,6,84,13,1,117,71,91,69,49,134,51,79" hai3="65,35,111,59,109,36,99,96,112,120,22,124,118"/><U32/><E128/><V57/><F117/><W47/><G35/><T104/><D72/><U130/><E130/><V92/><F134/><W33/><G33/><T20/><D64/><U34/><E108/><V52/><F1/><W114/><G22/><T9/><D94/><U60/><E105/><V31/><F31/><N who="0" m="11786" /><D101/><U68/><E68/><V86/><F71/><W21/><G21/><T14/><D106/><U24/><E12/><V76/><F69/><W37/><G118/><T107/><D107/><U77/><REACH who="1" step="1"/><E34/><REACH who="1" ten="462,119,249,160" step="2"/><V4/><F13/><W15/><G120/><N who="0" m="46123" /><D104/><U119/><E119/><V90/><F6/><W58/><G124/><T54/><D115/><N who="3" m="44073" /><G15/><T19/><D54/><U73/><E73/><V8/><F4/><W131/><G131/><T5/><D11/><U66/><E66/><V95/><F8/><W70/><G65/><T56/><D56/><N who="3" m="21545" /><G70/><T16/><AGARI ba="0,1" hai="5,9,14,16,18,19,20,27" m="46123,11786" machi="16" ten="30,7900,0" yaku="13,1,34,2,54,1" doraHai="53" who="0" fromWho="0" sc="462,89,119,-39,249,-20,160,-20" /><INIT seed="6,0,0,5,5,94" ten="551,80,229,140" oya="2" hai0="31,67,111,114,92,6,25,29,81,12,34,70,17" hai1="71,107,76,44,32,134,118,131,103,3,109,9,8" hai2="117,99,124,69,21,75,20,115,58,33,38,106,73" hai3="132,85,91,77,63,40,61,41,22,121,130,1,35"/><V5/><F117/><W42/><G121/><T23/><D70/><U51/><E118/><V14/><F38/><W78/><G1/><T55/><D67/><U113/><E109/><V52/><F69/><W48/><G35/><T122/><D81/><U18/><E134/><V105/><F124/><W83/><G132/><T95/><D122/><U28/><E131/><V43/><F43/><W90/><G130/><T2/><D111/><U80/><E113/><V119/><F119/><W128/><G128/><T50/><D31/><U135/><E135/><V68/><F68/><W116/><G116/><T30/><D30/><U93/><E71/><V57/><F115/><W96/><G48/><T98/><D114/><U24/><E107/><V108/><F108/><W7/><G7/><T74/><D74/><U125/><E125/><V60/><F57/><W88/><G22/><T36/><D36/><U133/><E133/><V59/><F59/><W0/><G0/><T82/><D82/><U89/><E3/><V66/><F33/><W100/><REACH who="3" step="1"/><G78/><REACH who="3" ten="551,80,229,130" step="2"/><T37/><D37/><U72/><E32/><V84/><F21/><W47/><G47/><T123/><D123/><U26/><E28/><V13/><F20/><W87/><G87/><T15/><D2/><U16/><E72/><V56/><F5/><W11/><G11/><N who="0" m="4599" /><D34/><U10/><E76/><V45/><F75/><W53/><G53/><T46/><D29/><U49/><E44/><V54/><F73/><W86/><G86/><T19/><D98/><U79/><E79/><V112/><F84/><W127/><G127/><T101/><D101/><RYUUKYOKU ba="0,1" sc="551,15,80,-15,229,-15,130,15" hai0="12,17,19,23,25,46,50,55,92,95" hai3="40,41,42,61,63,77,83,85,88,90,91,96,100" /><INIT seed="7,1,1,3,3,50" ten="566,65,214,145" oya="3" hai0="8,134,65,57,30,78,100,101,40,32,52,108,21" hai1="11,55,82,128,36,77,63,25,19,92,45,4,42" hai2="61,49,119,20,86,9,110,29,76,60,35,116,16" hai3="95,130,79,6,97,14,28,98,93,124,96,54,132"/><W103/><G130/><T94/><D32/><U69/><E128/><V64/><F110/><W91/><G124/><T10/><D40/><U81/><E92/><V43/><F61/><W88/><G132/><T87/><D65/><U13/><E69/><V59/><F35/><W121/><G121/><T129/><D134/><U120/><E120/><V70/><F29/><W58/><G28/><T118/><D118/><U112/><E112/><V125/><F125/><W23/><G79/><T26/><D108/><U0/><E25/><V126/><F126/><W135/><G135/><T22/><D22/><U104/><E104/><V99/><F99/><W80/><G6/><T34/><D34/><U1/><E1/><V83/><F9/><N who="0" m="3690" /><D129/><U41/><E41/><V114/><F114/><W51/><G80/><N who="0" m="47511" /><D94/><N who="3" m="35849" /><G103/><T73/><D73/><U74/><E82/><V33/><F33/><W2/><G2/><T62/><AGARI ba="1,1" hai="21,26,30,52,57,62,100,101" m="47511,3690" machi="62" ten="30,4000,0" yaku="8,1,52,1,54,1" doraHai="50" who="0" fromWho="0" sc="566,53,65,-11,214,-11,145,-21" owari="619,71.9,54,-44.6,203,0.3,124,-27.6" /></mjloggm>