<mjloggm ver="2.3"><GO type="9" lobby="0"/><UN n0="%E2%93%9D%4C%75%63%6B%79%4A" n1="%47%47%42" n2="%73%61%6E%6E%70%75%72%75" n3="%69%63%68%69%6B" dan="2,5,11,9" rate="1515.01,1490.28,1582.18,1365.58" sx="M,M,M,F"/><TAIKYOKU oya="0"/><INIT seed="0,0,0,2,3,124" ten="250,250,250,250" oya="0" hai0="27,108,99,66,47,88,85,79,127,0,95,100,75" hai1="7,61,76,128,46,57,38,134,54,117,14,63,41" hai2="86,18,68,25,105,71,101,122,69,44,4,102,52" hai3="16,118,67,94,120,125,107,39,42,81,11,3,56"/><T123/><D0/><U49/><E117/><V131/><F122/><W121/><G118/><T29/><D123/><U51/><E76/><V91/><F4/><W12/><G107/><T2/><D2/><U17/><E134/><V83/><F105/><W90/><G3/><T21/><D127/><U132/><E132/><V20/><F131/><W60/><G125/><T115/><D115/><U113/><E113/><V87/><F87/><W80/><G42/><T43/><D108/><U64/><E64/><V92/><F92/><W98/><REACH who="3" step="1"/><G39/><REACH who="3" ten="250,250,250,240" step="2"/><T34/><D66/><U62/><E38/><V59/><REACH who="2" step="1"/><F44/><REACH who="2" ten="250,250,240,240" step="2"/><W50/><G50/><AGARI ba="0,2" hai="18,20,25,50,52,59,68,69,71,83,86,91,101,102" machi="50" ten="40,8000,1" yaku="1,1,2,1,54,1,53,1" doraHai="124" doraHaiUra="78" who="2" fromWho="3" sc="250,0,250,0,240,100,240,-80" /><INIT seed="1,0,0,0,4,62" ten="250,250,340,160" oya="1" hai0="0,11,130,110,12,21,80,113,36,17,89,115,94" hai1="50,23,135,93,1,109,120,51,71,44,4,37,42" hai2="69,112,98,91,54,48,13,114,46,100,101,34,18" hai3="3,47,61,87,24,16,132,122,99,123,116,79,7"/><U64/><E120/><V96/><F34/><W8/><G116/><T119/><D36/><U33/><E33/><V59/><F91/><W28/><G132/><T134/><D119/><U35/><E35/><V20/><F69/><W10/><G47/><T131/><D80/><U84/><E135/><V60/><F96/><W117/><G117/><T121/><D94/><U108/><E23/><V105/><REACH who="2" step="1"/><F101/><REACH who="2" ten="250,250,330,160" step="2"/><W127/><G123/><T67/><D89/><U83/><E71/><V106/><F106/><W88/><G122/><T78/><D121/><U76/><E109/><V2/><F2/><W118/><G118/><T125/><D0/><U55/><E108/><V31/><F31/><W15/><G127/><T9/><D125/><U124/><E124/><V128/><F128/><W92/><G79/><T27/><D78/><U68/><E68/><V58/><F58/><W25/><G25/><T49/><D27/><U40/><E1/><V22/><F22/><W95/><G99/><T29/><D21/><U66/><E76/><V107/><F107/><W45/><G45/><T56/><D131/><U41/><E44/><V5/><F5/><W111/><G111/><T75/><D110/><U82/><E4/><V53/><AGARI ba="0,1" hai="13,18,20,46,48,53,54,59,60,98,100,105,112,114" machi="53" ten="30,2000,0" yaku="1,1,0,1,53,0" doraHai="62" doraHaiUra="26" who="2" fromWho="2" sc="250,-5,250,-10,330,30,160,-5" /><INIT seed="2,0,0,1,0,106" ten="245,240,360,155" oya="2" hai0="35,30,8,113,34,40,70,98,63,13,26,20,126" hai1="128,83,36,69,122,135,85,24,114,109,73,80,123" hai2="58,101,108,120,117,49,97,41,68,134,64,15,132" hai3="81,50,66,78,48,38,102,29,71,5,57,43,74"/><V59/><F120/><W84/><G102/><T92/><D113/><U131/><E24/><V96/><F117/><W119/><G119/><T54/><D40/><U77/><E36/><V18/><F108/><W61/><G74/><T7/><D126/><U99/><E69/><V9/><F68/><W10/><G29/><T19/><D54/><U129/><E114/><V42/><F96/><W51/><G71/><T104/><D104/><U94/><E109/><V47/><F41/><W46/><REACH who="3" step="1"/><G38/><REACH who="3" ten="245,240,360,145" step="2"/><T11/><D70/><U89/><REACH who="1" step="1"/><E135/><REACH who="1" ten="245,230,360,145" step="2"/><N who="2" m="51755" /><F64/><W107/><G107/><AGARI ba="0,2" hai="9,15,18,42,47,49,58,59,97,101,107" m="51755" machi="107" ten="30,1500,0" yaku="20,1" doraHai="106" who="2" fromWho="3" sc="245,0,230,0,360,35,145,-15" /><INIT seed="2,1,0,0,3,110" ten="245,230,395,130" oya="2" hai0="34,118,57,51,30,133,46,50,131,113,10,20,97" hai1="106,37,44,3,79,84,21,86,63,117,56,11,108" hai2="77,28,6,115,14,135,100,121,81,1,58,127,70" hai3="101,49,36,9,61,23,94,122,17,32,104,67,107"/><V0/><F121/><W134/><G122/><T68/><D34/><U111/><E117/><V38/><F38/><W19/><G36/><T92/><D68/><U52/><E106/><V47/><F70/><W60/><G32/><T2/><D133/><U59/><E21/><V25/><F135/><W69/><G134/><T13/><D2/><U80/><E3/><V53/><F127/><W73/><G73/><T102/><D131/><U76/><E11/><V33/><F100/><W35/><G35/><T66/><D113/><U130/><E130/><V74/><F115/><W48/><G61/><N who="0" m="38191" /><D46/><U105/><E105/><V39/><F39/><W40/><G107/><T26/><D118/><U29/><E29/><V132/><F132/><W95/><G104/><T12/><D13/><U87/><E37/><V126/><F47/><W83/><G83/><T4/><AGARI ba="1,0" hai="4,10,12,20,26,30,50,51,92,97,102" m="38191" machi="4" ten="30,2000,0" yaku="25,1,8,1" doraHai="110" who="0" fromWho="0" sc="245,23,230,-6,395,-11,130,-6" /><INIT seed="3,0,0,4,0,42" ten="268,224,384,124" oya="3" hai0="23,59,106,15,98,124,77,114,119,13,41,29,84" hai1="5,31,121,67,104,4,24,101,6,92,66,34,9" hai2="133,33,99,25,14,134,115,39,65,44,111,21,127" hai3="122,63,30,131,11,58,47,123,75,37,62,12,72"/><W10/><G75/><T102/><D119/><U88/><E121/><V108/><F115/><W16/><G72/><T38/><D114/><U1/><E104/><V22/><F33/><W45/><G123/><T100/><D102/><U56/><E101/><V8/><F65/><W3/><G131/><T130/><D124/><U27/><E24/><V118/><F118/><W55/><G122/><T46/><D130/><U125/><E125/><V82/><F127/><W2/><G37/><T32/><D32/><U26/><E26/><V87/><F99/><W60/><G3/><T28/><D59/><U61/><REACH who="1" step="1"/><E67/><REACH who="1" ten="268,214,384,124" step="2"/><V35/><F35/><W18/><G30/><T91/><D29/><U71/><E71/><V54/><F25/><W132/><G2/><T90/><D28/><U74/><E74/><V126/><F126/><W20/><G132/><N who="2" m="50793" /><F39/><W86/><G86/><AGARI ba="0,1" hai="1,4,5,6,9,27,31,34,56,61,66,86,88,92" machi="86" ten="30,7700,0" yaku="1,1,7,1,54,1,53,1" doraHai="42" doraHaiUra="80" who="1" fromWho="3" sc="268,0,214,87,384,0,124,-77" /><INIT seed="4,0,0,3,5,90" ten="268,301,384,47" oya="0" hai0="107,75,69,2,78,20,44,37,23,10,49,72,76" hai1="31,120,117,34,41,124,99,134,63,30,17,123,135" hai2="51,27,53,83,8,33,14,64,32,82,1,16,103" hai3="131,11,29,95,57,60,55,42,52,6,111,65,21"/><T93/><D69/><U110/><E110/><V4/><F64/><W97/><G131/><T12/><D2/><U28/><E117/><V126/><F126/><W26/><G111/><T50/><D107/><U15/><E124/><V77/><F103/><W25/><G42/><T39/><D10/><N who="1" m="6391" /><E41/><V40/><F40/><W43/><G43/><T96/><D12/><U121/><E63/><V133/><F133/><N who="1" m="50697" /><E99/><V80/><F27/><AGARI ba="0,0" hai="27,28,30,31,34,120,121,123" m="50697,6391" machi="27" ten="40,5200,0" yaku="20,1,34,2" doraHai="90" who="1" fromWho="2" sc="268,0,301,52,384,-52,47,0" /><INIT seed="5,0,0,2,3,108" ten="268,353,332,47" oya="1" hai0="1,80,21,40,14,79,54,45,16,34,99,67,97" hai1="37,48,31,76,81,0,110,129,4,119,6,94,101" hai2="30,105,36,109,125,28,124,57,18,114,50,68,52" hai3="23,130,132,5,46,47,134,121,93,82,8,9,111"/><U19/><E119/><V86/><F105/><W20/><G93/><T64/><D34/><U118/><E118/><V85/><F36/><W117/><G82/><T126/><D1/><U39/><E129/><V83/><F109/><W90/><G117/><T102/><D126/><N who="2" m="48746" /><F68/><W104/><G104/><T62/><D54/><U66/><E110/><V55/><F86/><W49/><G90/><T63/><D63/><U25/><E66/><V75/><F75/><W61/><G111/><T26/><D26/><U91/><E101/><V88/><F114/><W29/><G61/><T17/><D17/><U128/><E128/><V131/><F131/><W98/><G98/><T77/><D67/><U24/><E48/><N who="2" m="30855" /><F18/><W11/><G49/><T89/><D99/><U59/><E59/><AGARI ba="0,0" hai="28,30,50,55,59,83,85,88" m="30855,48746" machi="59" ten="30,3900,0" yaku="18,1,54,2" doraHai="108" who="2" fromWho="1" sc="268,0,353,-39,332,39,47,0" /><INIT seed="6,0,0,5,0,61" ten="268,314,371,47" oya="2" hai0="75,88,96,59,49,0,65,36,91,97,47,104,90" hai1="51,25,110,102,76,3,134,71,105,48,95,62,106" hai2="4,89,9,13,23,16,70,28,52,119,121,64,111" hai3="131,11,19,20,26,122,112,100,27,87,30,32,41"/><V108/><F121/><W33/><G41/><T109/><D109/><U86/><E110/><V82/><F119/><W38/><G38/><T21/><D0/><U7/><E134/><V93/><F70/><W44/><G44/><T45/><D75/><U15/><E3/><V18/><F64/><W80/><G100/><T117/><D104/><U81/><E25/><V50/><F18/><W34/><G87/><T85/><D117/><U124/><E124/><V78/><F28/><N who="3" m="17479" /><G80/><T53/><D21/><U67/><E106/><V83/><F78/><W98/><G98/><N who="0" m="37995" /><D36/><U46/><E105/><V92/><F92/><W58/><G58/><N who="0" m="33071" /><D85/><U17/><E7/><V77/><F111/><W132/><G132/><T116/><BYE who="3" /><D116/><U55/><E102/><V12/><F77/><W35/><G35/><T113/><D113/><U1/><E1/><V99/><F108/><W114/><G114/><T54/><D54/><U127/><E127/><V101/><F101/><W5/><G5/><T8/><D47/><AGARI ba="0,0" hai="4,9,12,13,16,23,47,50,52,82,83,89,93,99" machi="47" ten="30,11600,0" yaku="7,1,8,1,54,2" doraHai="61" who="2" fromWho="0" sc="268,-116,314,0,371,116,47,0" /><INIT seed="6,1,0,2,5,17" ten="152,314,487,47" oya="2" hai0="1,110,21,79,12,36,14,8,100,90,106,86,117" hai1="133,119,71,135,118,123,63,19,95,96,104,18,126" hai2="68,61,15,75,91,105,7,27,29,11,47,108,26" hai3="30,44,129,9,98,3,53,25,60,130,56,84,52"/><V80/><F105/><W0/><G0/><T127/><D36/><U50/><E126/><V43/><F75/><W13/><G13/><T83/><D110/><U115/><E104/><V24/><F108/><W116/><G116/><T45/><D127/><U72/><E72/><V97/><F68/><W121/><G121/><T16/><D1/><U42/><E115/><V73/><F73/><W31/><G31/><T70/><D70/><U66/><E123/><V64/><F64/><W20/><G20/><T59/><D45/><U88/><E118/><V89/><F61/><W69/><G69/><T39/><D39/><U76/><E76/><V46/><F46/><W109/><G109/><T87/><D100/><U62/><E119/><V78/><F91/><W131/><G131/><T120/><D106/><U6/><E6/><V2/><F97/><W4/><G4/><N who="0" m="3335" /><D120/><U134/><E63/><V22/><F89/><W5/><G5/><T67/><D117/><U48/><E42/><V94/><F94/><W23/><G23/><T125/><D125/><U82/><E82/><V74/><F15/><W81/><G81/><N who="0" m="47551" /><D59/><U51/><AGARI ba="1,0" hai="18,19,48,50,51,62,66,71,88,95,96,133,134,135" machi="51" ten="40,5200,0" yaku="0,1,20,1,54,1" doraHai="17" who="1" fromWho="1" sc="152,-14,314,55,487,-27,47,-14" /><INIT seed="7,0,0,2,3,66" ten="138,369,460,33" oya="3" hai0="5,29,65,94,126,63,13,40,95,125,100,76,135" hai1="107,9,104,52,98,4,10,43,27,17,96,33,48" hai2="119,115,25,46,54,131,118,123,31,110,121,60,22" hai3="73,45,92,16,87,55,71,62,38,44,61,113,49"/><W53/><G53/><T20/><D76/><U105/><E43/><V67/><F46/><W69/><G69/><N who="0" m="42175" /><D100/><U84/><E84/><V133/><F54/><W70/><G70/><T37/><D135/><U88/><E88/><V132/><F60/><W130/><G130/><T58/><D58/><U6/><E17/><V72/><F72/><W101/><G101/><T28/><D5/><U32/><E27/><V68/><F67/><W129/><G129/><T79/><D79/><U77/><E77/><V30/><F131/><W0/><G0/><T111/><D111/><U120/><E120/><N who="2" m="46155" /><F68/><W91/><G91/><T34/><D34/><N who="1" m="13419" /><E52/><V103/><F103/><W57/><G57/><T2/><D2/><U14/><E48/><V64/><F64/><W99/><G99/><N who="1" m="37930" /><E14/><V51/><F51/><W8/><G8/><AGARI ba="0,0" hai="4,6,8,9,10,104,105,107" m="37930,13419" machi="8" ten="40,2600,0" yaku="28,2" doraHai="66" who="1" fromWho="3" sc="138,0,369,26,460,0,33,-26" owari="138,-26.2,395,19.5,460,56.0,7,-49.3" /></mjloggm>