<mjloggm ver="2.3"><GO type="41" lobby="0"/><UN n0="%41%72%69%73%62" n1="%43%55%4B%45%59" n2="%E3%81%AE%E3%81%A9%E3%81%90%E3%82%8D%EF%BC%93%E7%BF%BB" n3="%E2%93%9D%4C%75%63%6B%79%4A" dan="15,14,13,18" rate="1970.79,1962.24,1820.07,2216.66" sx="F,M,M,M"/><TAIKYOKU oya="0"/><INIT seed="0,0,0,1,4,130" ten="250,250,250,250" oya="0" hai0="38,8,48,65,35,97,72,78,92,110,79,57,67" hai1="23,124,109,9,120,58,89,13,25,71,111,36,84" hai2="49,34,132,33,119,112,102,44,51,131,61,55,19" hai3="73,105,41,45,123,129,85,40,127,37,63,114,75"/><T96/><D38/><U113/><E71/><V117/><F112/><W104/><G114/><T70/><D70/><U60/><E36/><V76/><F131/><W18/><G129/><T30/><D48/><U66/><E120/><V116/><F76/><W14/><G127/><T125/><D125/><U122/><E122/><V64/><F102/><W27/><G27/><T31/><D8/><U121/><E121/><V126/><F126/><W128/><G85/><T50/><D50/><U81/><E113/><V118/><F132/><W2/><G2/><T47/><D47/><U88/><E124/><V20/><N who="2" m="29696" /><DORA hai="77" /><V5/><F5/><W133/><G133/><T95/><D57/><U53/><E89/><V99/><F99/><W93/><G128/><T69/><D69/><U59/><E23/><V21/><F51/><W42/><G42/><T87/><D87/><U6/><E25/><N who="2" m="14495" /><F21/><W103/><G41/><T80/><D110/><N who="1" m="41995" /><E59/><AGARI ba="0,0" hai="33,34,44,49,55,59,61,64" m="14495,29696" machi="59" ten="60,2000,0" yaku="12,1" doraHai="130,77" who="2" fromWho="1" sc="250,0,250,-20,250,20,250,0" /><INIT seed="1,0,0,2,3,82" ten="250,230,270,250" oya="1" hai0="28,16,7,4,69,63,18,15,51,97,113,0,76" hai1="72,122,58,2,13,134,116,127,129,61,70,84,34" hai2="41,62,78,89,90,29,131,133,59,85,71,36,64" hai3="86,56,123,88,126,112,99,30,17,55,110,128,132"/><U102/><RYUUKYOKU type="yao9" ba="0,0" sc="250,0,230,0,270,0,250,0" hai1="2,13,34,58,61,70,72,84,102,116,122,127,129,134" /><INIT seed="1,1,0,3,2,126" ten="250,230,270,250" oya="1" hai0="86,8,125,83,133,78,49,68,1,85,120,130,62" hai1="75,96,114,14,74,82,50,119,33,129,22,104,20" hai2="88,66,39,37,29,107,124,36,6,24,71,98,106" hai3="79,34,105,65,121,81,87,35,84,132,53,40,58"/><U9/><E119/><V128/><F124/><W113/><G113/><T123/><D125/><U0/><E114/><V11/><F128/><W21/><G105/><T76/><D133/><U115/><E115/><V44/><F44/><W101/><G65/><T64/><D49/><U109/><E33/><V18/><F18/><W56/><G101/><T2/><D130/><U23/><E109/><V100/><F107/><W112/><G40/><T41/><D41/><U30/><E0/><V57/><F57/><W111/><G121/><N who="0" m="46667" /><D8/><U28/><E129/><V47/><F47/><W51/><G111/><T122/><N who="0" m="46675" /><T46/><DORA hai="131" /><D46/><U61/><E50/><V95/><F66/><W72/><G132/><T3/><D76/><U117/><E117/><V12/><F71/><W73/><G112/><T118/><D118/><U43/><E43/><V54/><F54/><W97/><G53/><T69/><D69/><U52/><E75/><AGARI ba="1,0" hai="1,2,3,62,64,68,75,78,83,85,86" m="46675" machi="75" ten="50,1600,0" yaku="13,1" doraHai="126,131" who="0" fromWho="1" sc="250,19,230,-19,270,0,250,0" /><INIT seed="2,0,0,0,4,71" ten="269,211,270,250" oya="2" hai0="34,104,89,59,68,90,101,39,88,2,15,75,37" hai1="18,51,24,114,109,80,131,25,118,46,10,134,48" hai2="84,63,116,115,107,133,82,95,36,103,100,31,58" hai3="92,55,129,12,42,56,135,40,69,81,119,60,21"/><V111/><F115/><W93/><G119/><T52/><D68/><U126/><E114/><V113/><F113/><W120/><G120/><T7/><D2/><U66/><E118/><V13/><F116/><W86/><G135/><T29/><D75/><U127/><E109/><V97/><F133/><W73/><G73/><T32/><D101/><U28/><E134/><V43/><F111/><W85/><G69/><T17/><D104/><U54/><E66/><V14/><F31/><W41/><G129/><T128/><D7/><U57/><E131/><V38/><F103/><W22/><G86/><T99/><D99/><U27/><E80/><V117/><F107/><W70/><G70/><T30/><D30/><U112/><E112/><V5/><F117/><W72/><G72/><T77/><D77/><U122/><E122/><V16/><F43/><W130/><G130/><T106/><D106/><U0/><E28/><V78/><F5/><W110/><G110/><T9/><D128/><U65/><E0/><V33/><F33/><W1/><G1/><T45/><D45/><U76/><E76/><V83/><F83/><W98/><G12/><T4/><D29/><U125/><E65/><V61/><F13/><W44/><G44/><T108/><D108/><U23/><REACH who="1" step="1"/><E10/><REACH who="1" ten="269,201,270,250" step="2"/><V11/><F63/><W123/><G123/><T3/><D34/><U132/><E132/><V26/><F26/><W50/><G60/><N who="0" m="35943" /><D32/><U79/><E79/><V35/><F35/><W124/><G81/><T53/><D53/><AGARI ba="0,1" hai="18,23,24,25,27,46,48,51,53,54,57,125,126,127" machi="53" ten="40,2600,0" yaku="1,1,18,1,53,0" doraHai="71" doraHaiUra="6" who="1" fromWho="0" sc="269,-26,201,36,270,0,250,0" /><AGARI ba="0,0" hai="11,14,16,36,38,53,58,61,78,82,84,95,97,100" machi="53" ten="30,11600,0" yaku="7,1,52,2,54,1" doraHai="71" who="2" fromWho="0" sc="243,-116,237,0,270,116,250,0" /><INIT seed="2,1,0,2,5,111" ten="127,237,386,250" oya="2" hai0="110,76,50,125,35,29,58,44,134,30,123,115,53" hai1="21,72,78,67,1,100,71,65,97,22,43,84,135" hai2="109,40,2,45,126,82,114,99,119,38,27,70,12" hai3="94,8,80,66,54,16,77,20,105,69,33,13,3"/><V102/><F2/><W101/><G105/><T57/><D123/><U89/><E135/><V87/><F119/><W48/><G33/><T25/><D110/><U104/><E1/><V56/><F109/><W42/><G42/><T127/><D134/><U51/><E21/><V26/><F70/><W14/><G3/><T98/><D30/><U32/><E32/><V73/><F73/><W47/><G69/><T10/><D76/><U107/><E107/><V103/><F126/><N who="0" m="48138" /><D98/><U55/><E71/><V85/><F114/><W112/><G66/><T79/><D79/><U49/><E22/><V0/><F0/><W64/><G64/><T120/><D120/><U91/><E43/><V63/><F12/><W6/><G112/><T24/><D24/><U128/><E128/><V4/><F4/><W11/><G94/><T121/><D121/><U68/><E68/><V124/><F124/><W39/><G39/><T7/><D115/><U95/><E65/><V18/><F18/><W83/><G101/><T129/><D129/><U88/><E67/><V23/><F103/><W96/><G96/><T117/><D117/><U118/><E118/><V93/><F23/><W75/><G83/><T28/><D28/><U86/><E51/><V46/><F46/><W52/><G20/><T60/><D60/><U122/><E122/><V116/><F116/><W9/><G11/><T31/><D31/><U5/><E5/><V37/><F37/><W133/><G133/><T74/><D74/><U62/><E62/><V130/><F130/><W61/><G61/><T34/><D34/><U113/><E113/><RYUUKYOKU ba="1,0" sc="127,15,237,-15,386,-15,250,15" hai0="7,10,25,29,35,44,50,53,57,58" hai3="6,8,9,13,14,16,47,48,52,54,75,77,80" /><INIT seed="3,2,0,1,4,29" ten="142,222,371,265" oya="3" hai0="38,64,39,27,111,89,67,101,12,71,110,5,96" hai1="7,102,47,69,106,1,135,88,103,122,127,43,42" hai2="79,41,98,121,84,33,35,40,68,0,24,74,25" hai3="45,62,63,109,126,46,16,80,22,28,120,53,23"/><W128/><G120/><T107/><D89/><U14/><E122/><V11/><F121/><W129/><G126/><T123/><D123/><U65/><E127/><V44/><F68/><W2/><G2/><T10/><D67/><U19/><E135/><V8/><F74/><W94/><G28/><T55/><D55/><U112/><E112/><V32/><F98/><W9/><G9/><T15/><D15/><U3/><E43/><V108/><F108/><N who="0" m="41514" /><D27/><U125/><E125/><V17/><F41/><W18/><G109/><T116/><D116/><U133/><E133/><V115/><F115/><W119/><G53/><T56/><D56/><U26/><E69/><V90/><F79/><W117/><REACH who="3" step="1"/><G94/><REACH who="3" ten="142,222,371,255" step="2"/><T83/><D83/><AGARI ba="2,1" hai="16,18,22,23,45,46,62,63,80,83,117,119,128,129" machi="83" ten="25,12000,1" yaku="1,1,2,1,22,2,54,1,53,0" doraHai="29" doraHaiUra="134" who="3" fromWho="0" sc="142,-126,222,0,371,0,255,136" /><INIT seed="3,3,0,1,2,90" ten="16,222,371,391" oya="3" hai0="85,48,97,46,27,100,126,35,18,20,84,24,10" hai1="21,49,25,135,32,64,67,81,128,98,45,11,5" hai2="96,120,77,50,91,53,22,102,124,113,44,58,4" hai3="40,87,37,79,3,0,56,70,105,75,6,109,80"/><W55/><G70/><T106/><D126/><U30/><E135/><V59/><F113/><W92/><G105/><T107/><D10/><U83/><E128/><V86/><F124/><W112/><G112/><T26/><D106/><U103/><E83/><V36/><F120/><W132/><G132/><T2/><D2/><U65/><E81/><V28/><F77/><W17/><G17/><T76/><D76/><U99/><E32/><V29/><F4/><W57/><G57/><T134/><D134/><U88/><E103/><V73/><F73/><W127/><G109/><T42/><REACH who="0" step="1"/><D35/><REACH who="0" ten="6,222,371,391" step="2"/><U131/><E131/><V89/><F36/><W14/><G37/><T62/><D62/><U82/><E11/><V129/><F129/><W116/><G3/><T101/><D101/><U74/><E5/><V33/><F33/><W15/><G6/><T108/><D108/><U68/><E68/><V71/><F71/><W23/><G0/><T118/><D118/><U19/><E74/><V110/><F110/><W104/><G75/><T115/><D115/><U54/><E67/><V60/><F102/><W121/><G127/><T9/><D9/><U1/><E1/><V13/><F60/><W8/><G8/><T123/><D123/><U7/><E65/><V119/><F119/><W41/><G121/><T66/><D66/><U117/><E64/><V93/><F13/><AGARI ba="3,1" hai="13,18,20,24,26,27,42,46,48,84,85,97,100,107" machi="13" ten="40,1300,0" yaku="1,1,53,0" doraHai="90" doraHaiUra="34" who="0" fromWho="2" sc="6,32,222,0,371,-22,391,0" /><INIT seed="4,0,0,0,2,86" ten="38,222,349,391" oya="0" hai0="73,88,37,90,103,59,97,29,43,3,15,44,98" hai1="34,119,121,131,116,107,61,133,58,12,5,135,14" hai2="67,125,80,20,66,7,28,56,124,99,128,75,110" hai3="71,95,68,92,76,126,122,84,47,50,27,63,31"/><T106/><D73/><U10/><E107/><V123/><F123/><W16/><G126/><N who="2" m="48745" /><F110/><W78/><G71/><T87/><D3/><U13/><E58/><V113/><F113/><W8/><G63/><T72/><D72/><U25/><E61/><V38/><F38/><W18/><G68/><T6/><D29/><N who="1" m="19759" /><E121/><V105/><F128/><W19/><G8/><T130/><D130/><U62/><E62/><V9/><F56/><W51/><G51/><T4/><D59/><U111/><E111/><V64/><F28/><W39/><G39/><T52/><D52/><U35/><E35/><V77/><F20/><N who="3" m="15847" /><G122/><T102/><D87/><U17/><E13/><N who="2" m="5311" /><F67/><W65/><G65/><T82/><D82/><U21/><E131/><V89/><F105/><W22/><G22/><T112/><D112/><U108/><E108/><V45/><F45/><W85/><G47/><T70/><D70/><U23/><E23/><V100/><F100/><W11/><G11/><T69/><D69/><U48/><E48/><V32/><F32/><W118/><G50/><T46/><D15/><U1/><E14/><V55/><F55/><W0/><G0/><T83/><D83/><U74/><E74/><V96/><F96/><W49/><G49/><T42/><D106/><U117/><AGARI ba="0,0" hai="1,5,10,12,17,21,116,117,119,133,135" m="19759" machi="117" ten="40,5200,0" yaku="24,1,34,2" doraHai="86" who="1" fromWho="1" sc="38,-26,222,52,349,-13,391,-13" /><INIT seed="5,0,0,3,1,77" ten="12,274,336,378" oya="1" hai0="82,34,25,94,112,80,87,59,7,92,133,110,31" hai1="68,85,81,57,63,12,73,30,70,32,120,50,24" hai2="9,48,131,55,101,118,61,125,1,98,29,40,113" hai3="127,10,65,20,21,88,75,54,49,17,11,132,78"/><U51/><E120/><V71/><F118/><W124/><G65/><T135/><D110/><U128/><E128/><V121/><F121/><W134/><G78/><T76/><D112/><U41/><E73/><V28/><F131/><W130/><G75/><T95/><D7/><U44/><E51/><V126/><F113/><W103/><G103/><T119/><D119/><U35/><E35/><V90/><F90/><W67/><G67/><T123/><D123/><U3/><E3/><V39/><F1/><W106/><G106/><T108/><D108/><U62/><E12/><V66/><F9/><N who="3" m="3083" /><G88/><N who="0" m="53279" /><D59/><U79/><REACH who="1" step="1"/><E63/><REACH who="1" ten="12,264,336,378" step="2"/><V102/><F39/><W99/><G49/><T104/><D104/><U114/><E114/><V8/><F48/><W18/><G130/><T96/><D96/><U26/><E26/><V5/><F98/><W22/><G99/><T115/><D115/><U6/><E6/><V111/><F111/><W64/><G134/><N who="0" m="51211" /><D76/><U47/><E47/><V23/><F5/><W60/><G132/><T53/><D53/><AGARI ba="0,1" hai="24,30,32,41,44,50,53,57,62,68,70,79,81,85" machi="53" ten="30,5800,0" yaku="1,1,7,1,52,1,53,0" doraHai="77" doraHaiUra="33" who="1" fromWho="0" sc="12,-58,264,68,336,0,378,0" owari="-46,-54.6,332,-6.8,336,13.6,378,47.8" /></mjloggm>