<mjloggm ver="2.3"><GO type="41" lobby="0"/><UN n0="%E7%B7%B4%E9%A6%AC%E3%81%AE%E8%B3%AD%E5%8D%9A%E7%8E%8B" n1="%E3%81%B2%E3%81%AA%E3%81%9F%32%E3%81%B6" n2="%E2%93%9D%4C%75%63%6B%79%4A" n3="%E3%81%93%E3%81%B8%E3%81%9F%E3%82%8D%E3%81%86" dan="13,15,18,14" rate="1910.07,2014.87,2199.78,1834.48" sx="M,M,M,M"/><TAIKYOKU oya="0"/><INIT seed="0,0,0,0,5,67" ten="250,250,250,250" oya="0" hai0="90,45,82,62,21,12,39,70,105,57,124,125,64" hai1="100,30,27,54,63,55,58,80,31,38,59,76,43" hai2="109,16,131,17,24,133,83,103,56,120,22,28,51" hai3="69,99,50,0,8,36,10,78,11,23,72,42,107"/><T32/><D105/><U65/><E100/><V75/><F120/><W116/><G36/><T93/><D32/><U2/><E2/><V73/><F133/><W113/><G113/><T74/><D74/><U89/><E89/><V95/><F109/><W98/><G0/><T135/><D82/><U77/><E31/><V66/><F131/><W88/><G23/><T87/><D135/><U97/><E97/><N who="2" m="59839" /><F51/><W26/><G116/><T91/><D91/><U7/><E7/><V20/><F75/><W128/><G99/><T48/><D21/><U94/><E94/><V37/><F37/><W119/><G119/><T81/><D12/><U1/><E1/><V127/><F127/><N who="0" m="48714" /><D81/><U112/><E112/><V122/><F122/><W44/><G88/><N who="0" m="53407" /><D39/><U84/><E77/><N who="2" m="44463" /><F22/><W102/><G72/><T114/><D90/><U52/><E38/><V132/><F132/><W115/><G115/><T49/><D114/><U111/><E111/><V47/><F47/><W33/><G44/><T40/><D48/><N who="1" m="30983" /><E43/><V117/><F117/><W41/><G42/><T110/><D110/><U129/><E129/><V123/><F123/><W126/><G41/><T9/><D9/><U104/><E104/><V96/><F96/><W86/><G128/><T68/><AGARI ba="0,0" hai="40,45,49,57,62,64,68,70" m="53407,48714" machi="68" ten="30,11700,0" yaku="18,1,52,2,54,1" doraHai="67" who="0" fromWho="0" sc="250,117,250,-39,250,-39,250,-39" /><INIT seed="0,1,0,0,3,21" ten="367,211,211,211" oya="0" hai0="81,20,122,123,42,101,113,69,133,66,125,26,29" hai1="84,88,54,24,4,58,36,19,51,37,55,17,121" hai2="119,111,34,98,110,107,56,28,43,77,10,27,9" hai3="118,102,48,117,94,89,134,7,57,40,71,78,3"/><T76/><D113/><U35/><E121/><V93/><F107/><W41/><G71/><T22/><D133/><U80/><E4/><V59/><F77/><W1/><G134/><T75/><D125/><U96/><E96/><V129/><F43/><W70/><G78/><T79/><D42/><U50/><E19/><V39/><F39/><W53/><G70/><T105/><D76/><U2/><E2/><V23/><F34/><W104/><G102/><T115/><D115/><U63/><E63/><V126/><F129/><W130/><G104/><T99/><REACH who="0" step="1"/><D22/><REACH who="0" ten="357,211,211,211" step="2"/><U67/><E35/><V82/><F126/><W83/><G41/><T65/><D65/><U87/><E67/><V74/><F111/><W13/><G40/><T73/><D73/><U91/><E37/><V116/><F110/><W86/><G130/><T100/><D100/><U103/><E36/><V30/><F74/><W0/><G118/><T106/><D106/><U95/><E103/><V25/><F23/><W124/><G117/><T72/><D72/><U38/><E38/><V68/><F119/><W16/><G124/><T97/><D97/><U47/><E17/><V85/><F98/><W128/><G128/><T52/><D52/><U14/><E14/><V49/><F116/><W60/><G7/><T5/><D5/><U32/><E32/><V131/><F131/><W135/><G135/><T8/><D8/><U92/><E80/><V109/><F82/><W62/><REACH who="3" step="1"/><G83/><REACH who="3" ten="357,211,211,201" step="2"/><T31/><D31/><U120/><E120/><V132/><F132/><W64/><G64/><T114/><D114/><U46/><E58/><RYUUKYOKU ba="1,2" sc="357,10,211,10,211,-30,201,10" hai0="20,26,29,66,69,75,79,81,99,101,105,122,123" hai1="24,46,47,50,51,54,55,84,87,88,91,92,95" hai3="0,1,3,13,16,48,53,57,60,62,86,89,94" /><INIT seed="0,2,2,3,4,5" ten="367,221,181,211" oya="0" hai0="56,7,48,127,32,19,54,9,124,134,4,125,16" hai1="90,14,71,47,68,25,45,2,91,78,86,59,129" hai2="37,132,130,100,117,108,53,80,89,30,101,20,18" hai3="31,33,87,133,106,70,85,121,79,107,83,135,61"/><T105/><D105/><N who="3" m="39945" /><G61/><T41/><D134/><N who="3" m="51209" /><G70/><T44/><D32/><U114/><E14/><V92/><F37/><W81/><G33/><T23/><D23/><U52/><E2/><V40/><F40/><W110/><G31/><T39/><REACH who="0" step="1"/><D4/><REACH who="0" ten="357,221,181,211" step="2"/><U88/><E71/><V116/><F20/><W22/><G22/><T8/><D8/><U66/><E68/><V72/><F132/><W75/><G121/><T51/><D51/><U24/><E114/><V118/><F118/><W27/><G27/><N who="1" m="10314" /><E129/><V67/><F130/><W58/><G110/><T73/><D73/><U57/><E66/><V113/><F67/><W94/><G58/><N who="1" m="22026" /><E52/><V35/><F53/><W126/><G126/><T36/><D36/><U28/><E28/><V112/><F30/><W49/><G49/><T96/><D96/><U63/><E63/><V77/><F35/><W17/><G17/><T98/><D98/><U15/><E15/><AGARI ba="2,3" hai="7,9,15,16,19,39,41,44,48,54,56,124,125,127" machi="15" ten="40,12000,1" yaku="1,1,18,1,52,1,54,1,53,0" doraHai="5" doraHaiUra="104" who="0" fromWho="1" sc="357,156,221,-126,181,0,211,0" /><INIT seed="0,3,0,1,5,109" ten="513,95,181,211" oya="0" hai0="78,63,135,57,110,96,45,29,56,92,122,11,131" hai1="94,52,67,60,133,51,36,19,115,118,91,111,62" hai2="107,98,58,42,123,75,68,97,99,71,64,28,0" hai3="132,104,77,24,4,79,32,25,119,112,116,114,53"/><T8/><D122/><U39/><E118/><N who="3" m="45098" /><G53/><T12/><D110/><U16/><E111/><V126/><F0/><W54/><G54/><T9/><D135/><U83/><E83/><V43/><F28/><W134/><G4/><T7/><D131/><U84/><E133/><N who="3" m="51306" /><G104/><T80/><D29/><U90/><E62/><V20/><F107/><W55/><G55/><T23/><D23/><U70/><E91/><V125/><F20/><W61/><G61/><T130/><D130/><U128/><E128/><V35/><F35/><W34/><G34/><T26/><D26/><N who="3" m="10345" /><G32/><T73/><D45/><U3/><E3/><V129/><F129/><W124/><G124/><T72/><D72/><U120/><E120/><V69/><F75/><W5/><G5/><T89/><D57/><U76/><E39/><V41/><F123/><W48/><G48/><T121/><D121/><U27/><E36/><V44/><F44/><W95/><G95/><T101/><D101/><U74/><E27/><V37/><F37/><W50/><G50/><T17/><D7/><U13/><E74/><V31/><F31/><W15/><G15/><T105/><D105/><U49/><E49/><V102/><F102/><W81/><G81/><T82/><D82/><N who="1" m="47175" /><E13/><V1/><F1/><W93/><G93/><T117/><D12/><U18/><E94/><V88/><F88/><W103/><G103/><T40/><D117/><U2/><E90/><V108/><F108/><W10/><G10/><T46/><D8/><U38/><E2/><V113/><F126/><W127/><G127/><T66/><D17/><U47/><E38/><AGARI ba="3,0" hai="9,11,38,40,46,56,63,66,73,78,80,89,92,96" machi="38" ten="30,2900,0" yaku="6,1,7,1" doraHai="109" who="0" fromWho="1" sc="513,38,95,-38,181,0,211,0" /><INIT seed="0,4,0,2,4,90" ten="551,57,181,211" oya="0" hai0="0,115,28,73,18,62,69,100,60,131,53,119,75" hai1="86,129,134,13,26,68,133,4,9,71,83,121,11" hai2="67,99,94,23,19,15,63,14,22,5,109,27,93" hai3="36,128,46,24,34,116,103,12,48,101,45,106,50"/><T6/><D119/><U132/><E121/><V33/><F33/><W84/><G128/><T105/><D115/><U92/><E129/><V77/><F109/><W59/><G36/><T107/><D131/><U76/><E26/><V82/><F99/><W42/><G116/><T111/><D111/><U120/><E120/><V38/><F38/><W130/><G106/><T80/><D28/><U126/><E126/><V25/><F5/><W2/><G2/><T70/><D80/><U85/><E11/><V41/><F41/><W8/><G59/><T74/><D18/><U104/><E104/><N who="0" m="40009" /><D100/><U57/><E57/><N who="2" m="37359" /><F77/><W20/><G84/><T108/><D108/><U135/><N who="1" m="33792" /><DORA hai="95" /><U97/><REACH who="1" step="1"/><E85/><REACH who="1" ten="551,47,181,211" step="2"/><V66/><F27/><W51/><G24/><T10/><D74/><U3/><E3/><V35/><F25/><W123/><G130/><T98/><D10/><U54/><E54/><V81/><F35/><W16/><G34/><T49/><D53/><U114/><E114/><V127/><F127/><W64/><G123/><T125/><D0/><U40/><E40/><V1/><F1/><W58/><G42/><T37/><D75/><U17/><E17/><N who="2" m="10687" /><F66/><W79/><G64/><T87/><D73/><U117/><E117/><V91/><F82/><W21/><G8/><T7/><D125/><U122/><E122/><V118/><F118/><W110/><G110/><T29/><D87/><AGARI ba="4,1" hai="14,19,22,81,87,91,93,94" m="10687,37359" machi="87" ten="30,3900,0" yaku="8,1,52,2" doraHai="90,95" who="2" fromWho="0" sc="551,-51,47,0,181,61,211,0" /><INIT seed="1,0,0,5,1,118" ten="500,47,242,211" oya="1" hai0="39,50,30,14,86,104,89,114,133,19,26,115,87" hai1="73,45,69,68,51,60,125,130,63,75,117,88,34" hai2="44,23,99,126,6,2,3,98,107,62,79,55,127" hai3="95,52,24,94,9,134,31,111,82,129,84,93,25"/><U92/><E117/><V11/><F79/><W65/><G65/><T74/><D74/><U119/><E119/><V53/><F23/><W42/><G42/><T46/><D104/><U13/><E125/><N who="2" m="47627" /><F107/><W20/><G111/><T100/><D133/><U110/><E110/><V40/><F3/><W36/><G36/><T12/><D100/><U108/><E108/><V97/><F62/><W64/><G64/><T5/><D39/><AGARI ba="0,0" hai="2,6,11,39,40,44,53,55,97,98,99" m="47627" machi="39" ten="30,1000,0" yaku="18,1" doraHai="118" who="2" fromWho="0" sc="500,-10,47,0,242,10,211,0" /><INIT seed="2,0,0,1,3,129" ten="490,47,252,211" oya="2" hai0="40,14,83,23,95,86,54,75,85,15,90,26,42" hai1="132,59,38,57,87,134,3,103,72,47,65,60,16" hai2="69,74,24,9,17,45,91,4,61,124,117,126,110" hai3="10,25,0,49,58,34,21,8,37,116,109,77,55"/><V80/><F117/><W121/><G121/><T73/><D73/><U28/><E72/><V99/><F17/><W36/><G34/><T53/><D75/><U96/><E3/><V46/><F24/><W78/><G109/><T76/><D40/><U29/><E87/><V104/><F69/><W108/><G108/><T89/><D76/><U112/><E112/><V84/><F61/><W48/><G0/><T18/><REACH who="0" step="1"/><D42/><REACH who="0" ten="480,47,252,211" step="2"/><U11/><E38/><V12/><F74/><W5/><G77/><T92/><D92/><U33/><E33/><V43/><F110/><W35/><G78/><T79/><D79/><U7/><E47/><V114/><F46/><W101/><G35/><T122/><D122/><U118/><E118/><V22/><F114/><W111/><G36/><T93/><D93/><U20/><E59/><V115/><F115/><W30/><G37/><T41/><D41/><U19/><E29/><V70/><F43/><W6/><G111/><T102/><D102/><U128/><E28/><V66/><F45/><W106/><G116/><T130/><D130/><U133/><E128/><V131/><F131/><W107/><G101/><T27/><D27/><U1/><E20/><V125/><F22/><W97/><G107/><AGARI ba="0,1" hai="1,7,11,16,19,57,60,65,96,103,107,132,133,134" machi="107" ten="40,8000,1" yaku="20,1,52,3,54,1" doraHai="129" who="1" fromWho="3" sc="480,0,47,90,252,0,211,-80" /><INIT seed="3,0,0,3,1,50" ten="480,137,252,131" oya="3" hai0="1,132,9,3,84,16,39,110,54,85,26,113,30" hai1="27,59,25,124,40,78,81,21,128,111,93,35,97" hai2="92,38,123,10,24,133,33,18,29,53,100,119,86" hai3="106,135,31,130,44,89,32,68,57,52,19,108,80"/><W2/><G106/><T115/><D110/><U77/><E111/><V120/><F38/><W122/><G2/><T88/><D132/><U112/><E112/><N who="0" m="43081" /><D39/><U15/><E124/><V75/><F75/><W42/><G108/><T60/><D84/><U5/><E128/><V87/><F119/><W17/><G122/><N who="2" m="46633" /><F133/><W96/><G68/><T114/><D9/><U127/><E127/><V67/><F67/><W13/><G130/><T8/><D8/><U48/><E35/><V56/><F100/><W134/><G134/><T34/><D16/><N who="1" m="10399" /><E5/><V102/><F18/><W76/><G135/><T131/><D131/><U91/><E81/><V47/><F10/><W37/><G13/><T69/><D69/><U51/><E51/><N who="2" m="30783" /><F47/><W129/><G129/><T43/><D43/><U94/><E94/><V98/><AGARI ba="0,0" hai="24,29,33,86,87,92,98,102" m="30783,46633" machi="98" ten="30,2000,0" yaku="13,1,52,1" doraHai="50" who="2" fromWho="2" sc="480,-5,137,-5,252,20,131,-10" /><INIT seed="4,0,0,2,2,28" ten="475,132,272,121" oya="0" hai0="66,94,109,32,99,59,72,115,71,56,17,97,103" hai1="4,68,95,91,133,135,126,11,124,39,123,118,47" hai2="100,75,76,55,96,44,108,88,16,106,14,70,92" hai3="53,73,42,102,49,29,110,98,64,9,128,45,7"/><T83/><D115/><U24/><E68/><V65/><F108/><W89/><G110/><T93/><D109/><U6/><E39/><V15/><F70/><W120/><G128/><T122/><D122/><U62/><E62/><V20/><F65/><W117/><G117/><T107/><D32/><U127/><E47/><V40/><F75/><W51/><G73/><T10/><D107/><U50/><E50/><V57/><F76/><W34/><G120/><T13/><D66/><U104/><E104/><V79/><F79/><W121/><G121/><T85/><D72/><U23/><E123/><V1/><F1/><W18/><G18/><T112/><D112/><U8/><E91/><V113/><F113/><W67/><G89/><N who="0" m="51391" /><D71/><U78/><E95/><V0/><F0/><W30/><G67/><T38/><D38/><U60/><E60/><N who="2" m="35903" /><F106/><W116/><G64/><T22/><D10/><N who="1" m="3627" /><E78/><V31/><F31/><W74/><G74/><T86/><D86/><U21/><E118/><V36/><F100/><AGARI ba="0,0" hai="13,17,22,56,59,93,94,97,99,100,103" m="51391" machi="100" ten="30,1500,0" yaku="8,1" doraHai="28" who="0" fromWho="2" sc="475,15,132,0,272,-15,121,0" /><INIT seed="4,1,0,4,4,132" ten="490,132,257,121" oya="0" hai0="39,45,86,102,44,2,28,32,36,122,97,48,109" hai1="42,80,119,64,82,15,116,69,73,117,23,4,74" hai2="62,66,49,84,13,1,128,98,101,22,40,7,9" hai3="71,52,90,54,20,33,129,124,123,76,16,87,21"/><T19/><D122/><U61/><E42/><V14/><F128/><W125/><G71/><T107/><D109/><U93/><E93/><V25/><F84/><W131/><G33/><T8/><D44/><U68/><E68/><V63/><F49/><W135/><G76/><T10/><D10/><U51/><E51/><V6/><F40/><W60/><G123/><T89/><D28/><U31/><E4/><V47/><F47/><W57/><G54/><T67/><D67/><U24/><REACH who="1" step="1"/><E15/><REACH who="1" ten="490,122,257,121" step="2"/><V70/><F7/><W79/><G135/><T104/><D2/><U96/><E96/><V0/><F14/><N who="3" m="9239" /><G79/><T111/><D107/><U11/><E11/><V65/><F13/><W56/><G57/><T34/><D111/><U106/><E106/><V72/><F9/><W108/><G108/><T115/><D36/><U5/><E5/><V26/><F6/><W105/><G105/><T99/><D39/><U43/><E43/><V88/><F70/><W27/><G90/><T112/><D89/><U30/><E30/><V37/><F88/><W3/><G87/><T78/><D86/><U41/><E41/><V118/><F37/><W29/><G3/><T59/><D104/><U133/><E133/><V121/><F1/><W18/><G29/><T81/><D102/><U17/><E17/><V53/><F0/><W85/><G85/><T50/><D19/><U103/><E103/><V113/><F101/><W94/><G94/><T12/><D8/><U77/><E77/><V83/><F121/><W38/><G38/><T55/><D78/><U126/><E126/><AGARI ba="1,1" hai="18,21,27,52,56,60,124,125,126,129,131" m="9239" machi="126" ten="30,12000,2" yaku="18,1,52,3,54,2" doraHai="132" who="3" fromWho="1" sc="490,0,122,-123,257,0,121,133" owari="490,59.0,-1,-50.1,257,5.7,254,-14.6" /></mjloggm>