<mjloggm ver="2.3"><GO type="41" lobby="0"/><UN n0="%E3%83%AB%E3%83%95%E3%82%A1" n1="%48%4E%2D%4B%6F%64%61" n2="%E7%99%BD%E7%88%BA" n3="%E2%93%9D%4C%75%63%6B%79%4A" dan="14,14,13,18" rate="1889.46,1978.27,1856.60,2192.83" sx="M,M,M,M"/><TAIKYOKU oya="0"/><INIT seed="0,0,0,3,5,44" ten="250,250,250,250" oya="0" hai0="91,112,28,80,50,113,114,61,73,124,67,20,40" hai1="46,99,116,86,4,97,126,7,102,79,60,10,54" hai2="103,129,9,69,109,132,25,93,5,125,57,15,123" hai3="14,117,41,26,6,68,37,76,89,3,12,16,1"/><T84/><D124/><U48/><E126/><V120/><F69/><W27/><G76/><T35/><D35/><U101/><E116/><V127/><F103/><W45/><G68/><T111/><D73/><U119/><E119/><V59/><F109/><W23/><G117/><T121/><D121/><U130/><E130/><V133/><F25/><W96/><G14/><T47/><D111/><U100/><E60/><V134/><F93/><W17/><G6/><T51/><D28/><U118/><E118/><V66/><F66/><W115/><G115/><T78/><D20/><U83/><REACH who="1" step="1"/><E4/><REACH who="1" ten="250,240,250,250" step="2"/><V19/><F5/><W63/><G63/><T43/><D78/><U11/><E11/><V31/><F31/><W42/><G17/><T65/><D61/><U38/><E38/><V62/><F62/><W22/><G37/><T81/><D81/><U24/><E24/><V70/><F70/><W34/><G27/><T64/><REACH who="0" step="1"/><D47/><REACH who="0" ten="240,240,250,250" step="2"/><U104/><E104/><V77/><F125/><W108/><G108/><T98/><D98/><U8/><E8/><V92/><F127/><W30/><G23/><T32/><D32/><U131/><E131/><V74/><F129/><W94/><G34/><T29/><D29/><U75/><E75/><V33/><F33/><W56/><G30/><T90/><D90/><U53/><E53/><V21/><F123/><W95/><G89/><T0/><D0/><AGARI ba="0,2" hai="0,7,10,46,48,54,79,83,86,97,99,100,101,102" machi="0" ten="40,2600,0" yaku="1,1,52,1,53,0" doraHai="44" doraHaiUra="39" who="1" fromWho="0" sc="240,-26,240,46,250,0,250,0" /><INIT seed="1,0,0,0,5,33" ten="214,286,250,250" oya="1" hai0="73,23,86,36,35,82,76,129,72,12,20,92,132" hai1="3,11,27,124,123,54,28,81,6,24,100,65,89" hai2="106,46,112,87,66,48,125,30,15,62,71,39,56" hai3="78,130,117,69,107,47,105,26,40,85,51,37,88"/><U119/><E119/><V110/><F106/><W84/><G117/><T58/><D35/><U10/><E123/><V115/><F30/><W5/><G69/><T91/><D36/><U21/><E65/><V42/><F110/><W7/><G130/><T31/><D129/><U122/><E100/><V63/><F15/><W57/><G107/><T75/><D132/><U4/><E124/><V2/><F87/><W52/><G105/><T45/><D45/><U108/><E108/><V19/><F19/><W50/><G37/><T95/><D95/><U127/><E127/><V79/><F79/><W22/><G78/><T113/><D113/><N who="2" m="43594" /><F2/><W1/><G1/><T131/><D131/><U94/><E81/><V67/><F125/><W53/><G40/><T9/><D58/><U70/><E70/><V98/><F98/><W99/><G99/><T96/><REACH who="0" step="1"/><D31/><REACH who="0" ten="204,286,250,250" step="2"/><U34/><E122/><V13/><F13/><W43/><G43/><T49/><D49/><AGARI ba="0,1" hai="39,42,46,48,49,56,62,63,66,67,71" m="43594" machi="49" ten="30,3900,0" yaku="11,1,34,2" doraHai="33" who="2" fromWho="0" sc="204,-39,286,0,250,49,250,0" /><INIT seed="2,0,0,5,0,134" ten="165,286,299,250" oya="2" hai0="100,46,36,25,3,1,128,124,29,77,127,62,18" hai1="31,32,64,33,115,48,47,85,55,98,78,45,4" hai2="86,24,88,21,23,16,34,6,131,110,132,135,80" hai3="81,97,35,19,68,96,111,92,51,89,11,17,69"/><V14/><F34/><W9/><G35/><T87/><D128/><U105/><E115/><V91/><F131/><W117/><G117/><T56/><D100/><U49/><E4/><V119/><F119/><W102/><G111/><T2/><D18/><U74/><E74/><V15/><F110/><W30/><G30/><T65/><D36/><U73/><E73/><V5/><F15/><W108/><G108/><T129/><D129/><U76/><E64/><V67/><F67/><W41/><G81/><T93/><D46/><U122/><E122/><V59/><F59/><W27/><G41/><T22/><REACH who="0" step="1"/><D77/><REACH who="0" ten="155,286,299,250" step="2"/><U106/><E76/><V107/><F132/><W95/><G19/><T70/><D70/><U114/><E78/><V8/><F107/><W13/><G69/><T0/><N who="0" m="0" /><DORA hai="42" /><T101/><D101/><U57/><E45/><V90/><F135/><W52/><G68/><T84/><D84/><U26/><E106/><V116/><F116/><W50/><G51/><T125/><D125/><U7/><E105/><V130/><F130/><W28/><G28/><T82/><D82/><U37/><E49/><V53/><F5/><W20/><REACH who="3" step="1"/><G13/><REACH who="3" ten="155,286,299,240" step="2"/><T71/><D71/><U126/><E48/><V10/><F6/><W54/><G54/><T60/><D60/><U40/><E7/><V75/><F75/><W113/><G113/><T39/><D39/><U120/><E37/><V72/><F72/><W38/><G38/><T103/><D103/><U94/><E31/><N who="2" m="17807" /><F53/><W112/><G112/><T99/><D99/><U63/><E55/><V109/><F109/><W133/><G133/><RYUUKYOKU ba="0,2" sc="155,10,286,-30,299,10,240,10" hai0="22,25,29,56,62,65,87,93,124,127" hai2="8,10,14,16,23,80,86,88,90,91" hai3="9,11,17,20,27,50,52,89,92,95,96,97,102" /><INIT seed="2,1,2,5,1,75" ten="165,256,309,250" oya="2" hai0="64,34,120,81,2,4,119,27,116,57,93,134,52" hai1="20,32,131,24,100,132,33,46,128,105,28,45,76" hai2="101,14,103,77,68,63,107,59,126,23,98,110,62" hai3="7,26,129,18,66,60,124,71,54,89,85,118,87"/><V58/><F126/><W12/><G124/><T125/><D120/><U44/><E132/><V84/><F103/><W42/><G118/><N who="0" m="45099" /><D134/><U40/><E40/><V1/><F1/><W133/><G129/><T17/><D64/><U122/><E122/><V10/><F110/><W99/><G42/><T55/><D2/><U11/><E11/><V78/><F68/><W130/><G7/><T38/><D38/><U117/><E117/><V31/><F84/><W109/><G109/><T113/><D4/><U127/><E127/><V67/><F23/><W82/><G87/><T94/><D113/><U48/><E48/><V41/><F31/><W86/><G86/><T13/><D81/><U56/><E56/><V53/><F41/><W80/><G82/><T6/><D6/><AGARI ba="1,2" hai="6,10,14,53,58,59,62,63,67,77,78,98,101,107" machi="6" ten="30,5800,0" yaku="7,1,52,2" doraHai="75" who="2" fromWho="0" sc="165,-61,256,0,309,81,250,0" /><INIT seed="2,2,0,3,1,121" ten="104,256,390,250" oya="2" hai0="0,23,130,135,6,61,132,78,65,88,50,53,16" hai1="67,28,47,128,46,7,100,13,12,33,98,63,18" hai2="29,38,87,75,39,117,83,118,64,90,59,42,104" hai3="36,113,133,3,43,74,34,30,95,115,126,79,48"/><V122/><F104/><W86/><G48/><T82/><D0/><U51/><E128/><V94/><F122/><W114/><G3/><T2/><D2/><U120/><E120/><V71/><F71/><W69/><G69/><T41/><D6/><U40/><E46/><V52/><F64/><W106/><G126/><T57/><D130/><U32/><E7/><V15/><F117/><W107/><G30/><T84/><D41/><U73/><E73/><V56/><F42/><W11/><G11/><T5/><D5/><U14/><E18/><V81/><F29/><W72/><G34/><T68/><REACH who="0" step="1"/><D78/><REACH who="0" ten="94,256,390,250" step="2"/><U96/><E33/><V60/><F118/><W8/><G43/><T66/><D66/><U89/><E32/><V19/><F38/><W24/><G36/><T97/><D97/><U25/><E96/><V101/><F39/><W70/><G79/><T119/><D119/><U80/><E40/><V91/><F75/><W22/><G74/><T26/><AGARI ba="2,1" hai="16,23,26,50,53,57,61,65,68,82,84,88,132,135" machi="26" ten="30,8000,1" yaku="1,1,0,1,54,2,53,1" doraHai="121" doraHaiUra="85" who="0" fromWho="0" sc="94,96,256,-22,390,-42,250,-22" /><INIT seed="3,0,0,2,3,10" ten="190,234,348,228" oya="3" hai0="18,8,114,45,58,106,7,52,103,101,9,4,2" hai1="82,86,126,78,100,69,88,31,11,123,121,77,44" hai2="48,47,125,32,79,109,75,76,102,111,19,26,3" hai3="46,24,51,41,80,66,65,120,112,96,135,128,95"/><W60/><G120/><T93/><D114/><U107/><E69/><V23/><F3/><W99/><G112/><T122/><D122/><N who="1" m="46603" /><E44/><V56/><F125/><W97/><G128/><T119/><D119/><U84/><E11/><V20/><F32/><W0/><G135/><T50/><D106/><U13/><E13/><V6/><F102/><W42/><G0/><T61/><D18/><U73/><E31/><V1/><F75/><W115/><G115/><T81/><D81/><N who="1" m="45231" /><E126/><V54/><F1/><W74/><G42/><T129/><D129/><U118/><E118/><V92/><F6/><W70/><G66/><T62/><D62/><U22/><E22/><V30/><F47/><W94/><REACH who="3" step="1"/><G24/><REACH who="3" ten="190,234,348,218" step="2"/><T63/><D4/><U64/><E64/><V21/><F30/><W37/><G37/><T71/><D2/><U72/><E72/><V53/><F54/><W43/><G43/><T49/><D7/><U12/><E12/><V67/><F67/><W55/><G55/><T133/><D52/><U39/><E39/><V57/><F26/><W117/><G117/><T85/><D71/><U29/><E29/><V15/><F53/><W35/><G35/><T131/><D131/><U27/><E27/><V83/><F15/><W91/><G91/><T130/><D130/><U59/><E100/><V90/><F90/><W132/><G132/><T116/><D133/><U17/><E88/><V87/><F76/><AGARI ba="0,1" hai="41,46,51,60,65,70,74,76,80,94,95,96,97,99" machi="76" ten="40,2000,0" yaku="1,1,53,0" doraHai="10" doraHaiUra="25" who="3" fromWho="2" sc="190,0,234,0,348,-20,218,30" /><INIT seed="3,1,0,5,4,81" ten="190,234,328,248" oya="3" hai0="117,36,11,99,68,34,53,127,82,80,1,83,85" hai1="54,115,73,67,79,131,120,103,112,31,10,116,92" hai2="8,78,108,105,52,0,9,63,104,100,113,13,126" hai3="106,134,97,75,111,37,21,46,48,133,91,122,88"/><W96/><G37/><T109/><D117/><U7/><E120/><V59/><F113/><W2/><G122/><T84/><D34/><U64/><E131/><V74/><F108/><W76/><G2/><T66/><D36/><U70/><E31/><V33/><F126/><W95/><G21/><T101/><D109/><U94/><E54/><V27/><F0/><W60/><G60/><T32/><D32/><U38/><E38/><V107/><F100/><N who="3" m="62735" /><G48/><T43/><D43/><U57/><E103/><V3/><F3/><W35/><G46/><T44/><D127/><U62/><E79/><V19/><F33/><W41/><G41/><T119/><D119/><U121/><E73/><V40/><F27/><W102/><G35/><T72/><D72/><U110/><E121/><V118/><F118/><W14/><G14/><T124/><D124/><U98/><E116/><V24/><F24/><W123/><G123/><T45/><D66/><U12/><E110/><V129/><F129/><W23/><G23/><T5/><D68/><U18/><E7/><V22/><REACH who="2" step="1"/><F40/><REACH who="2" ten="190,234,318,248" step="2"/><W39/><G111/><T55/><D44/><U128/><E128/><V51/><F51/><W86/><G39/><T4/><D45/><U114/><E98/><V58/><F58/><W42/><G42/><T132/><D1/><U56/><E70/><V28/><F28/><W90/><G75/><T26/><D26/><U50/><E50/><V93/><F93/><W15/><G15/><T71/><D71/><U16/><E18/><V89/><F89/><N who="3" m="34379" /><G76/><T125/><D125/><U87/><E112/><V25/><F25/><RYUUKYOKU ba="1,1" sc="190,-15,234,-15,318,15,248,15" hai2="8,9,13,19,22,52,59,63,74,78,104,105,107" hai3="86,90,95,96,102,133,134" /><INIT seed="3,2,1,1,2,102" ten="175,219,333,263" oya="3" hai0="128,115,68,37,90,70,27,132,28,25,18,119,61" hai1="53,49,72,120,92,7,84,24,78,114,67,34,23" hai2="116,15,97,98,31,74,118,8,2,62,91,48,45" hai3="123,50,32,58,64,33,101,107,88,13,77,108,52"/><W134/><G123/><T30/><D119/><U40/><E120/><V51/><F2/><W6/><G77/><T93/><D128/><U46/><E34/><V60/><F74/><W124/><G124/><T1/><D132/><U75/><E67/><V71/><F31/><W112/><G112/><T59/><D37/><U131/><E131/><V43/><F71/><W47/><G134/><T122/><D1/><U42/><E114/><V35/><F35/><W100/><G33/><T9/><D122/><U109/><E109/><V16/><F116/><W94/><G107/><T57/><D115/><U79/><E7/><V4/><F4/><W38/><G32/><T87/><D57/><U65/><E65/><V0/><F0/><W17/><G6/><T103/><D28/><U117/><E117/><V36/><F36/><W85/><G108/><T26/><D30/><N who="1" m="17695" /><E72/><V41/><F91/><W3/><G3/><T111/><D111/><U129/><E75/><V126/><F126/><W14/><G14/><T99/><D9/><U135/><E129/><V121/><F121/><W19/><G19/><T20/><D68/><U96/><E135/><V39/><F39/><W56/><G38/><T66/><REACH who="0" step="1"/><D70/><REACH who="0" ten="165,219,333,263" step="2"/><U29/><E29/><V125/><F125/><W89/><G58/><T63/><D63/><N who="2" m="24106" /><F118/><W110/><G110/><T81/><AGARI ba="2,2" hai="18,20,25,26,27,59,61,66,81,87,90,93,99,103" machi="81" ten="20,8000,1" yaku="1,1,0,1,7,1,8,1,53,1" doraHai="102" doraHaiUra="76" who="0" fromWho="0" sc="165,106,219,-22,333,-22,263,-42" /><INIT seed="4,0,0,2,2,106" ten="271,197,311,221" oya="0" hai0="54,117,79,53,124,39,27,96,94,17,41,48,5" hai1="98,24,64,95,3,105,100,78,116,10,69,89,111" hai2="11,23,99,61,81,130,86,93,132,29,25,31,102" hai3="127,36,122,126,30,125,97,77,28,13,131,7,6"/><T121/><D117/><U38/><E111/><V45/><F132/><W107/><G36/><T59/><D121/><U2/><E116/><V34/><F130/><W15/><G77/><T128/><D128/><U62/><E38/><V26/><F45/><W88/><G107/><T56/><D124/><U135/><E135/><V108/><F108/><W123/><G97/><T63/><D5/><N who="3" m="1545" /><G88/><T68/><D79/><U67/><E10/><V43/><F43/><W14/><G131/><T114/><D114/><U0/><E24/><V82/><F11/><W103/><G103/><T109/><D109/><U90/><E78/><V91/><REACH who="2" step="1"/><F61/><REACH who="2" ten="271,197,301,221" step="2"/><W84/><G84/><T16/><D41/><U49/><E49/><V58/><F58/><W12/><N who="3" m="3072" /><DORA hai="21" /><W129/><G129/><T92/><D39/><U35/><E62/><V115/><F115/><W42/><G42/><T134/><D134/><U65/><E69/><V66/><F66/><W55/><G55/><T19/><D68/><U44/><E44/><V113/><F113/><W1/><G1/><T120/><D120/><AGARI ba="0,1" hai="28,30,120,122,123,125,126,127" m="3072,1545" machi="120" ten="50,12000,2" yaku="28,2,13,1,18,1,34,2" doraHai="106,21" who="3" fromWho="0" sc="271,-120,197,0,301,0,221,130" /><INIT seed="5,0,0,5,4,88" ten="151,197,301,351" oya="1" hai0="84,64,104,81,35,116,109,27,20,91,23,111,63" hai1="5,65,36,11,120,40,100,113,56,43,21,89,42" hai2="16,79,85,96,31,46,52,61,75,50,118,45,32" hai3="70,115,48,82,6,134,1,60,51,69,98,72,10"/><U105/><E120/><V117/><F75/><W122/><G122/><T76/><D116/><U30/><E113/><V28/><F32/><W58/><G115/><T102/><D20/><U80/><E36/><V12/><F117/><W19/><G19/><T57/><D35/><U108/><E108/><V99/><F61/><W15/><G1/><T7/><D7/><U17/><E30/><N who="2" m="11307" /><F118/><W94/><G134/><T13/><D13/><U90/><E80/><N who="2" m="47263" /><F45/><W130/><G130/><T114/><D114/><U8/><E105/><V125/><F125/><W59/><G59/><T92/><D104/><U34/><E34/><V78/><F78/><W119/><G70/><T2/><D2/><U129/><E129/><V41/><F41/><W38/><G69/><T110/><D102/><U14/><E100/><V68/><F68/><W101/><G38/><T126/><D126/><U86/><E5/><V44/><F46/><W87/><G72/><T132/><D132/><U93/><REACH who="1" step="1"/><E89/><REACH who="1" ten="151,187,301,351" step="2"/><V106/><F106/><W123/><G123/><T128/><D128/><U103/><E103/><V67/><F67/><N who="3" m="39319" /><G119/><T29/><REACH who="0" step="1"/><D110/><REACH who="0" ten="141,187,301,351" step="2"/><U121/><E121/><V112/><F112/><W55/><G101/><T37/><D37/><U33/><E33/><V133/><F133/><W73/><G6/><T39/><D39/><U131/><E131/><V107/><F107/><W24/><G82/><T127/><D127/><U0/><E0/><V3/><F3/><W9/><G94/><T62/><D62/><AGARI ba="0,2" hai="8,11,14,17,21,40,42,43,56,62,65,86,90,93" machi="62" ten="40,7700,0" yaku="1,1,8,1,52,1,53,0" doraHai="88" doraHaiUra="49" who="1" fromWho="0" sc="141,-77,187,97,301,0,351,0" /><INIT seed="5,1,0,4,1,14" ten="64,284,301,351" oya="1" hai0="9,27,122,34,50,66,26,133,124,37,30,29,13" hai1="81,75,47,129,109,89,32,125,114,61,45,39,54" hai2="24,0,130,56,16,35,4,43,79,72,52,105,2" hai3="57,53,95,11,60,33,135,100,87,7,3,123,106"/><U1/><E114/><V21/><F105/><W107/><G123/><T19/><D37/><U59/><E32/><V40/><F130/><W28/><G135/><T116/><D66/><U103/><E1/><V69/><F69/><W118/><G118/><T77/><D77/><U73/><E129/><V6/><F72/><W98/><G28/><T126/><D50/><U46/><E39/><V41/><F35/><W132/><G33/><N who="0" m="20663" /><D116/><U86/><E125/><N who="0" m="48233" /><D122/><U117/><E117/><V58/><F0/><W108/><G132/><AGARI ba="1,0" hai="9,13,19,27,30,34,132,133" m="48233,20663" machi="132" ten="30,7700,0" yaku="18,1,34,2,52,1" doraHai="14" who="0" fromWho="3" sc="64,80,284,0,301,0,351,-80" /><INIT seed="6,0,0,2,0,49" ten="144,284,301,271" oya="2" hai0="124,80,62,56,108,43,114,107,53,73,54,9,115" hai1="7,78,105,26,77,110,76,104,119,35,4,86,92" hai2="75,101,30,134,94,67,97,122,14,116,70,129,23" hai3="123,8,0,1,61,39,34,10,57,50,48,41,109"/><V93/><F122/><W106/><G123/><T24/><D107/><U91/><E110/><V121/><F116/><W42/><G106/><T95/><D73/><U22/><E119/><V82/><F134/><W111/><G57/><T112/><D108/><U25/><E104/><V12/><F129/><W19/><G19/><T125/><D24/><U102/><E102/><V71/><F75/><W28/><G61/><T118/><D118/><U38/><E38/><V63/><F71/><W59/><G59/><N who="0" m="35183" /><D95/><U100/><E35/><V15/><F82/><W11/><G39/><T135/><D9/><U31/><E100/><V90/><F121/><W132/><G11/><T6/><D6/><U120/><E105/><V52/><F23/><W89/><G34/><T131/><D80/><U18/><E120/><V83/><F83/><W98/><G28/><T16/><D16/><U68/><E68/><V46/><F30/><W13/><G13/><T99/><D99/><U51/><E26/><V36/><F36/><W103/><G98/><T81/><D81/><U133/><E133/><V55/><REACH who="2" step="1"/><F46/><REACH who="2" ten="144,284,291,271" step="2"/><W47/><G47/><T88/><D135/><U96/><E31/><V128/><F128/><W85/><G132/><T40/><D131/><U127/><E76/><V117/><F117/><W64/><G111/><T32/><D32/><U74/><E77/><V44/><F44/><W69/><G109/><T17/><D17/><U27/><E74/><V65/><F65/><W87/><G64/><T58/><D88/><U37/><E18/><V5/><F5/><W3/><G89/><T79/><D79/><RYUUKYOKU ba="0,1" sc="144,-10,284,-10,291,30,271,-10" hai2="12,14,15,52,55,63,67,70,90,93,94,97,101" /><INIT seed="6,1,1,0,5,89" ten="134,274,321,261" oya="2" hai0="112,42,101,75,9,100,22,135,130,91,37,26,67" hai1="24,20,43,115,13,120,56,51,0,18,111,7,21" hai2="80,3,46,129,33,93,90,118,68,132,71,36,96" hai3="16,105,30,121,124,55,11,39,110,88,12,29,23"/><V74/><F118/><W82/><G39/><T123/><D123/><U78/><E111/><V35/><F132/><W49/><G105/><T106/><D135/><U44/><E115/><V94/><F129/><W27/><G121/><T32/><D130/><U84/><E120/><V69/><F3/><W19/><G124/><T73/><D112/><U14/><E0/><V127/><F80/><W6/><G110/><T1/><D32/><U5/><E56/><V72/><F127/><W134/><G134/><T117/><D117/><U54/><E43/><V47/><F36/><W4/><G30/><T65/><D42/><U28/><E14/><V81/><F81/><AGARI ba="1,1" hai="5,7,13,18,20,21,24,28,44,51,54,78,81,84" machi="81" ten="40,1300,0" yaku="8,1" doraHai="89" who="1" fromWho="2" sc="134,0,274,26,321,-16,261,0" /><INIT seed="7,0,0,0,2,109" ten="134,300,305,261" oya="3" hai0="94,9,111,67,75,7,119,55,135,121,58,86,102" hai1="129,114,85,91,27,60,34,128,74,54,46,78,118" hai2="69,127,99,115,125,97,30,76,104,4,96,18,73" hai3="44,1,19,63,36,51,95,65,16,38,83,32,72"/><W110/><G32/><T28/><D111/><U3/><E114/><V120/><F69/><W88/><G1/><T107/><D119/><U43/><E3/><V39/><F39/><W50/><G38/><T101/><D121/><U14/><E14/><V40/><F40/><W6/><G36/><T81/><D135/><U98/><E98/><V134/><F134/><W64/><G110/><T37/><D28/><U130/><E43/><V11/><F115/><W20/><G6/><T42/><D107/><U113/><E113/><V70/><F70/><W8/><G72/><T31/><D31/><N who="1" m="19839" /><E74/><V123/><F30/><W68/><G83/><T10/><D67/><N who="3" m="25673" /><G63/><T53/><D94/><N who="1" m="54639" /><E78/><V66/><F66/><W82/><G82/><T26/><D26/><U57/><E46/><V90/><F18/><N who="3" m="6699" /><G8/><T89/><D75/><U5/><E5/><V52/><F104/><W93/><G68/><T12/><D42/><U80/><E80/><V124/><F76/><W25/><G44/><T87/><D37/><U0/><E0/><N who="2" m="391" /><F73/><W62/><G62/><T22/><D22/><U84/><E84/><V59/><F90/><W2/><G2/><T79/><D9/><U45/><E45/><V117/><F117/><AGARI ba="0,0" hai="54,57,60,117,118,128,129,130" m="54639,19839" machi="117" ten="40,1300,0" yaku="19,1" doraHai="109" who="1" fromWho="2" sc="134,0,300,13,305,-13,261,0" owari="134,-36.6,313,41.3,292,9.2,261,-13.9" /></mjloggm>