<mjloggm ver="2.3"><GO type="41" lobby="0"/><UN n0="%32%30%30%33%30%37%31%39" n1="%E3%83%97%E3%82%A8%E3%83%AB%E3%83%88%E3%83%AA%E3%82%B3" n2="%E2%93%9D%4C%75%63%6B%79%4A" n3="%75%68%65%69%32" dan="14,14,18,15" rate="1971.65,1936.11,2201.21,1982.16" sx="M,F,M,M"/><TAIKYOKU oya="0"/><INIT seed="0,0,0,4,4,17" ten="250,250,250,250" oya="0" hai0="21,10,50,131,114,135,123,80,43,46,126,1,40" hai1="31,14,49,93,36,88,22,27,118,65,95,61,133" hai2="4,33,44,19,82,90,110,75,3,99,47,72,100" hai3="6,53,8,38,128,48,102,2,56,124,132,113,68"/><T54/><D123/><U115/><E133/><V23/><F33/><W78/><G132/><T130/><D135/><U101/><E118/><V63/><F110/><W24/><G113/><T96/><D114/><U125/><E125/><V28/><F28/><W122/><G124/><T86/><D126/><U74/><E36/><V15/><F3/><W70/><G128/><N who="0" m="49195" /><D96/><N who="1" m="59535" /><E74/><V117/><F4/><W67/><G102/><T37/><D37/><U16/><E115/><V127/><F127/><W59/><G38/><T76/><D21/><N who="1" m="15855" /><E49/><V30/><F75/><W116/><G116/><T5/><AGARI ba="0,0" hai="1,5,10,40,43,46,50,54,76,80,86" m="49195" machi="5" ten="30,1500,0" yaku="19,1" doraHai="17" who="0" fromWho="0" sc="250,15,250,-5,250,-5,250,-5" /><INIT seed="0,1,0,4,1,46" ten="265,245,245,245" oya="0" hai0="1,131,30,93,91,89,17,0,87,84,88,118,44" hai1="69,26,8,40,53,13,7,68,11,27,133,71,98" hai2="92,94,10,47,122,57,85,110,107,20,76,75,58" hai3="12,82,129,35,4,74,62,22,42,18,55,116,50"/><T78/><D118/><U21/><E133/><V73/><F122/><W97/><G116/><T126/><D131/><U117/><E117/><V102/><F10/><W135/><G35/><T115/><D115/><U132/><E132/><V5/><F5/><W105/><G135/><T124/><D30/><U99/><E40/><V43/><F107/><W112/><G112/><T114/><D114/><U111/><E111/><V106/><F106/><W109/><G109/><T6/><D78/><U101/><E11/><V51/><F75/><W80/><G4/><T54/><D17/><U66/><E53/><V100/><F73/><W90/><G129/><T104/><D104/><U121/><E121/><V120/><F110/><W96/><G42/><T48/><D91/><U3/><E3/><V70/><F70/><W24/><G62/><T36/><D36/><U37/><E37/><V79/><F20/><N who="3" m="11335" /><G74/><T31/><D31/><U134/><E134/><V127/><F127/><N who="0" m="48682" /><D6/><U39/><E39/><V113/><F120/><W19/><G105/><T128/><D128/><U41/><E7/><V95/><F113/><W28/><G28/><T25/><D25/><U15/><E26/><V45/><F79/><W119/><G119/><T103/><D103/><U63/><E101/><N who="2" m="39019" /><F76/><W52/><G90/><T16/><D16/><U125/><E125/><V9/><F9/><W123/><G123/><T81/><AGARI ba="1,0" hai="0,1,44,48,54,81,84,87,88,89,93" m="48682" machi="81" ten="30,6000,0" yaku="18,1,52,1,54,1" doraHai="46" who="0" fromWho="0" sc="265,63,245,-21,245,-21,245,-21" /><INIT seed="0,2,0,0,5,44" ten="328,224,224,224" oya="0" hai0="123,58,45,122,99,21,91,17,36,94,85,30,110" hai1="5,128,107,50,78,124,108,64,53,38,28,106,115" hai2="47,77,25,81,70,34,75,40,60,23,19,130,82" hai3="54,101,83,104,95,37,74,113,43,14,92,120,105"/><T4/><D110/><U97/><E5/><V49/><F130/><W88/><G43/><T33/><D4/><U63/><E28/><V41/><F82/><W29/><G37/><T61/><D33/><U62/><E78/><V96/><F34/><W125/><G14/><T135/><D30/><U48/><E97/><V117/><F117/><W129/><G54/><T66/><D135/><U11/><E11/><V59/><F70/><W80/><G29/><T9/><D9/><U32/><E32/><V86/><F96/><N who="3" m="59527" /><G129/><T73/><D73/><U26/><E26/><V51/><F75/><W118/><G118/><T76/><D76/><U8/><E8/><V127/><F127/><W111/><G113/><T126/><D126/><U84/><E128/><V93/><F93/><W46/><G46/><T16/><D99/><U69/><E124/><V132/><F132/><W131/><G131/><T31/><D31/><U57/><E84/><V22/><F23/><W67/><G67/><T90/><D90/><U52/><E115/><V6/><F6/><W119/><G119/><T79/><D79/><U7/><E7/><V121/><F121/><W109/><G120/><T13/><D17/><U39/><E108/><N who="3" m="41546" /><G125/><T3/><D3/><U103/><E103/><V65/><REACH who="2" step="1"/><F41/><REACH who="2" ten="328,224,214,224" step="2"/><W133/><G133/><T18/><D122/><U24/><E107/><N who="3" m="41034" /><G74/><T35/><D123/><U87/><E69/><V100/><F100/><W10/><G10/><T68/><D68/><U102/><E102/><V20/><F20/><W112/><G112/><T72/><D72/><U2/><E2/><V114/><F114/><RYUUKYOKU ba="2,1" sc="328,-15,224,-15,214,15,224,15" hai2="19,22,25,40,47,49,51,59,60,65,77,81,86" hai3="80,83,88,95" /><INIT seed="1,3,1,2,1,16" ten="313,209,229,239" oya="1" hai0="86,53,22,110,31,119,52,50,101,84,57,12,128" hai1="64,117,34,39,7,96,10,38,14,55,69,118,51" hai2="102,17,131,54,90,113,127,4,37,132,111,32,81" hai3="105,133,56,25,72,123,135,114,129,3,36,106,21"/><U1/><E34/><V43/><F102/><W11/><G123/><T5/><D119/><U24/><E118/><V9/><F32/><W71/><G71/><T62/><D110/><U134/><E117/><V61/><F43/><W68/><G68/><T75/><D75/><U126/><E134/><N who="3" m="51210" /><G114/><T27/><D128/><U87/><E126/><V65/><F37/><W58/><G36/><T28/><D28/><U82/><E24/><V46/><F17/><N who="3" m="12463" /><G72/><T59/><D101/><U2/><E38/><V70/><F127/><W18/><G129/><T104/><D104/><N who="3" m="40041" /><G18/><T115/><REACH who="0" step="1"/><D115/><REACH who="0" ten="303,209,229,239" step="2"/><U33/><E39/><V42/><F113/><W85/><G85/><T95/><D95/><U44/><E33/><V76/><F131/><W88/><G88/><T124/><D124/><U13/><E96/><V40/><F132/><W19/><G3/><T94/><D94/><U97/><E97/><V116/><F116/><W93/><G93/><T30/><D30/><U98/><E98/><V100/><F100/><W49/><G49/><T35/><D35/><U8/><E2/><V80/><F90/><W89/><G89/><T125/><D125/><U120/><E1/><V29/><F29/><W26/><G11/><AGARI ba="3,2" hai="5,11,12,22,27,31,50,52,53,57,59,62,84,86" machi="11" ten="40,8000,1" yaku="1,1,8,1,52,1,54,1,53,1" doraHai="16" doraHaiUra="47" who="0" fromWho="3" sc="303,109,209,0,229,0,239,-89" /><INIT seed="2,0,0,4,2,8" ten="412,209,229,150" oya="2" hai0="82,110,68,61,62,2,73,51,115,43,117,60,94" hai1="116,38,99,50,45,67,89,104,129,26,46,41,76" hai2="107,31,109,134,87,10,14,125,20,53,92,124,127" hai3="135,37,7,101,126,69,9,106,133,97,131,66,90"/><V1/><F107/><W113/><G37/><T108/><D2/><U100/><E116/><V49/><F134/><W111/><G66/><T52/><D73/><U130/><E76/><V122/><F122/><W24/><G24/><T57/><D94/><U39/><E67/><V58/><F109/><N who="0" m="42090" /><D82/><U59/><E59/><V84/><F1/><W30/><G30/><T32/><D32/><U36/><E89/><V27/><REACH who="2" step="1"/><F92/><REACH who="2" ten="412,209,219,150" step="2"/><W105/><G106/><T93/><D93/><U42/><E26/><V33/><F33/><W78/><G105/><T23/><D117/><U120/><E120/><V119/><F119/><W6/><G135/><T28/><D115/><U34/><E34/><V79/><F79/><W128/><G78/><T98/><D68/><U13/><E13/><V4/><AGARI ba="0,1" hai="4,10,14,20,27,31,49,53,58,84,87,124,125,127" machi="4" ten="30,18000,2" yaku="1,1,0,1,18,1,52,1,53,2" doraHai="8" doraHaiUra="83" who="2" fromWho="2" sc="412,-60,209,-60,219,190,150,-60" /><INIT seed="2,1,0,2,1,86" ten="352,149,409,90" oya="2" hai0="89,9,39,18,79,88,100,41,87,110,33,72,84" hai1="37,82,25,51,62,21,1,96,126,19,103,48,70" hai2="2,31,132,91,65,113,6,26,71,73,20,11,112" hai3="57,107,117,104,36,40,106,90,7,75,15,34,69"/><V4/><F73/><W58/><G117/><T85/><D33/><U135/><E37/><V38/><F38/><W119/><G119/><T3/><D18/><U0/><E135/><V16/><F71/><W131/><G34/><T111/><D9/><U130/><E126/><V14/><F65/><W54/><G75/><T114/><D3/><U78/><E130/><V12/><F91/><N who="0" m="34890" /><D41/><U101/><E70/><V22/><F132/><W109/><G131/><T116/><D39/><U28/><E62/><V133/><F133/><W115/><G109/><N who="0" m="41483" /><D116/><U35/><E0/><V122/><F122/><W95/><G15/><T32/><D32/><U10/><E101/><V128/><F128/><W47/><G7/><T29/><D29/><U67/><E10/><AGARI ba="1,0" hai="2,4,6,10,11,12,14,16,20,22,26,31,112,113" machi="10" ten="40,12000,1" yaku="34,3,54,1" doraHai="86" who="2" fromWho="1" sc="352,0,149,-123,409,123,90,0" /><INIT seed="2,2,0,4,1,0" ten="352,26,532,90" oya="2" hai0="58,18,16,88,71,60,29,33,26,70,125,109,132" hai1="85,82,84,66,59,93,32,41,89,6,79,35,9" hai2="17,14,67,11,80,31,4,77,62,45,115,124,94" hai3="122,5,12,22,78,81,74,56,69,36,121,123,8"/><V83/><F115/><W50/><G69/><T102/><D109/><U104/><E104/><V10/><F124/><W2/><G36/><T131/><D125/><U118/><E118/><V133/><F31/><W112/><G112/><T48/><D131/><U37/><E66/><V39/><F133/><W114/><G114/><T44/><D102/><U91/><E59/><V128/><F128/><W103/><G103/><T135/><D71/><U90/><E90/><V25/><F25/><W68/><G68/><T42/><D70/><U98/><E37/><V86/><F83/><W129/><G129/><T43/><D42/><U20/><E20/><V57/><F39/><W73/><G73/><T130/><D130/><U134/><E41/><V100/><F45/><W75/><G75/><T55/><D132/><U24/><E24/><V19/><REACH who="2" step="1"/><F11/><REACH who="2" ten="352,26,522,90" step="2"/><W15/><G123/><T1/><D135/><U110/><E134/><V49/><F49/><W99/><G122/><T28/><D29/><U65/><E110/><V40/><F40/><W27/><G121/><T3/><D43/><U116/><E116/><V106/><F106/><W30/><G50/><T72/><D48/><U51/><E51/><V97/><AGARI ba="2,1" hai="4,10,14,17,19,57,62,67,77,80,86,94,97,100" machi="97" ten="30,11700,0" yaku="1,1,0,1,8,1,52,1,53,0" doraHai="0" doraHaiUra="46" who="2" fromWho="2" sc="352,-41,26,-41,522,133,90,-41" owari="311,11.1,-15,-51.5,655,75.5,49,-35.1" /></mjloggm>