<mjloggm ver="2.3"><GO type="41" lobby="0"/><UN n0="%E2%93%9D%4C%75%63%6B%79%4A" n1="%E3%82%B9%E3%82%A6%E3%82%A3%E3%83%BC%E3%83%88%E3%82%BD%E3%82%A6%E3%83%AB" n2="%E3%83%A2%E3%83%83%E3%82%AB%34" n3="%E3%82%BC%E3%83%B3%E3%83%84%E3%83%9E%E3%82%B7%E3%83%BC%E3%83%B3" dan="16,15,13,15" rate="2163.96,2026.32,1979.43,1999.60" sx="M,F,M,M"/><TAIKYOKU oya="0"/><INIT seed="0,0,0,2,3,123" ten="250,250,250,250" oya="0" hai0="66,61,40,62,0,50,106,121,111,46,47,75,30" hai1="135,4,68,19,43,96,120,91,107,130,10,49,1" hai2="13,108,76,133,39,122,27,112,131,25,97,125,101" hai3="11,22,83,5,42,56,93,36,113,58,38,124,48"/><T90/><D75/><U67/><E120/><V105/><F76/><W2/><G113/><T15/><D0/><U29/><E130/><V128/><F13/><W77/><G124/><T100/><D121/><U21/><E135/><V81/><F81/><W78/><G78/><T70/><D30/><U65/><E29/><V132/><F39/><W86/><G22/><T71/><D100/><U129/><E129/><N who="2" m="49739" /><F112/><W37/><REACH who="3" step="1"/><G93/><REACH who="3" ten="250,250,250,240" step="2"/><T41/><D106/><U55/><E21/><V126/><F122/><W84/><G84/><T44/><D90/><U16/><E91/><V73/><F73/><W8/><G8/><T118/><D118/><U102/><E10/><V94/><F105/><W80/><G80/><T54/><D111/><U115/><E107/><V103/><F108/><W12/><G12/><T23/><D23/><U64/><E115/><V99/><F103/><W35/><G35/><T34/><D34/><U127/><E1/><V53/><F99/><W32/><G32/><T33/><D33/><U85/><E127/><N who="2" m="48651" /><F53/><W3/><G3/><T89/><D15/><U114/><E55/><V18/><F18/><W87/><G87/><T17/><D17/><U7/><E19/><V98/><F97/><W134/><G134/><AGARI ba="0,1" hai="25,27,94,98,101,132,133,134" m="48651,49739" machi="134" ten="40,32000,5" yakuman="39" doraHai="123" who="2" fromWho="3" sc="250,0,250,0,250,330,240,-320" owari="250,5.0,250,-15.0,580,68.0,-80,-58.0" /></mjloggm>