<mjloggm ver="2.3"><GO type="137" lobby="0"/><UN n0="%E2%93%9D%4C%75%63%6B%79%4A" n1="%E3%82%BF%E3%83%AB%E9%B6%8F%E5%A4%A9%E3%81%B6%E3%81%A3%E3%81%8B%E3%81%91" n2="%77%61%6B%75%74%75" n3="%73%61%73%69%6D%69%6E" dan="12,11,12,12" rate="1815.60,1677.91,1731.55,1717.97" sx="M,M,M,M"/><TAIKYOKU oya="0"/><INIT seed="0,0,0,0,1,7" ten="250,250,250,250" oya="0" hai0="21,27,14,33,111,25,116,113,90,51,54,58,88" hai1="73,53,72,59,82,17,95,37,35,91,19,15,104" hai2="38,122,97,26,6,110,67,112,85,63,31,41,42" hai3="66,61,98,131,92,124,126,16,9,105,49,108,0"/><T5/><D113/><U76/><E37/><V94/><F122/><W23/><G108/><T18/><D116/><U10/><E104/><V4/><F112/><W62/><G105/><T64/><D111/><U56/><E35/><V57/><F110/><W100/><G49/><T12/><D64/><U93/><E73/><V109/><F109/><W43/><G43/><N who="2" m="16393" /><F85/><W106/><G106/><T44/><D33/><U107/><E107/><V99/><F99/><W28/><G28/><T48/><D14/><U117/><E117/><V123/><F123/><W55/><G55/><N who="0" m="30183" /><D5/><U118/><E118/><V87/><F87/><W102/><G102/><T30/><D30/><U60/><E91/><AGARI ba="0,0" hai="12,18,21,25,27,48,54,58,88,90,91" m="30183" machi="91" ten="30,2900,0" yaku="8,1,54,1" doraHai="7" who="0" fromWho="1" sc="250,29,250,-29,250,0,250,0" /><INIT seed="0,1,0,1,5,65" ten="279,221,250,250" oya="0" hai0="26,37,89,57,40,97,118,109,79,6,128,98,72" hai1="62,42,99,122,1,86,25,78,5,66,105,45,48" hai2="130,3,17,133,107,54,22,74,81,44,58,110,34" hai3="35,41,131,93,7,124,12,76,114,123,38,135,2"/><T11/><D118/><U21/><E122/><V16/><F110/><W23/><G93/><T113/><D113/><U70/><E1/><V121/><F121/><W82/><G123/><T111/><D57/><U55/><E5/><V24/><F3/><W83/><G114/><T120/><D120/><U28/><E105/><V91/><F107/><W36/><G23/><T116/><D128/><U132/><E132/><V9/><F133/><W84/><G135/><T31/><D89/><U127/><E127/><V94/><F34/><W27/><G12/><T56/><D56/><U134/><E134/><V53/><F74/><W106/><G124/><T14/><D116/><U8/><E8/><V77/><F77/><W129/><G106/><T30/><D31/><U95/><E86/><V71/><F71/><W100/><G100/><T102/><D40/><U96/><E78/><V51/><F81/><W117/><G82/><N who="0" m="45415" /><D37/><U68/><E68/><V73/><F9/><N who="3" m="2295" /><G117/><T67/><D67/><U80/><E80/><V18/><F73/><N who="3" m="43407" /><G41/><T119/><D102/><U69/><E69/><V90/><F90/><W126/><G84/><T92/><D92/><U63/><E95/><V115/><F115/><W125/><G126/><T19/><D6/><U15/><E15/><V101/><F101/><W103/><G103/><T104/><D104/><U49/><E63/><N who="2" m="36303" /><F130/><N who="3" m="49675" /><G125/><T75/><D75/><U43/><E43/><V108/><F108/><N who="0" m="41546" /><D119/><U13/><E13/><V10/><F10/><W20/><G20/><AGARI ba="1,0" hai="11,14,19,20,26,30,97,98" m="41546,45415" machi="20" ten="30,2900,0" yaku="14,1,10,1" doraHai="65" who="0" fromWho="3" sc="279,32,221,0,250,0,250,-32" /><INIT seed="0,2,0,3,5,67" ten="311,221,250,218" oya="0" hai0="115,91,29,76,120,84,134,85,94,109,32,74,92" hai1="129,28,56,77,96,13,119,19,52,53,135,121,1" hai2="133,97,69,108,41,128,125,126,127,16,31,51,15" hai3="71,61,59,112,105,83,118,110,117,70,65,79,39"/><T4/><D32/><U18/><E119/><N who="3" m="45578" /><G105/><T89/><D29/><U73/><E121/><V111/><F31/><W3/><G3/><T80/><D120/><U114/><E1/><V17/><F97/><W47/><G83/><T68/><D68/><N who="3" m="26153" /><G79/><T116/><D116/><U44/><E28/><V95/><F95/><W62/><G112/><T23/><D115/><U38/><E77/><V45/><F69/><N who="3" m="42159" /><G110/><N who="2" m="42025" /><F17/><W104/><G104/><T10/><D109/><U36/><E73/><V103/><F103/><W9/><G9/><T14/><REACH who="0" step="1"/><D23/><REACH who="0" ten="301,221,250,218" step="2"/><U20/><E20/><V12/><F125/><W43/><G62/><T24/><D24/><U64/><E114/><V82/><F126/><W7/><G7/><T35/><D35/><U100/><E19/><V58/><F127/><W42/><G42/><T98/><D98/><U130/><E96/><V60/><F60/><W30/><G30/><T123/><D123/><U0/><E18/><V55/><F41/><W124/><G124/><T46/><D46/><U57/><E44/><V107/><F45/><W90/><G90/><T86/><D86/><U54/><E100/><V75/><F75/><W122/><G122/><T25/><D25/><U66/><E130/><V88/><F88/><W2/><G2/><T6/><D6/><U40/><E129/><V33/><F33/><W78/><G78/><T132/><AGARI ba="2,1" hai="4,10,14,74,76,80,84,85,89,91,92,94,132,134" machi="132" ten="30,6000,0" yaku="1,1,0,1,9,1,53,0" doraHai="67" doraHaiUra="63" who="0" fromWho="0" sc="301,76,221,-22,250,-22,218,-22" /><INIT seed="0,3,0,2,5,82" ten="377,199,228,196" oya="0" hai0="134,64,26,9,19,37,12,55,104,87,102,121,28" hai1="98,60,97,13,30,99,56,51,43,91,34,54,114" hai2="59,66,74,89,2,44,75,33,70,1,130,72,52" hai3="62,123,80,126,90,103,11,100,132,27,41,58,128"/><T111/><D121/><U7/><E114/><V18/><F130/><W78/><G123/><T84/><D37/><U23/><E34/><V112/><F112/><W96/><G128/><T8/><D64/><U76/><E76/><V71/><F66/><W4/><G126/><T46/><D134/><U120/><E120/><V101/><F101/><W85/><G132/><T133/><D133/><U124/><E124/><V113/><F113/><W119/><G119/><T93/><D104/><U61/><E30/><V29/><F44/><W57/><G41/><T32/><D9/><U42/><E91/><V47/><F47/><W68/><G68/><T63/><D111/><U73/><E73/><V31/><F18/><W107/><G27/><T10/><D10/><N who="1" m="4319" /><E23/><V109/><F109/><W53/><G100/><T3/><D3/><U125/><E125/><V83/><F33/><W36/><G36/><T67/><D93/><U95/><E95/><V5/><F5/><W22/><G22/><T117/><D117/><U88/><E88/><V50/><F29/><W24/><G24/><T92/><D92/><U81/><E81/><V106/><F31/><W131/><G131/><T77/><D77/><U48/><E48/><V21/><F21/><W45/><G45/><T17/><D19/><U40/><AGARI ba="3,0" hai="40,42,43,51,54,56,60,61,97,98,99" m="4319" machi="40" ten="30,1100,0" yaku="8,1" doraHai="82" who="1" fromWho="1" sc="377,-8,199,20,228,-6,196,-6" /><INIT seed="1,0,0,0,0,88" ten="369,219,222,190" oya="1" hai0="34,11,74,17,48,38,69,32,112,60,109,66,53" hai1="95,2,65,57,40,107,23,120,80,6,124,135,12" hai2="16,5,117,73,55,96,39,121,41,132,28,72,97" hai3="116,13,127,3,10,20,82,67,52,115,45,128,50"/><U33/><E107/><V63/><F121/><W71/><G115/><T131/><D112/><U81/><E120/><V130/><F117/><W19/><G127/><T1/><D74/><U47/><E33/><V44/><F5/><W35/><G128/><T89/><D38/><U125/><E2/><V42/><F132/><W26/><G116/><T93/><D109/><U24/><E135/><V49/><F130/><W91/><G67/><T103/><D103/><U102/><E6/><V78/><F78/><W79/><G71/><T98/><D131/><U134/><E12/><V76/><F42/><W108/><G108/><T37/><D37/><U70/><E70/><V126/><F76/><W85/><G79/><T31/><D31/><U68/><E68/><V25/><F126/><N who="1" m="48745" /><E134/><V9/><F28/><W83/><G35/><T36/><D36/><N who="1" m="21895" /><E57/><V46/><F63/><W86/><G3/><T77/><D77/><U105/><E65/><V118/><F118/><W84/><REACH who="3" step="1"/><G83/><REACH who="3" ten="369,219,222,180" step="2"/><T0/><D1/><U8/><E81/><V22/><F73/><W101/><G101/><T113/><D113/><U75/><E80/><V104/><F72/><W106/><G106/><T114/><D114/><U56/><E75/><V7/><F104/><W4/><AGARI ba="0,1" hai="4,10,13,19,20,26,45,50,52,82,84,85,86,91" machi="4" ten="20,8000,1" yaku="1,1,0,1,7,1,8,1,54,1,53,0" doraHai="88" doraHaiUra="123" who="3" fromWho="3" sc="369,-20,219,-40,222,-20,180,90" /><INIT seed="2,0,0,3,0,10" ten="349,179,202,270" oya="2" hai0="32,41,118,59,8,33,69,96,51,107,15,127,76" hai1="70,14,19,93,9,42,108,92,84,134,101,109,132" hai2="17,53,52,75,128,121,63,133,6,1,85,37,97" hai3="100,62,120,67,135,91,18,68,58,99,106,39,61"/><V126/><F121/><W3/><G120/><T7/><D69/><U88/><E70/><V34/><F75/><W0/><G135/><N who="1" m="51754" /><E42/><V82/><F133/><W129/><G129/><T55/><D127/><U64/><E64/><V95/><F37/><W79/><G79/><T5/><D118/><U47/><E47/><V80/><F34/><W116/><G116/><T105/><D7/><U48/><E48/><V124/><F82/><W66/><G39/><T104/><D41/><U77/><E77/><V114/><F114/><W112/><G112/><T60/><D96/><AGARI ba="0,0" hai="9,14,19,84,88,92,93,96,101,108,109" m="51754" machi="96" ten="30,3900,0" yaku="20,1,52,1,54,1" doraHai="10" who="1" fromWho="0" sc="349,-39,179,39,202,0,270,0" /><INIT seed="3,0,0,3,4,34" ten="310,218,202,270" oya="3" hai0="36,19,64,92,123,115,51,91,52,31,87,23,1" hai1="134,126,113,105,120,121,114,60,128,88,58,59,131" hai2="26,10,30,71,47,127,62,94,24,35,22,27,41" hai3="21,68,109,81,13,3,0,86,107,104,133,108,44"/><W50/><G68/><T90/><D123/><U65/><E105/><N who="3" m="40522" /><G13/><T6/><D115/><U82/><E82/><V55/><F127/><W106/><G21/><T117/><D117/><U96/><E96/><V95/><F35/><W40/><N who="3" m="40530" /><W100/><DORA hai="84" /><G100/><T97/><D36/><U53/><E88/><V110/><F110/><N who="3" m="42603" /><G133/><T98/><D64/><U70/><E126/><V56/><F71/><W72/><G72/><T80/><D31/><U99/><E99/><V130/><F27/><W4/><G4/><T39/><D39/><U48/><E70/><V78/><F78/><AGARI ba="0,0" hai="0,3,40,44,50,78,81,86" m="42603,40530" machi="78" ten="40,12000,1" yaku="14,1,10,1,52,2" doraHai="34,84" who="3" fromWho="2" sc="310,0,218,0,202,-120,270,120" /><INIT seed="3,1,0,5,2,34" ten="310,218,82,390" oya="3" hai0="93,2,32,103,65,55,56,39,92,100,44,116,72" hai1="112,6,20,28,8,0,35,135,80,85,127,60,46" hai2="130,59,95,48,113,94,70,86,62,67,43,133,51" hai3="126,99,22,31,27,66,117,42,104,24,77,119,36"/><W54/><G126/><T63/><D32/><U122/><E112/><V16/><F113/><W38/><G66/><T75/><D116/><U111/><E122/><V19/><F133/><W12/><G77/><T102/><D2/><U131/><E135/><V107/><F107/><W114/><G114/><T121/><D121/><U17/><E127/><V26/><F130/><W68/><G68/><T21/><D75/><U73/><E131/><V96/><F86/><W58/><G12/><T82/><D72/><U53/><E111/><V11/><F19/><W98/><G24/><T4/><D4/><U97/><E73/><V106/><F106/><W57/><G57/><T40/><D82/><U78/><E97/><V132/><F132/><W18/><G31/><T123/><D123/><U134/><E134/><V64/><F64/><W108/><G108/><T129/><D129/><U30/><E35/><V49/><F70/><W61/><G99/><T115/><D115/><U83/><E83/><V3/><F95/><W23/><G23/><T79/><D79/><U91/><E78/><V105/><F3/><W15/><G27/><T128/><D128/><U69/><E69/><V52/><F105/><W88/><G104/><T118/><D118/><U74/><E74/><V120/><F120/><W87/><G98/><T89/><D21/><U1/><E1/><V9/><F67/><W5/><G5/><T109/><D109/><U33/><E33/><V45/><F9/><W84/><G84/><N who="0" m="52391" /><D65/><U29/><E46/><V37/><F11/><W13/><G117/><T125/><D125/><U25/><E29/><RYUUKYOKU ba="1,0" sc="310,15,218,15,82,-15,390,-15" hai0="39,40,44,55,56,63,92,100,102,103" hai1="0,6,8,17,20,25,28,30,53,60,80,85,91" /><INIT seed="4,2,0,0,4,98" ten="325,233,67,375" oya="0" hai0="74,72,60,73,113,59,52,119,54,133,19,45,116" hai1="81,4,57,128,90,62,48,22,51,71,14,7,93" hai2="106,34,47,92,8,46,43,49,44,61,76,84,112" hai3="129,21,3,29,115,68,124,23,103,135,91,69,110"/><T88/><D133/><U89/><E128/><V64/><F106/><W134/><G3/><T28/><D28/><U100/><E71/><N who="3" m="27210" /><G91/><T97/><D113/><U6/><E81/><V85/><F34/><W38/><G110/><T130/><D130/><U16/><E89/><V10/><F112/><W78/><G78/><T87/><D19/><U80/><E80/><V102/><F85/><W86/><G86/><T11/><D11/><N who="2" m="4138" /><F76/><W39/><G115/><T40/><D54/><U125/><E125/><V31/><F31/><W70/><G129/><T50/><REACH who="0" step="1"/><D97/><REACH who="0" ten="315,233,67,375" step="2"/><N who="1" m="59439" /><E90/><V75/><F75/><W5/><G29/><T37/><D37/><N who="3" m="13833" /><G5/><T18/><D18/><U53/><AGARI ba="2,1" hai="4,6,7,14,16,22,48,51,53,57,62" m="59439" machi="53" ten="30,4000,0" yaku="8,1,52,1,54,1" doraHai="98" who="1" fromWho="1" sc="315,-22,233,56,67,-12,375,-12" /><INIT seed="5,0,0,3,2,90" ten="293,289,55,363" oya="1" hai0="7,133,92,49,44,47,105,32,1,2,95,76,77" hai1="9,70,64,131,87,25,6,72,34,62,23,37,120" hai2="121,41,82,11,10,35,127,84,73,80,102,71,59" hai3="45,0,109,33,61,8,52,68,48,54,85,15,20"/><U94/><E120/><V135/><F35/><W79/><G109/><T14/><D32/><U104/><E72/><V21/><F71/><W117/><G33/><T36/><D105/><U50/><E104/><V98/><F121/><W101/><G101/><T122/><D122/><U69/><E37/><V67/><F41/><N who="3" m="24623" /><G0/><T116/><D49/><U46/><E70/><V134/><F127/><W24/><G68/><T128/><D14/><U63/><E34/><V126/><F126/><W19/><G61/><T83/><D83/><U130/><E63/><V81/><F73/><W51/><G51/><T17/><D7/><U132/><E132/><N who="2" m="50731" /><F67/><W42/><G42/><T129/><D133/><U3/><E87/><V112/><F112/><W38/><G38/><T93/><D17/><U114/><E114/><V107/><F59/><W5/><G117/><T57/><D57/><U108/><E108/><V119/><F119/><W39/><G39/><T103/><D103/><U4/><E4/><V89/><F21/><W91/><G79/><N who="0" m="30283" /><D116/><U111/><E111/><V12/><F11/><W56/><G56/><T13/><D36/><U26/><E94/><AGARI ba="0,0" hai="5,8,15,19,20,24,52,54,85,91,94" m="24623" machi="94" ten="30,3900,0" yaku="8,1,52,1,54,1" doraHai="90" who="3" fromWho="1" sc="293,0,289,-39,55,0,363,39" /><INIT seed="6,0,0,0,3,30" ten="293,250,55,402" oya="2" hai0="49,33,24,66,135,82,41,34,103,52,89,19,59" hai1="31,22,110,65,104,25,133,96,114,71,43,7,35" hai2="51,97,125,29,46,74,16,3,21,126,44,123,57" hai3="64,0,118,17,127,8,6,27,62,91,55,75,131"/><V5/><F123/><W61/><G118/><T2/><D2/><U32/><E43/><V99/><F74/><W115/><G127/><N who="2" m="48649" /><F29/><W48/><G131/><T23/><D103/><U92/><E110/><V73/><F73/><W10/><G75/><T4/><D4/><U78/><E104/><V132/><F132/><W87/><G115/><T112/><D112/><U116/><E116/><V26/><F5/><W76/><G76/><T106/><D106/><U100/><E114/><V15/><F3/><W124/><G124/><T83/><D66/><U86/><E133/><V80/><F80/><W54/><G54/><T67/><D67/><U107/><E7/><V60/><F46/><W38/><G38/><T37/><D135/><U117/><E117/><V77/><F77/><W134/><G134/><T119/><D119/><U50/><E50/><V81/><F81/><W39/><G39/><T129/><D129/><U90/><REACH who="1" step="1"/><E78/><REACH who="1" ten="293,240,55,402" step="2"/><V53/><F15/><W18/><G27/><T36/><D37/><U1/><E1/><V58/><F58/><W42/><G10/><T69/><D59/><U72/><E72/><V45/><F45/><W94/><G42/><AGARI ba="0,1" hai="16,21,26,42,44,51,53,57,60,97,99" m="48649" machi="42" ten="30,2900,0" yaku="18,1,54,1" doraHai="30" who="2" fromWho="3" sc="293,0,240,0,55,39,402,-29" /><INIT seed="6,1,0,1,1,71" ten="293,240,94,373" oya="2" hai0="36,133,2,34,49,78,120,59,95,16,62,112,81" hai1="35,3,115,124,11,33,109,42,90,22,84,43,19" hai2="134,131,66,127,68,58,130,38,56,50,128,60,92" hai3="28,4,100,98,113,29,47,67,73,83,51,132,111"/><V18/><F18/><W30/><G111/><T72/><D120/><U20/><E109/><V40/><F92/><W93/><G132/><T82/><D34/><U79/><E124/><V41/><F127/><W85/><G73/><T117/><D2/><U114/><E79/><V52/><F134/><W65/><G113/><N who="1" m="43018" /><E3/><V6/><F6/><W26/><G4/><T21/><D49/><U64/><E64/><V119/><F41/><N who="1" m="15369" /><E11/><V126/><F126/><W106/><G26/><T54/><D82/><N who="1" m="49431" /><E22/><V0/><F0/><W5/><G5/><T88/><D112/><U135/><E135/><V110/><F110/><W63/><G63/><T45/><D133/><U125/><E125/><V24/><F24/><AGARI ba="1,0" hai="19,20,24,33,35" m="49431,15369,43018" machi="24" ten="30,1000,0" yaku="15,1" doraHai="71" who="1" fromWho="2" sc="293,0,240,13,94,-13,373,0" /><INIT seed="7,0,0,3,4,23" ten="293,253,81,373" oya="3" hai0="66,2,80,113,8,55,131,32,112,26,118,93,54" hai1="102,71,35,128,125,13,49,25,39,116,20,110,12" hai2="43,92,96,40,108,90,104,63,89,6,70,36,24" hai3="68,120,60,82,126,27,106,67,75,14,19,33,81"/><W47/><G120/><T95/><D118/><U56/><E39/><V48/><F108/><W121/><G121/><T44/><D66/><U4/><E71/><V124/><F124/><W85/><G126/><T135/><D80/><U101/><E110/><V105/><F6/><W103/><G75/><T50/><D131/><U38/><E38/><V28/><F36/><W45/><G81/><T9/><D135/><U22/><E125/><V123/><F123/><W7/><G7/><T21/><D32/><U16/><E128/><V114/><F114/><N who="0" m="44138" /><D55/><N who="1" m="31855" /><E35/><V37/><F37/><W91/><G103/><N who="1" m="39434" /><E116/><V107/><F43/><W18/><G106/><T59/><D59/><U111/><E111/><V5/><F5/><W129/><G129/><T34/><D34/><U41/><E41/><V57/><F89/><W0/><G0/><T99/><D2/><U94/><E4/><V29/><F70/><W84/><G84/><T115/><N who="0" m="44146" /><T133/><DORA hai="88" /><D133/><U52/><E94/><N who="0" m="35849" /><D99/><U109/><E109/><V51/><F40/><W61/><G61/><T134/><D134/><U11/><E11/><V76/><F76/><W122/><G122/><T30/><AGARI ba="0,0" hai="8,9,21,26,30,44,50,54" m="35849,44146" machi="30" ten="40,12000,2" yaku="15,1,11,1,52,4" doraHai="23,88" who="0" fromWho="0" sc="293,120,253,-30,81,-30,373,-60" owari="413,51.3,223,-17.7,51,-44.9,313,11.3" /></mjloggm>