<mjloggm ver="2.3"><GO type="41" lobby="0"/><UN n0="%E2%93%9D%4C%75%63%6B%79%4A" n1="%68%65%74%61%70%70%69" n2="%E6%97%AD%E5%A4%B7" n3="%4B%48%34%30%30" dan="16,13,14,14" rate="2130.38,1857.95,1951.36,1869.55" sx="M,M,M,M"/><TAIKYOKU oya="0"/><INIT seed="0,0,0,1,0,123" ten="250,250,250,250" oya="0" hai0="128,118,30,86,110,26,45,104,55,92,77,113,103" hai1="5,50,87,133,4,122,68,15,129,38,65,80,2" hai2="100,7,134,69,81,117,52,1,12,19,70,98,124" hai3="10,54,59,57,43,71,9,28,14,42,31,79,63"/><T90/><D113/><U101/><E122/><V121/><F121/><W108/><G108/><T89/><D118/><U44/><E133/><V119/><F134/><W6/><G71/><T29/><D128/><U47/><E129/><V72/><F124/><W132/><G132/><T131/><D131/><U107/><E47/><V35/><F35/><W39/><G39/><T73/><D90/><U56/><E2/><V96/><F7/><W67/><G79/><T27/><D110/><U109/><E109/><V23/><F1/><W105/><G105/><T97/><D30/><N who="3" m="11305" /><G10/><T13/><D13/><U58/><E58/><V127/><F127/><W48/><AGARI ba="0,0" hai="6,9,14,42,43,48,54,57,59,63,67" m="11305" machi="48" ten="30,1100,0" yaku="8,1" doraHai="123" who="3" fromWho="3" sc="250,-5,250,-3,250,-3,250,11" /><INIT seed="1,0,0,5,3,6" ten="245,247,247,261" oya="1" hai0="4,12,39,61,69,64,98,70,36,13,52,48,0" hai1="84,54,7,101,92,33,118,24,40,8,127,121,38" hai2="26,57,124,97,94,132,20,23,15,93,114,18,113" hai3="126,50,68,14,2,29,28,130,21,100,34,47,5"/><U109/><E121/><V43/><F132/><W72/><G68/><T122/><D122/><U78/><E118/><V53/><F43/><W45/><G72/><T112/><D112/><U103/><E127/><V111/><F111/><W99/><G130/><T19/><D70/><U9/><E109/><V55/><F124/><W104/><G2/><T17/><D0/><U96/><E103/><V85/><F85/><W31/><G126/><T59/><D4/><U88/><E7/><V128/><F128/><W60/><G34/><T119/><D98/><U105/><E54/><V90/><F94/><W22/><G60/><T62/><D119/><U87/><E87/><V80/><F80/><W27/><G47/><T1/><D1/><U134/><E134/><V44/><F44/><W133/><G133/><T46/><D13/><U79/><E40/><V66/><F66/><W131/><G131/><T135/><D19/><U74/><E78/><V91/><F90/><W95/><G104/><T116/><D116/><U81/><E38/><V115/><REACH who="2" step="1"/><F57/><REACH who="2" ten="245,247,237,261" step="2"/><W25/><G45/><T10/><REACH who="0" step="1"/><D135/><REACH who="0" ten="235,247,237,261" step="2"/><U63/><E63/><V107/><F107/><W30/><REACH who="3" step="1"/><G50/><REACH who="3" ten="235,247,237,251" step="2"/><T65/><AGARI ba="0,3" hai="10,12,17,36,39,46,48,52,59,61,62,64,65,69" machi="65" ten="20,12000,2" yaku="1,1,2,1,0,1,7,1,52,1,54,1,53,0" doraHai="6" doraHaiUra="73" who="0" fromWho="0" sc="235,150,247,-60,237,-30,251,-30" /><INIT seed="2,0,0,4,0,13" ten="385,187,207,221" oya="2" hai0="97,102,105,30,83,129,39,8,7,95,49,0,78" hai1="118,70,130,123,71,98,18,135,64,128,52,111,67" hai2="40,112,101,23,116,65,25,19,42,54,113,88,58" hai3="20,79,63,106,100,61,46,103,57,121,76,134,74"/><V15/><F116/><W122/><G134/><T17/><D129/><N who="1" m="49771" /><E118/><V91/><F101/><W12/><G46/><T34/><D39/><U126/><E98/><V45/><F65/><N who="1" m="25161" /><E135/><V92/><F91/><W60/><G57/><T59/><D30/><U33/><E33/><V3/><F3/><W86/><G86/><T43/><D34/><U21/><E123/><V28/><F45/><W110/><G110/><T104/><D43/><U38/><E38/><V50/><F113/><W1/><G1/><T68/><D68/><U84/><E84/><N who="2" m="52231" /><F112/><W99/><G103/><T81/><D83/><U115/><E115/><V120/><F120/><W10/><G20/><AGARI ba="0,0" hai="15,19,20,23,25,28,40,42,50,54,58" m="52231" machi="20" ten="30,11600,0" yaku="25,1,8,1,52,1,54,1" doraHai="13" who="2" fromWho="3" sc="385,0,187,0,207,116,221,-116" /><INIT seed="2,1,0,1,3,135" ten="385,187,323,105" oya="2" hai0="83,39,108,116,34,117,7,131,31,90,106,32,73" hai1="91,11,12,124,51,6,122,88,23,78,29,129,87" hai2="26,30,118,109,15,17,104,20,59,95,77,85,130" hai3="99,41,75,0,64,8,125,10,47,100,36,82,16"/><V19/><F104/><N who="3" m="63519" /><G64/><T33/><D131/><U121/><E129/><V14/><F118/><N who="0" m="45674" /><D106/><U42/><E124/><V102/><F130/><W71/><G10/><T22/><D90/><U97/><E97/><N who="2" m="59711" /><F109/><W93/><G16/><N who="2" m="6217" /><F59/><W133/><G93/><T57/><D57/><U80/><E29/><V126/><F126/><W96/><G96/><T2/><D108/><U52/><E23/><V21/><F20/><W69/><G133/><T27/><D39/><U123/><REACH who="1" step="1"/><E42/><REACH who="1" ten="385,177,323,105" step="2"/><V81/><AGARI ba="1,1" hai="14,15,21,26,30,77,81,85" m="6217,59711" machi="81" ten="30,3000,0" yaku="8,1,54,1" doraHai="135" who="2" fromWho="2" sc="385,-11,177,-11,323,43,105,-11" /><INIT seed="2,2,0,0,3,64" ten="374,166,366,94" oya="2" hai0="118,81,70,84,19,56,100,95,4,33,52,115,134" hai1="18,47,13,77,98,35,55,23,21,121,85,3,15" hai2="20,125,114,31,53,66,43,0,29,106,86,2,50" hai3="83,128,80,126,25,30,79,102,27,65,109,82,42"/><V113/><F106/><W132/><G109/><T46/><D33/><U122/><E35/><V9/><F43/><W14/><G132/><T129/><D115/><U89/><E3/><V22/><F66/><W78/><G128/><T28/><D4/><U26/><E77/><V75/><F75/><W44/><G126/><T16/><D70/><U76/><E76/><V57/><F125/><W111/><G111/><T92/><D28/><N who="2" m="10826" /><F86/><W108/><G108/><T116/><D46/><U37/><E98/><V91/><F91/><W62/><G102/><T12/><D19/><U97/><E97/><V104/><F104/><W32/><G14/><T101/><D134/><U124/><E124/><V73/><F73/><W135/><G27/><T107/><D129/><U127/><E127/><V7/><F57/><W130/><G130/><T67/><D67/><U131/><E131/><V93/><F53/><W11/><G11/><N who="0" m="6175" /><D107/><U133/><E133/><V38/><F93/><N who="0" m="35914" /><D118/><U71/><E71/><V59/><F59/><W34/><G34/><T40/><D40/><U74/><E74/><V24/><F38/><W72/><G135/><T87/><D116/><U51/><E37/><V58/><F58/><W94/><G94/><T90/><D87/><U39/><E39/><V36/><F50/><AGARI ba="2,0" hai="50,52,56,81,84,90,100,101" m="35914,6175" machi="50" ten="30,3900,0" yaku="8,1,54,2" doraHai="64" who="0" fromWho="2" sc="374,45,166,0,366,-45,94,0" /><INIT seed="3,0,0,5,2,101" ten="419,166,321,94" oya="3" hai0="82,7,44,69,60,105,62,80,81,121,96,20,47" hai1="111,50,49,108,58,94,52,131,42,114,115,126,75" hai2="64,30,100,15,86,74,135,91,120,33,0,2,24" hai3="76,61,23,84,133,90,103,19,95,97,130,22,118"/><W17/><G118/><T40/><D121/><U128/><E94/><V93/><F135/><W39/><G133/><T21/><D7/><U36/><E75/><V83/><F120/><W102/><G39/><T25/><D69/><U3/><E3/><V70/><F15/><W124/><G130/><N who="1" m="49706" /><E126/><V73/><F73/><W1/><G1/><T129/><D129/><U4/><E4/><V92/><F92/><W66/><G124/><T72/><D72/><U125/><E36/><V46/><F46/><W67/><G76/><T65/><D65/><U43/><E125/><V38/><F38/><W13/><G102/><T116/><D116/><U112/><E49/><V10/><F10/><W71/><G67/><T106/><D82/><U18/><E18/><V113/><F113/><W54/><G54/><T6/><D6/><U122/><E122/><V32/><F32/><W12/><G103/><T35/><D35/><U119/><E119/><V56/><F70/><W99/><AGARI ba="0,0" hai="12,13,17,19,22,23,61,66,71,84,90,95,97,99" machi="99" ten="30,3000,0" yaku="0,1,9,1" doraHai="101" who="3" fromWho="3" sc="419,-10,166,-10,321,-10,94,30" /><INIT seed="3,1,0,1,3,38" ten="409,156,311,124" oya="3" hai0="32,131,129,132,94,45,31,98,72,50,100,1,27" hai1="68,87,102,130,51,34,79,12,134,118,110,6,99" hai2="39,108,128,92,46,21,0,107,93,5,77,76,30" hai3="73,97,88,16,7,70,60,61,56,48,49,23,29"/><W37/><G73/><T117/><D117/><U36/><E118/><V104/><F0/><W22/><G37/><T112/><D1/><U122/><E122/><V11/><F5/><W81/><G7/><T105/><D72/><U90/><E36/><V44/><F11/><W58/><G70/><T55/><D132/><U64/><E134/><V106/><F39/><W28/><G81/><T74/><D74/><U123/><E130/><N who="0" m="49673" /><D112/><U101/><E110/><V3/><F3/><W80/><G80/><T35/><D35/><U111/><E34/><V135/><F108/><W119/><G119/><T67/><D67/><U69/><E123/><V17/><F30/><W121/><G121/><T120/><D120/><U109/><E51/><N who="3" m="19530" /><G23/><T47/><D47/><U24/><E24/><V42/><F135/><W124/><G124/><T15/><D15/><U66/><E79/><V133/><F133/><W78/><G78/><T82/><D82/><U20/><E69/><V26/><F128/><W4/><G4/><T19/><D19/><N who="1" m="10343" /><E6/><V86/><F77/><W65/><G58/><T127/><D127/><U43/><E43/><V10/><F76/><W9/><G61/><T14/><D14/><U116/><E68/><V113/><F10/><W83/><G9/><T126/><D126/><U63/><E116/><V54/><F113/><W40/><G40/><T53/><D105/><U18/><E18/><V25/><F107/><W96/><G83/><T103/><D103/><U115/><E111/><V41/><F106/><W91/><G91/><T33/><D33/><U62/><E109/><V52/><F104/><RYUUKYOKU ba="1,0" sc="409,30,156,-10,311,-10,124,-10" hai0="27,31,32,45,50,53,55,94,98,100" /><INIT seed="4,2,0,0,4,22" ten="439,146,301,114" oya="0" hai0="104,18,60,56,30,36,113,0,26,37,39,107,81" hai1="74,40,4,66,124,45,32,57,101,10,120,24,1" hai2="79,78,135,16,58,41,92,94,87,34,19,17,84" hai3="115,55,53,28,112,116,114,130,46,121,117,69,134"/><T33/><D0/><U63/><E120/><V82/><F34/><W27/><G69/><T61/><D113/><N who="3" m="28929" /><W67/><DORA hai="105" /><G67/><T90/><D18/><U3/><E124/><V5/><F135/><W102/><G134/><T98/><D61/><U96/><E3/><V15/><F41/><W12/><G130/><T49/><D49/><U125/><E125/><V129/><F129/><W109/><G102/><T103/><D90/><U71/><E57/><V106/><F106/><W52/><G12/><T20/><D81/><U132/><E45/><V9/><F58/><W65/><G65/><T11/><D11/><U80/><E40/><V131/><F131/><W91/><G91/><T7/><D7/><U35/><E132/><V38/><F38/><W95/><G95/><T86/><D86/><U83/><E83/><AGARI ba="2,0" hai="5,9,15,16,17,19,78,79,82,83,84,87,92,94" machi="83" ten="40,5200,0" yaku="9,1,8,1,54,1" doraHai="22,105" who="2" fromWho="1" sc="439,0,146,-58,301,58,114,0" /><INIT seed="5,0,0,5,5,45" ten="439,88,359,114" oya="1" hai0="51,8,78,59,100,49,12,114,11,61,68,87,23" hai1="52,40,133,98,27,31,86,32,132,97,119,82,28" hai2="69,33,47,92,0,34,41,79,134,36,123,38,108" hai3="74,72,102,25,15,21,65,66,130,64,115,46,44"/><U83/><E119/><V20/><F92/><W57/><G102/><T2/><D68/><U10/><E10/><N who="0" m="3625" /><D114/><U3/><E3/><V112/><F20/><W7/><G15/><T18/><D100/><U58/><E40/><V110/><F79/><W117/><G7/><T1/><D2/><U14/><E14/><V29/><F29/><W76/><G115/><T71/><D71/><U94/><E31/><V50/><F0/><W111/><G111/><T80/><D1/><U118/><E118/><V13/><F69/><W131/><G117/><T89/><D78/><U91/><E83/><V62/><F62/><W120/><G57/><T88/><D89/><U5/><E5/><V48/><F13/><W9/><G9/><T17/><D18/><U84/><E84/><V55/><F112/><W43/><G120/><T16/><D17/><U54/><E54/><AGARI ba="0,0" hai="12,16,23,49,51,54,59,61,80,87,88" m="3625" machi="54" ten="30,8000,1" yaku="8,1,52,2,54,2" doraHai="45" who="0" fromWho="1" sc="439,80,88,-80,359,0,114,0" /><INIT seed="6,0,0,1,2,134" ten="519,8,359,114" oya="2" hai0="55,1,115,90,102,5,128,35,56,9,25,108,22" hai1="93,94,29,130,97,99,30,103,70,117,83,31,16" hai2="135,110,51,61,48,112,89,44,106,8,14,4,20" hai3="107,38,64,82,26,59,75,80,58,124,114,11,2"/><V76/><F112/><W113/><G107/><T15/><D115/><N who="3" m="44041" /><G38/><T36/><D128/><U72/><E117/><V111/><F106/><W109/><G109/><N who="2" m="41481" /><F135/><W116/><G116/><T34/><D102/><U73/><E130/><V40/><F76/><N who="3" m="44063" /><G82/><T71/><D71/><U24/><E70/><V50/><F20/><W105/><G105/><T45/><D35/><U77/><E73/><V7/><F7/><N who="3" m="1527" /><G64/><T65/><D65/><U3/><E3/><V129/><F129/><W33/><G124/><T88/><D34/><U19/><E24/><V86/><F61/><W84/><G84/><T54/><D108/><U46/><E46/><V68/><F68/><W126/><G126/><T37/><D37/><U95/><E103/><V53/><F53/><W125/><G125/><T122/><D55/><U23/><E23/><V52/><F52/><W120/><G120/><T13/><D122/><U42/><E42/><V6/><F6/><W27/><G27/><T43/><D25/><U12/><E12/><V60/><F60/><W104/><G104/><T57/><D15/><U67/><E67/><V47/><F47/><W49/><G49/><T101/><D54/><U41/><E41/><V131/><F131/><W66/><G66/><T85/><D45/><U133/><E133/><V78/><F78/><W127/><G127/><T18/><D43/><U123/><E123/><V17/><F4/><W91/><G91/><N who="0" m="34859" /><D101/><U87/><E72/><V74/><F74/><W92/><G92/><AGARI ba="0,0" hai="8,14,17,40,44,48,50,51,86,89,92" m="41481" machi="92" ten="30,1500,0" yaku="10,1" doraHai="134" who="2" fromWho="3" sc="519,0,8,0,359,15,114,-15" /><INIT seed="6,1,0,1,5,117" ten="519,8,374,99" oya="2" hai0="135,94,103,92,43,130,46,62,74,133,95,86,71" hai1="91,73,55,69,8,13,34,111,119,15,7,106,16" hai2="123,41,32,45,2,129,33,72,56,87,78,79,0" hai3="67,76,38,82,126,44,124,116,113,39,31,5,28"/><V57/><F129/><W120/><G67/><N who="0" m="41463" /><D74/><U37/><E69/><V99/><F99/><W131/><G116/><T115/><D115/><U26/><E37/><N who="3" m="13834" /><G113/><T96/><D86/><U49/><E73/><V27/><F72/><N who="3" m="43271" /><G44/><T66/><D66/><U14/><E106/><V107/><F107/><W1/><G131/><T35/><D35/><U17/><E119/><V21/><F87/><W23/><G28/><T77/><D77/><U48/><E111/><V105/><F105/><W52/><G23/><T121/><D130/><U81/><E34/><V36/><F33/><W100/><G31/><T30/><D30/><U85/><E7/><V125/><F32/><W11/><G100/><T104/><D46/><U98/><E98/><V114/><F114/><W88/><G52/><T63/><D43/><U80/><E80/><V93/><F93/><W75/><G88/><T53/><D95/><U70/><E70/><V29/><F79/><W9/><G9/><T102/><D94/><U128/><E49/><V10/><F78/><W58/><G58/><N who="0" m="35279" /><D103/><U97/><E97/><V109/><F109/><W40/><G40/><T112/><D112/><U19/><E128/><V60/><F10/><W4/><G4/><T101/><D102/><U83/><E83/><V51/><F56/><W22/><G22/><T132/><D104/><U134/><E134/><V68/><F36/><W90/><G90/><T24/><D24/><U47/><E19/><V50/><F41/><W54/><G75/><T65/><D65/><U84/><E85/><V6/><F45/><W18/><G18/><T118/><D118/><RYUUKYOKU ba="1,0" sc="519,15,8,15,374,-15,99,-15" hai0="92,96,101,121,132,133,135" hai1="8,13,14,15,16,17,26,47,48,55,81,84,91" /><INIT seed="7,2,0,5,3,123" ten="534,23,359,84" oya="3" hai0="44,2,114,93,45,85,25,50,4,119,100,108,46" hai1="12,9,54,27,70,52,89,63,19,28,109,79,90" hai2="95,122,42,83,106,49,80,36,61,104,60,38,53" hai3="71,0,91,6,92,24,116,75,125,94,73,16,124"/><W103/><G116/><T33/><D119/><U37/><E37/><V48/><F122/><W68/><G0/><T43/><D108/><U13/><E79/><V55/><F95/><W26/><G6/><T69/><D69/><N who="3" m="26697" /><G103/><T135/><D135/><U113/><E113/><V112/><REACH who="2" step="1"/><F42/><REACH who="2" ten="534,23,349,84" step="2"/><W47/><G94/><T39/><D114/><AGARI ba="2,1" hai="36,38,48,49,53,55,60,61,80,83,104,106,112,114" machi="114" ten="25,6400,0" yaku="1,1,2,1,22,2,53,0" doraHai="123" doraHaiUra="23" who="2" fromWho="0" sc="534,-70,23,0,349,80,84,0" owari="464,56.4,23,-47.7,429,22.9,84,-31.6" /></mjloggm>