<mjloggm ver="2.3"><GO type="41" lobby="0"/><UN n0="%E3%81%BD%E3%83%BC%E3%81%BF%E3%82%93" n1="%E2%93%9D%4C%75%63%6B%79%4A" n2="%E3%82%AB%E3%83%AB%E3%82%B3%E3%83%B3%31%30%31" n3="%73%61%74%6F%35%31" dan="14,15,13,14" rate="1925.82,2166.63,1855.41,1947.89" sx="M,M,M,F"/><TAIKYOKU oya="0"/><INIT seed="0,0,0,3,2,12" ten="250,250,250,250" oya="0" hai0="107,105,66,7,86,62,127,126,77,90,8,28,11" hai1="48,53,55,10,14,21,133,88,9,44,5,72,118" hai2="49,35,119,19,54,15,18,69,32,129,102,122,97" hai3="135,41,50,87,43,117,29,39,34,91,84,27,61"/><T132/><D132/><U74/><E133/><V92/><F69/><W38/><G135/><T93/><D28/><U114/><E118/><V95/><F122/><W108/><G117/><T94/><D77/><U40/><E114/><V131/><F95/><W109/><G61/><T101/><D93/><U22/><E74/><V45/><F119/><W3/><G3/><T124/><D101/><U64/><E64/><V0/><F0/><W71/><G71/><T96/><D96/><U37/><E72/><V59/><F45/><W33/><G50/><T113/><D113/><U67/><E67/><V75/><F75/><W98/><G98/><T115/><D115/><U2/><E55/><V70/><F70/><W89/><G27/><T51/><D51/><U99/><E99/><V76/><F76/><W57/><G29/><T25/><D25/><U130/><E130/><N who="2" m="49675" /><F15/><W6/><G57/><T134/><D134/><U31/><E31/><V78/><F78/><W58/><G58/><T106/><REACH who="0" step="1"/><D7/><AGARI ba="0,0" hai="6,7,33,34,38,39,41,43,84,87,89,91,108,109" machi="7" ten="25,1600,0" yaku="22,2" doraHai="12" who="3" fromWho="0" sc="250,-16,250,0,250,0,250,16" /><INIT seed="1,0,0,5,3,0" ten="234,250,250,266" oya="1" hai0="90,132,105,15,43,19,108,75,93,14,55,48,41" hai1="32,126,98,66,58,116,102,40,25,121,128,21,103" hai2="57,89,77,18,125,34,12,51,78,65,23,24,16" hai3="112,59,97,73,38,94,109,86,82,68,1,45,28"/><U62/><E121/><V135/><F34/><W76/><G109/><T70/><D108/><U31/><E116/><V63/><F135/><W113/><G68/><T110/><D110/><U10/><E126/><V88/><F125/><W8/><G59/><T119/><D105/><U20/><E128/><V74/><F51/><W37/><G28/><T56/><D75/><U127/><E127/><V115/><F115/><W122/><G86/><T64/><D132/><U29/><E40/><V61/><F74/><W3/><G122/><T4/><D64/><U5/><E31/><V118/><F118/><W80/><G80/><T131/><D70/><U130/><E130/><V124/><F77/><W52/><G38/><T17/><D17/><U9/><E10/><V7/><F7/><W49/><G37/><T91/><D91/><U117/><E117/><V11/><F78/><W22/><G22/><N who="0" m="11639" /><D131/><U72/><E72/><V104/><F104/><W87/><G73/><T84/><D119/><U79/><E79/><V107/><F107/><W44/><G44/><T69/><D69/><U114/><E114/><V101/><F101/><W133/><G133/><T106/><D106/><U6/><E103/><V81/><F81/><W120/><G120/><T27/><D27/><U129/><E129/><V50/><F124/><W33/><G33/><T134/><D134/><U35/><E35/><V60/><F50/><W99/><G113/><T85/><D85/><U53/><E32/><V111/><F111/><W100/><G112/><T96/><D96/><U83/><E98/><V47/><F47/><W71/><G97/><RYUUKYOKU ba="0,0" sc="234,15,250,-15,250,15,266,-15" hai0="4,15,41,43,48,55,56,84,90,93" hai2="11,12,16,18,23,24,57,60,61,63,65,88,89" /><INIT seed="2,1,0,4,0,127" ten="249,235,265,251" oya="2" hai0="50,128,96,10,88,91,29,85,125,46,93,43,82" hai1="23,22,129,120,65,119,26,74,122,97,16,56,34" hai2="104,0,55,90,95,9,132,69,77,7,51,75,31" hai3="18,108,118,60,3,14,48,53,101,100,36,11,27"/><V79/><F69/><W32/><G118/><T131/><D125/><U67/><E74/><V63/><F104/><W133/><G108/><T15/><REACH who="0" step="1"/><D29/><REACH who="0" ten="239,235,265,251" step="2"/><U57/><E119/><V8/><F31/><W6/><G133/><T47/><D47/><U39/><E122/><V12/><F132/><W5/><G36/><T41/><D41/><U80/><E39/><V115/><F115/><W62/><G6/><AGARI ba="1,1" hai="6,10,15,43,46,50,82,85,88,91,93,96,128,131" machi="6" ten="40,8000,1" yaku="1,1,52,2,54,1,53,0" doraHai="127" doraHaiUra="113" who="0" fromWho="3" sc="239,93,235,0,265,0,251,-83" /><INIT seed="3,0,0,5,0,134" ten="332,235,265,168" oya="3" hai0="75,69,41,79,10,14,64,81,18,2,107,76,123" hai1="71,8,16,80,91,1,21,109,40,27,58,127,87" hai2="20,4,54,88,56,101,63,86,34,117,50,121,15" hai3="78,39,84,29,111,44,7,52,46,51,49,70,110"/><W19/><G7/><T3/><D123/><U72/><E71/><V94/><F34/><W32/><G70/><T126/><D126/><U62/><E109/><N who="3" m="41482" /><G19/><T108/><D108/><U12/><E72/><V97/><F121/><W132/><G132/><T66/><D107/><U89/><E127/><V6/><F117/><W36/><G29/><T0/><D76/><U22/><E40/><V11/><F63/><W5/><G5/><T96/><D96/><U115/><E115/><V118/><F118/><W31/><G32/><T65/><REACH who="0" step="1"/><D41/><REACH who="0" ten="322,235,265,168" step="2"/><U128/><E128/><V53/><F53/><N who="3" m="29863" /><G31/><T105/><D105/><U106/><E106/><V113/><F113/><W25/><G25/><T77/><D77/><U124/><E124/><V26/><F26/><W103/><G103/><T83/><D83/><AGARI ba="0,1" hai="36,39,46,51,52,78,83,84" m="29863,41482" machi="83" ten="30,5800,0" yaku="14,1,10,1,54,1" doraHai="134" who="3" fromWho="0" sc="322,-58,235,0,265,0,168,68" /><INIT seed="3,1,0,0,5,25" ten="264,235,265,236" oya="3" hai0="24,116,85,51,103,29,90,114,1,112,100,17,87" hai1="128,68,63,41,67,4,64,8,95,10,130,94,40" hai2="60,101,108,34,22,42,0,56,134,58,9,92,115" hai3="104,78,15,44,113,97,3,57,98,16,118,80,70"/><W77/><G118/><T7/><D116/><U45/><E45/><V46/><F34/><W119/><G119/><T93/><D17/><U82/><E82/><V59/><F115/><N who="0" m="44074" /><D7/><U73/><E73/><V131/><F108/><W47/><G113/><T121/><D1/><U126/><E63/><V12/><F0/><W110/><G70/><T96/><D121/><U52/><E4/><V75/><F22/><N who="3" m="11551" /><G3/><T13/><D13/><U127/><REACH who="1" step="1"/><E68/><REACH who="1" ten="264,225,265,236" step="2"/><V69/><F75/><W31/><G110/><T61/><D61/><U50/><E50/><V125/><F69/><W38/><G38/><T99/><D51/><U76/><E76/><N who="3" m="29290" /><G80/><T21/><D103/><U74/><E74/><V55/><F101/><W36/><G36/><T86/><D99/><N who="3" m="37897" /><G104/><T14/><D14/><U37/><E37/><V18/><F92/><W20/><G57/><T91/><AGARI ba="1,1" hai="21,24,29,85,86,87,90,91,93,96,100" m="44074" machi="91" ten="40,2700,0" yaku="11,1,52,1" doraHai="25" who="0" fromWho="0" sc="264,40,225,-8,265,-8,236,-14" /><INIT seed="4,0,0,1,3,69" ten="304,217,257,222" oya="0" hai0="29,17,65,94,86,79,13,63,10,28,84,115,105" hai1="57,95,42,106,132,131,48,34,1,88,47,71,114" hai2="133,127,23,110,18,134,56,80,21,38,74,3,62" hai3="59,116,44,53,124,4,27,108,112,126,93,128,26"/><T30/><D115/><U73/><E106/><V43/><F3/><W130/><G112/><T40/><D105/><U61/><E114/><V97/><F110/><W83/><G108/><T35/><D40/><U70/><E34/><V2/><F2/><W101/><G116/><T123/><D123/><U51/><E73/><V109/><F109/><W119/><G119/><T85/><D94/><U113/><E1/><V67/><F127/><N who="3" m="48683" /><G83/><T104/><D104/><U76/><E76/><V50/><F38/><W77/><G77/><T99/><D99/><U125/><E131/><N who="3" m="50218" /><G4/><T32/><REACH who="0" step="1"/><D79/><REACH who="0" ten="294,217,257,222" step="2"/><U9/><E113/><V129/><F129/><W5/><G93/><T22/><D22/><U78/><E78/><V41/><F97/><W72/><G101/><T55/><D55/><U75/><E95/><V7/><F23/><W46/><G72/><T11/><D11/><U8/><E9/><V135/><F7/><W103/><G103/><T31/><N who="0" m="7168" /><DORA hai="90" /><T36/><D36/><U107/><E107/><V98/><F98/><W111/><G111/><T96/><D96/><U49/><E8/><V102/><F102/><W37/><G37/><T64/><D64/><N who="1" m="38959" /><E75/><V117/><F117/><W122/><G122/><T15/><D15/><U14/><E14/><V12/><F74/><W87/><G87/><T58/><AGARI ba="0,1" hai="10,13,17,32,35,58,63,65,84,85,86" m="7168" machi="58" ten="50,12000,1" yaku="1,1,0,1,53,3" doraHai="69,90" doraHaiUra="92,82" who="0" fromWho="0" sc="294,130,217,-40,257,-40,222,-40" /><INIT seed="4,1,0,2,3,67" ten="424,177,217,182" oya="0" hai0="25,21,110,24,60,113,17,72,94,28,14,56,37" hai1="103,83,35,115,129,8,1,73,134,16,133,135,96" hai2="131,13,59,117,118,52,80,57,4,102,79,127,61" hai3="116,69,0,81,51,95,64,11,126,40,76,33,125"/><T132/><D72/><U2/><E35/><V22/><F131/><W123/><G33/><T89/><D37/><U74/><E129/><V121/><F121/><W71/><G123/><T112/><D132/><U106/><E115/><V43/><F43/><W53/><G40/><T38/><D38/><U85/><E2/><V10/><F102/><W82/><G116/><T128/><D128/><U99/><E1/><V12/><F127/><N who="3" m="48651" /><G95/><T107/><D107/><U75/><E8/><V15/><F22/><W120/><G120/><T78/><D78/><U9/><E9/><V86/><REACH who="2" step="1"/><F59/><REACH who="2" ten="424,177,207,182" step="2"/><N who="3" m="33215" /><G76/><T26/><D112/><U36/><E36/><V98/><F98/><W62/><G11/><N who="0" m="6367" /><D113/><U130/><E130/><V18/><F18/><W66/><G0/><AGARI ba="1,1" hai="0,4,10,12,13,15,52,57,61,79,80,86,117,118" machi="0" ten="40,2600,0" yaku="1,1,54,1,53,0" doraHai="67" doraHaiUra="109" who="2" fromWho="3" sc="424,0,177,0,207,39,182,-29" /><INIT seed="5,0,0,2,3,29" ten="424,177,246,153" oya="1" hai0="118,113,101,9,127,103,98,97,102,95,14,65,104" hai1="30,18,96,68,35,60,93,132,25,82,50,28,46" hai2="71,84,3,76,99,57,10,115,0,89,105,121,66" hai3="81,32,78,117,92,23,2,133,80,42,88,41,130"/><U63/><E132/><V48/><F71/><W116/><G130/><T44/><D118/><N who="3" m="45673" /><G133/><T120/><D113/><U11/><E30/><V15/><F76/><W33/><G2/><T43/><D127/><U91/><E68/><V53/><F66/><W108/><G108/><T111/><D111/><U70/><E70/><V8/><F8/><W107/><G23/><T112/><D112/><U83/><E18/><V94/><F115/><W39/><G107/><T34/><D65/><U122/><E122/><V73/><F73/><N who="3" m="43087" /><G81/><T110/><D110/><U36/><E36/><V67/><F67/><W62/><G62/><T64/><D64/><U86/><E11/><V7/><REACH who="2" step="1"/><F121/><REACH who="2" ten="424,177,236,153" step="2"/><W87/><G39/><T77/><D120/><U38/><E38/><V128/><F128/><W13/><G13/><T124/><D77/><U119/><E119/><V54/><F54/><W131/><G131/><T100/><D14/><U20/><E20/><V56/><F56/><W90/><G90/><T49/><D9/><U129/><E129/><V134/><F134/><W75/><G75/><T58/><D58/><U16/><E83/><V24/><F24/><W40/><AGARI ba="0,1" hai="32,33,40,41,42,87,88,92" m="43087,45673" machi="40" ten="30,7900,0" yaku="12,1,52,2,54,1" doraHai="29" who="3" fromWho="3" sc="424,-20,177,-39,236,-20,153,89" /><INIT seed="6,0,0,2,1,59" ten="404,138,216,242" oya="2" hai0="130,41,97,37,122,38,115,104,6,121,4,105,25" hai1="56,34,60,22,71,111,0,33,120,81,114,93,96" hai2="116,133,40,9,31,14,91,70,23,129,85,108,131" hai3="86,83,55,32,43,5,28,80,76,99,54,3,51"/><V27/><F70/><W1/><G43/><T103/><D25/><U49/><E111/><V82/><F116/><W19/><G99/><T42/><D97/><U119/><E0/><V89/><F40/><N who="0" m="15466" /><D103/><U107/><E114/><V8/><F108/><W7/><G32/><T16/><D16/><U90/><E120/><N who="0" m="46185" /><D130/><N who="2" m="49674" /><F133/><W124/><G124/><T61/><D61/><U112/><E112/><V62/><F62/><W44/><G28/><T35/><D35/><U74/><E34/><N who="2" m="20863" /><F91/><W13/><G1/><T53/><D53/><U128/><E33/><V68/><F68/><W75/><G3/><T117/><D115/><U127/><E71/><V58/><F58/><W78/><G55/><T52/><D52/><U30/><E128/><V63/><F63/><W84/><REACH who="3" step="1"/><G75/><REACH who="3" ten="404,138,216,232" step="2"/><T118/><D117/><U135/><E74/><V126/><F126/><W132/><G132/><T39/><D118/><U113/><E127/><V11/><F23/><AGARI ba="0,1" hai="5,7,13,19,23,44,51,54,76,78,80,83,84,86" machi="23" ten="30,7700,0" yaku="1,1,7,1,9,1,8,1,53,0" doraHai="59" doraHaiUra="64" who="3" fromWho="2" sc="404,0,138,0,216,-77,232,87" /><INIT seed="7,0,0,0,5,56" ten="404,138,139,319" oya="3" hai0="103,42,64,77,52,38,124,105,114,50,54,40,61" hai1="20,80,1,76,104,27,44,28,48,26,43,86,126" hai2="95,130,11,14,111,120,113,17,94,58,117,101,47" hai3="62,12,74,112,8,122,70,15,89,87,2,88,132"/><W67/><G122/><T45/><D77/><U55/><E126/><V59/><F111/><W109/><G112/><T24/><D24/><U35/><E1/><V100/><F117/><W90/><G132/><T23/><D23/><U16/><REACH who="1" step="1"/><E104/><REACH who="1" ten="404,128,139,319" step="2"/><V13/><F120/><W5/><G109/><T99/><D124/><U92/><E92/><N who="2" m="35371" /><F130/><W115/><G115/><T78/><D78/><U81/><E81/><V49/><F113/><W82/><REACH who="3" step="1"/><G74/><REACH who="3" ten="404,128,139,309" step="2"/><T19/><D114/><U119/><E119/><V9/><F101/><W123/><G123/><T32/><D103/><U60/><E60/><V125/><F100/><W37/><G37/><T18/><D61/><U22/><E22/><V133/><F125/><W41/><G41/><AGARI ba="0,2" hai="16,20,26,27,28,35,41,43,44,48,55,76,80,86" machi="41" ten="40,5200,0" yaku="1,1,54,1,53,1" doraHai="56" doraHaiUra="30" who="1" fromWho="3" sc="404,0,128,72,139,0,309,-52" owari="404,50.4,200,-20.0,139,-36.1,257,5.7" /></mjloggm>