<mjloggm ver="2.3"><GO type="41" lobby="0"/><UN n0="%2D%34%37%33%30%30" n1="%E2%93%9D%4C%75%63%6B%79%4A" n2="%4D%72%2E%E3%82%AB%E3%83%B3" n3="%E9%9B%AA%E3%81%AE%E6%A1%9C" dan="14,18,15,13" rate="1984.00,2198.38,1983.96,1846.55" sx="M,M,M,M"/><TAIKYOKU oya="0"/><INIT seed="0,0,0,3,3,35" ten="250,250,250,250" oya="0" hai0="39,101,130,98,94,59,116,74,12,79,52,95,1" hai1="49,45,28,77,29,30,99,86,122,43,4,63,9" hai2="103,106,10,65,100,60,73,21,89,44,128,113,118" hai3="23,36,120,24,87,53,117,6,57,68,124,90,84"/><T58/><D116/><U114/><E122/><V104/><F113/><W18/><G117/><T75/><D39/><U134/><E114/><V51/><F73/><W109/><G68/><T107/><D130/><U93/><E134/><V123/><F118/><W7/><G109/><T17/><D59/><U127/><E127/><V47/><F123/><W19/><G36/><T34/><D34/><U133/><E133/><V115/><F115/><W38/><G38/><T96/><D1/><U80/><E63/><V135/><F135/><W40/><G40/><T67/><D67/><U131/><E131/><V83/><F21/><W88/><G124/><T105/><D105/><U3/><REACH who="1" step="1"/><E30/><REACH who="1" ten="250,240,250,250" step="2"/><V69/><F128/><W81/><G120/><T20/><D107/><U61/><E61/><V129/><F129/><W13/><G18/><T37/><D37/><U41/><E41/><V22/><F106/><W126/><G126/><T71/><D71/><U8/><E8/><V119/><F10/><W62/><REACH who="3" step="1"/><G24/><REACH who="3" ten="250,240,250,240" step="2"/><T55/><D17/><U112/><E112/><V5/><F119/><W97/><G97/><T0/><D98/><U15/><E15/><V72/><F69/><W70/><G70/><T64/><D12/><U82/><E82/><AGARI ba="0,2" hai="6,7,13,19,23,53,57,62,81,82,84,87,88,90" machi="82" ten="30,8000,1" yaku="1,1,7,1,9,1,8,1,54,1,53,0" doraHai="35" doraHaiUra="125" who="3" fromWho="1" sc="250,0,240,-80,250,0,240,100" /><INIT seed="1,0,0,2,4,115" ten="250,160,250,340" oya="1" hai0="4,68,130,42,70,94,15,83,16,53,132,17,101" hai1="40,91,133,22,92,81,66,123,109,90,30,67,107" hai2="29,28,43,106,64,36,129,24,72,41,110,12,95" hai3="119,78,33,27,14,85,105,87,21,25,60,128,114"/><U45/><E123/><V88/><F72/><W34/><G105/><T58/><D132/><U20/><E107/><V10/><F106/><W131/><G114/><T112/><D112/><U57/><E133/><V100/><F100/><W2/><G2/><T134/><D134/><U97/><E109/><V122/><F122/><W102/><G102/><T31/><D42/><U39/><E30/><V13/><F110/><W135/><G135/><T127/><D130/><N who="3" m="49705" /><G60/><T82/><D31/><U0/><E0/><V84/><F64/><W56/><G56/><T55/><D68/><U26/><E57/><V63/><F63/><W37/><G37/><T73/><D70/><U99/><E81/><V5/><F12/><W49/><G49/><T23/><D4/><U59/><E59/><V76/><F76/><W50/><G50/><T7/><D7/><U11/><E11/><V19/><F129/><W93/><G93/><T46/><D46/><U116/><E26/><N who="3" m="9738" /><G78/><T18/><D58/><U61/><E61/><V118/><F118/><W32/><G119/><T104/><D94/><N who="1" m="56799" /><E116/><V62/><F62/><W80/><G80/><T47/><D83/><U71/><E71/><V79/><F79/><W54/><G54/><T89/><D82/><U108/><E108/><V126/><F36/><W117/><G117/><T111/><D104/><U103/><E103/><V44/><F43/><W38/><G38/><T77/><D101/><U75/><E75/><V74/><F74/><W51/><G51/><T113/><D73/><U98/><E98/><V86/><F41/><W65/><G65/><N who="1" m="24586" /><E39/><V6/><F44/><RYUUKYOKU ba="0,0" sc="250,-15,160,15,250,-15,340,15" hai1="20,22,40,45,90,92,97" hai3="14,21,32,33,34,85,87" /><INIT seed="1,1,0,1,2,37" ten="235,175,235,355" oya="1" hai0="133,79,19,58,57,28,88,10,121,35,117,67,91" hai1="123,17,48,83,13,41,64,130,81,70,50,21,82" hai2="106,55,131,129,4,60,108,18,118,29,103,44,36" hai3="69,14,100,43,84,42,16,65,27,30,40,24,38"/><U61/><E123/><V66/><F118/><W98/><G38/><T104/><D117/><U78/><E130/><N who="2" m="49675" /><F108/><W97/><G69/><T20/><D121/><U8/><E78/><V33/><F4/><W2/><G2/><T53/><D104/><U99/><E99/><N who="3" m="37898" /><G65/><T46/><D35/><U39/><REACH who="1" step="1"/><E8/><REACH who="1" ten="235,165,235,355" step="2"/><V89/><F106/><W115/><G115/><T126/><D10/><U122/><E122/><V110/><F103/><W112/><G112/><T134/><D79/><U85/><E85/><V47/><F89/><W3/><G100/><T71/><D91/><U31/><E31/><V9/><F29/><W120/><G120/><T0/><D88/><U128/><E128/><V54/><F110/><W52/><G30/><T125/><D28/><U87/><E87/><V92/><F92/><W94/><G84/><T34/><D133/><U102/><E102/><V25/><F9/><N who="3" m="6223" /><G94/><T76/><D134/><U90/><E90/><V56/><F33/><W45/><G3/><T23/><D0/><U72/><E72/><V75/><F75/><W96/><G96/><T22/><D76/><U80/><N who="1" m="20480" /><DORA hai="107" /><U63/><E63/><V11/><F11/><W86/><G86/><T12/><D125/><U15/><E15/><V114/><F114/><W116/><G116/><T49/><D126/><U77/><E77/><V59/><F25/><W119/><G119/><T95/><D95/><U111/><E111/><V124/><F124/><W26/><G26/><T101/><D101/><U73/><E73/><V132/><F132/><W105/><G105/><T113/><D113/><U127/><E127/><RYUUKYOKU ba="1,1" sc="235,-15,165,15,235,-15,355,15" hai1="13,17,21,39,41,48,50,61,64,70" hai3="24,27,40,42,43,45,52" /><INIT seed="1,2,1,4,3,56" ten="220,180,220,370" oya="1" hai0="132,43,87,92,54,81,95,69,47,64,5,38,78" hai1="126,35,90,58,52,125,37,71,67,31,65,70,99" hai2="25,79,85,18,101,21,110,103,97,124,118,75,48" hai3="119,3,13,127,121,7,4,130,34,80,89,74,10"/><U51/><E31/><V63/><F118/><W105/><G105/><T129/><D129/><U46/><E35/><V117/><F117/><W96/><G121/><T113/><D113/><U39/><E90/><V29/><F75/><W1/><G127/><N who="1" m="48650" /><E99/><V72/><F72/><W82/><G130/><T102/><D132/><U23/><E23/><V76/><F124/><W55/><G34/><T0/><D102/><U11/><E11/><V19/><F110/><W14/><G74/><T12/><D0/><U6/><E6/><V15/><F19/><W115/><G115/><T100/><D100/><U17/><E17/><V53/><F85/><W116/><G96/><T27/><D27/><U108/><E108/><V112/><F112/><W111/><G111/><T30/><D30/><U41/><E39/><V106/><F103/><W107/><G89/><T49/><D12/><U16/><E16/><V57/><REACH who="2" step="1"/><F48/><REACH who="2" ten="220,180,210,370" step="2"/><W128/><G128/><T94/><D5/><U84/><E84/><V104/><F104/><W8/><G107/><T42/><D38/><U109/><E109/><V22/><AGARI ba="2,2" hai="15,18,21,22,25,29,53,57,63,76,79,97,101,106" machi="22" ten="20,5200,0" yaku="1,1,0,1,7,1,52,1,53,0" doraHai="56" doraHaiUra="68" who="2" fromWho="2" sc="220,-15,180,-28,210,78,370,-15" /><INIT seed="2,0,0,5,1,114" ten="205,152,288,355" oya="2" hai0="12,47,122,87,130,104,65,83,55,97,21,48,26" hai1="37,57,134,70,58,110,81,113,24,10,66,38,96" hai2="109,53,82,76,22,11,35,124,121,95,72,49,54" hai3="63,135,69,79,125,42,102,92,25,94,91,106,34"/><V129/><F121/><W50/><G79/><T73/><D122/><U68/><E10/><V85/><F35/><W118/><G125/><T62/><D130/><U60/><E96/><V128/><F124/><W101/><G135/><T1/><D1/><U133/><E24/><V116/><F116/><W105/><G50/><T19/><D73/><U7/><E7/><V46/><F109/><W3/><G42/><T41/><D104/><U29/><E29/><V16/><F11/><W80/><G63/><T112/><D97/><U90/><E90/><V56/><F95/><W20/><G69/><N who="1" m="26730" /><E81/><V126/><F72/><W88/><G34/><T77/><D112/><U75/><E75/><V64/><F64/><W0/><G25/><T93/><D93/><U117/><E117/><V99/><F99/><W32/><G32/><T84/><D84/><U52/><E113/><V2/><F2/><W30/><G20/><T23/><D41/><U18/><E18/><V115/><F115/><W100/><G100/><T8/><D26/><U78/><E78/><V51/><REACH who="2" step="1"/><F126/><REACH who="2" ten="205,152,278,355" step="2"/><W71/><G118/><T27/><D27/><AGARI ba="0,1" hai="16,22,27,46,49,51,53,54,56,76,82,85,128,129" machi="27" ten="40,7700,0" yaku="1,1,2,1,54,1,53,0" doraHai="114" doraHaiUra="119" who="2" fromWho="0" sc="205,-77,152,0,278,87,355,0" /><INIT seed="2,1,0,3,0,100" ten="128,152,365,355" oya="2" hai0="57,77,15,87,130,118,65,1,22,62,59,28,112" hai1="82,81,131,42,35,30,132,71,64,76,133,106,110" hai2="116,5,67,109,98,8,96,29,20,18,75,84,44" hai3="70,113,99,73,134,21,61,32,92,31,4,50,119"/><V135/><F116/><W55/><G119/><T37/><D112/><U101/><E42/><V54/><F75/><W3/><G73/><T6/><D118/><U56/><E56/><V90/><F67/><W104/><G134/><N who="1" m="51818" /><E110/><V19/><F135/><W85/><G32/><T52/><D1/><U27/><E76/><V7/><F109/><W72/><G72/><T103/><D130/><U26/><E27/><N who="2" m="16615" /><F8/><W88/><G113/><T108/><D103/><U17/><E17/><N who="2" m="6155" /><F44/><W86/><G70/><T74/><D74/><U43/><E43/><V128/><F54/><W0/><G55/><T83/><D108/><U117/><E131/><V89/><F128/><W115/><G115/><T40/><D40/><U121/><E121/><V45/><F45/><W33/><G3/><T12/><D37/><U49/><E49/><V51/><F51/><W66/><G50/><N who="0" m="30871" /><D6/><N who="2" m="2058" /><F89/><W107/><G4/><T79/><D79/><U127/><E117/><V78/><F78/><W120/><G0/><T10/><D10/><U114/><E114/><V48/><F48/><W123/><G123/><T2/><D2/><U41/><E41/><V94/><AGARI ba="1,0" hai="84,90,94,96,98" m="2058,6155,16615" machi="94" ten="30,1500,0" yaku="8,1" doraHai="100" who="2" fromWho="2" sc="128,-6,152,-6,365,18,355,-6" /><INIT seed="2,2,0,5,4,133" ten="122,146,383,349" oya="2" hai0="74,69,105,103,134,130,132,24,54,18,60,72,13" hai1="108,56,41,12,88,40,109,22,121,66,19,84,135" hai2="15,50,38,65,0,82,119,34,4,129,90,23,96" hai3="70,117,52,42,111,36,79,46,61,47,81,17,49"/><V114/><F38/><W6/><G111/><N who="1" m="42570" /><E135/><N who="0" m="51753" /><D130/><U112/><E112/><V51/><F34/><W77/><G117/><T59/><D69/><U95/><E121/><V27/><F114/><W48/><G6/><T53/><D24/><U16/><E19/><V33/><F129/><W43/><G17/><T118/><D118/><U116/><E116/><V126/><F33/><W68/><G79/><T91/><D103/><U57/><E66/><V39/><F39/><W128/><G128/><T89/><D105/><U110/><N who="1" m="42578" /><U45/><DORA hai="127" /><E41/><V92/><F0/><W73/><REACH who="3" step="1"/><G61/><REACH who="3" ten="122,146,383,339" step="2"/><T78/><D78/><U58/><E40/><V93/><F119/><W75/><G75/><N who="0" m="28715" /><D53/><U37/><E37/><V102/><F4/><W64/><G64/><T8/><AGARI ba="2,1" hai="8,13,18,54,59,60,89,91" m="28715,51753" machi="8" ten="30,1100,0" yaku="20,1" doraHai="133,127" who="0" fromWho="0" sc="122,27,146,-5,383,-7,339,-5" /><INIT seed="3,0,0,3,4,69" ten="149,141,376,334" oya="3" hai0="42,67,97,5,101,57,40,27,98,25,14,68,100" hai1="0,93,22,49,9,94,43,17,95,125,30,55,16" hai2="111,129,52,118,130,59,4,31,106,89,74,23,61" hai3="135,105,82,47,62,108,39,126,11,96,75,13,78"/><W131/><G131/><N who="2" m="50185" /><F74/><W122/><G122/><T3/><D68/><U84/><E125/><V119/><F106/><W28/><G126/><T7/><D3/><U12/><E43/><V73/><F73/><W79/><G135/><T56/><REACH who="0" step="1"/><D14/><REACH who="0" ten="139,141,376,334" step="2"/><U29/><E0/><V113/><F119/><W87/><G13/><T133/><D133/><U88/><E17/><V124/><F118/><W54/><G28/><N who="1" m="10858" /><E9/><V65/><F31/><W114/><G11/><T128/><D128/><U10/><E10/><V63/><F124/><W8/><G8/><T99/><D99/><U64/><E64/><AGARI ba="0,1" hai="5,7,25,27,40,42,56,57,64,67,97,98,100,101" machi="64" ten="25,6400,0" yaku="1,1,22,2,8,1,53,0" doraHai="69" doraHaiUra="127" who="0" fromWho="1" sc="139,74,141,-64,376,0,334,0" /><INIT seed="4,0,0,3,0,15" ten="213,77,376,334" oya="0" hai0="72,69,49,9,127,64,82,85,18,118,34,11,113" hai1="129,83,54,76,108,1,37,32,80,111,125,123,5" hai2="88,66,55,65,13,91,16,68,25,31,62,131,0" hai3="39,90,19,46,28,26,70,33,102,135,35,134,112"/><T36/><D118/><U100/><E32/><V133/><F0/><W24/><G70/><T126/><D36/><U105/><E54/><V52/><F66/><W124/><G102/><T59/><D72/><U71/><E5/><V77/><F77/><W132/><G90/><T8/><D34/><U45/><E1/><V12/><F12/><W84/><G84/><T120/><D120/><U121/><E45/><V93/><F133/><W6/><G112/><T47/><D69/><U40/><E40/><V17/><F131/><W97/><G97/><T92/><D92/><U58/><E58/><N who="2" m="37079" /><F31/><N who="3" m="19703" /><G46/><T23/><D113/><U30/><E71/><V128/><F128/><W75/><G75/><T44/><D127/><U114/><E125/><V7/><F68/><W96/><G96/><T53/><D64/><U50/><E114/><V95/><F7/><W87/><G87/><T10/><N who="0" m="2048" /><DORA hai="119" /><T14/><REACH who="0" step="1"/><D126/><REACH who="0" ten="203,77,376,334" step="2"/><U41/><E129/><V98/><F95/><W74/><G124/><T48/><D48/><U94/><E50/><V104/><F104/><W2/><G74/><T130/><D130/><U67/><E105/><V21/><F91/><AGARI ba="0,1" hai="14,18,23,44,47,49,53,59,82,85,91" m="2048" machi="91" ten="50,9600,0" yaku="1,1,8,1,52,1,53,0" doraHai="15,119" doraHaiUra="122,29" who="0" fromWho="2" sc="203,106,77,0,376,-96,334,0" /><INIT seed="4,1,0,5,4,20" ten="309,77,280,334" oya="0" hai0="120,26,98,61,130,125,126,63,13,132,58,54,109" hai1="50,9,94,0,60,56,124,134,107,41,108,118,86" hai2="93,106,100,66,48,8,2,67,27,51,89,135,28" hai3="40,127,112,46,70,55,23,5,115,76,17,90,114"/><T4/><D120/><U101/><E108/><V18/><F135/><W81/><G70/><T33/><D109/><U12/><E0/><V91/><F91/><W24/><G127/><N who="0" m="48651" /><D132/><U37/><E37/><V78/><F78/><W102/><G102/><T84/><D130/><U131/><E107/><V7/><F18/><W119/><G5/><T99/><D84/><U96/><E118/><V1/><F1/><W65/><G65/><T22/><D33/><U73/><E73/><V68/><F67/><W104/><G104/><T35/><D35/><U110/><E131/><V69/><F69/><W117/><G55/><T103/><D63/><U14/><E134/><V53/><F53/><W57/><G57/><T79/><D79/><U113/><E113/><V95/><F106/><W3/><G90/><T10/><D103/><U32/><E32/><V59/><F68/><W62/><G62/><T82/><D82/><U87/><E110/><V116/><F116/><W6/><G6/><T85/><D85/><U21/><E87/><V52/><F66/><W74/><REACH who="3" step="1"/><G3/><REACH who="3" ten="309,77,280,324" step="2"/><T71/><D71/><U111/><E111/><V49/><F100/><W44/><G44/><T80/><D80/><U38/><E101/><V97/><REACH who="2" step="1"/><F93/><REACH who="2" ten="309,77,270,324" step="2"/><W45/><G45/><T105/><D105/><U42/><E124/><V47/><F47/><W11/><G11/><T16/><AGARI ba="1,2" hai="4,10,13,16,22,26,54,58,61,98,99" m="48651" machi="16" ten="30,6000,0" yaku="18,1,52,1,54,1" doraHai="20" who="0" fromWho="0" sc="309,83,77,-21,270,-21,324,-21" /><INIT seed="4,2,0,3,1,3" ten="392,56,249,303" oya="0" hai0="60,18,94,21,62,69,38,86,40,2,48,67,134" hai1="113,39,104,17,96,66,122,115,97,49,64,90,121" hai2="11,131,20,99,63,46,128,41,70,71,14,76,31" hai3="105,116,106,7,61,51,114,28,93,29,111,24,132"/><T72/><D134/><U53/><E17/><N who="2" m="8415" /><F76/><W120/><G111/><T73/><D38/><U27/><E27/><N who="2" m="16871" /><F99/><N who="1" m="37961" /><E39/><N who="2" m="21823" /><F63/><W102/><G61/><T78/><D2/><U1/><E1/><V135/><F135/><W59/><G132/><T5/><D5/><U124/><E104/><V55/><F55/><W81/><G105/><T95/><D62/><U33/><E33/><V9/><F9/><W13/><G106/><T16/><D18/><U75/><E75/><V118/><F118/><W92/><G116/><T30/><D30/><U15/><E15/><V126/><F126/><W65/><G13/><T58/><D73/><U47/><E124/><V125/><F125/><W127/><G127/><T37/><D72/><U34/><E34/><V108/><F108/><W4/><G28/><T88/><D78/><U12/><E12/><V44/><F44/><W22/><G29/><T42/><D37/><U129/><E90/><V84/><F84/><W43/><G24/><N who="0" m="14375" /><D69/><U101/><E101/><V35/><F35/><W110/><G102/><T109/><D109/><U0/><E0/><V133/><F133/><W6/><G110/><T85/><D48/><U52/><E49/><V79/><F79/><W36/><G36/><T107/><D107/><U89/><E89/><AGARI ba="2,0" hai="40,42,58,60,67,85,86,88,89,94,95" m="14375" machi="89" ten="30,5800,0" yaku="8,1,54,2" doraHai="3" who="0" fromWho="1" sc="392,64,56,-64,249,0,303,0" owari="456,55.6,-8,-50.8,249,-15.1,303,10.3" /></mjloggm>