<mjloggm ver="2.3"><GO type="41" lobby="0"/><UN n0="%E4%BB%A5%E5%A5%B3%E7%A5%9E%E4%B9%8B%E5%90%8D%E8%A8%B1%E9%A1%98" n1="%E5%9C%B0%E7%8D%84%E3%83%A2%E3%83%BC%E3%83%89%E5%A2%97%E9%87%8F%E4%B8%AD" n2="%E2%93%9D%4C%75%63%6B%79%4A" n3="%E3%82%B9%E3%82%BA%E3%83%A4" dan="14,13,17,15" rate="1925.71,1812.21,2138.22,2036.74" sx="M,M,M,M"/><TAIKYOKU oya="0"/><INIT seed="0,0,0,4,1,92" ten="250,250,250,250" oya="0" hai0="124,59,97,83,122,129,106,103,102,95,28,88,1" hai1="133,70,52,110,130,62,69,49,14,109,86,5,121" hai2="32,20,125,61,76,57,132,3,65,108,107,16,46" hai3="55,126,60,12,68,11,79,40,25,42,87,85,17"/><T75/><D75/><U4/><BYE who="0" /><E121/><UN n0="%E4%BB%A5%E5%A5%B3%E7%A5%9E%E4%B9%8B%E5%90%8D%E8%A8%B1%E9%A1%98" /><V43/><F32/><W50/><G126/><T117/><D1/><U29/><E29/><V13/><F125/><W104/><G104/><T22/><D124/><U54/><E130/><V90/><F108/><N who="1" m="41577" /><E133/><V66/><F107/><W31/><G60/><T116/><D122/><U115/><E115/><V112/><F3/><W135/><G68/><N who="1" m="26218" /><E86/><V8/><F112/><W33/><G135/><T100/><D129/><U0/><E0/><V48/><F132/><W105/><G105/><T58/><D106/><U101/><E101/><V72/><F72/><W89/><G79/><T111/><D111/><U80/><E80/><V99/><F76/><W9/><G85/><N who="0" m="50239" /><D116/><U91/><E91/><V51/><F66/><W10/><G10/><T7/><D7/><U45/><E14/><V71/><F71/><W38/><G9/><T21/><D117/><U53/><E62/><V96/><F90/><W37/><G37/><T118/><D118/><U73/><E73/><V27/><REACH who="2" step="1"/><F51/><REACH who="2" ten="250,250,240,250" step="2"/><W67/><G38/><T63/><D63/><U15/><E15/><V93/><F93/><W82/><REACH who="3" step="1"/><G67/><REACH who="3" ten="250,250,240,240" step="2"/><T94/><D103/><U77/><E77/><V2/><F2/><W41/><G41/><AGARI ba="0,2" hai="4,5,41,45,49,52,53,54" m="26218,41577" machi="41" ten="40,2600,0" yaku="14,1,54,1" doraHai="92" who="1" fromWho="3" sc="250,0,250,46,240,0,240,-26" /><INIT seed="1,0,0,4,3,105" ten="250,296,240,214" oya="1" hai0="114,23,65,113,124,75,25,3,94,55,106,115,39" hai1="16,118,43,91,26,131,11,80,111,64,10,6,63" hai2="13,71,73,129,44,77,66,110,125,47,53,128,81" hai3="48,90,102,41,134,92,101,108,56,0,34,29,46"/><U62/><E118/><V100/><F100/><W121/><G121/><T33/><D106/><U68/><E131/><N who="2" m="50251" /><F110/><W14/><G0/><T50/><D39/><U130/><E130/><V98/><F98/><W37/><G108/><T61/><D3/><U126/><E126/><V127/><F13/><W93/><G134/><T21/><D124/><N who="2" m="47690" /><F53/><W24/><G14/><T52/><D33/><U59/><E111/><V18/><F18/><W84/><REACH who="3" step="1"/><G93/><REACH who="3" ten="250,296,240,204" step="2"/><T12/><D94/><U45/><E80/><V86/><F86/><W58/><G58/><T123/><D12/><U9/><E26/><V40/><F40/><W132/><G132/><T117/><D25/><U107/><E107/><V15/><F15/><W5/><G5/><T38/><D115/><U70/><E6/><V89/><F89/><W78/><G78/><T22/><D114/><U103/><E91/><V49/><F49/><W79/><G79/><T35/><D50/><U19/><E103/><V116/><F116/><W4/><G4/><T2/><D117/><U109/><E109/><V97/><F97/><W54/><AGARI ba="0,1" hai="24,29,34,37,41,46,48,54,56,84,90,92,101,102" machi="54" ten="30,4000,0" yaku="1,1,0,1,53,1" doraHai="105" doraHaiUra="83" who="3" fromWho="3" sc="250,-10,296,-20,240,-10,204,50" /><INIT seed="2,0,0,1,0,45" ten="240,276,230,254" oya="2" hai0="69,40,24,12,37,77,107,22,78,35,110,32,92" hai1="1,132,80,67,55,134,15,90,41,81,54,85,64" hai2="108,53,9,51,74,98,16,86,95,71,3,125,20" hai3="87,75,61,76,133,31,14,116,96,105,117,66,13"/><V97/><F74/><W100/><G133/><N who="1" m="51306" /><E1/><V21/><F71/><W49/><G75/><T19/><D107/><U102/><E41/><V130/><F130/><W119/><G31/><T73/><D69/><U118/><E118/><V65/><F125/><W58/><REACH who="3" step="1"/><G49/><REACH who="3" ten="240,276,230,244" step="2"/><T50/><D50/><U99/><E80/><AGARI ba="0,1" hai="13,14,58,61,66,76,80,87,96,100,105,116,117,119" machi="80" ten="40,2600,0" yaku="1,1,2,1,53,0" doraHai="45" doraHaiUra="46" who="3" fromWho="1" sc="240,0,276,-26,230,0,244,36" /><INIT seed="3,0,0,4,2,10" ten="240,250,230,280" oya="3" hai0="83,86,67,112,38,5,114,68,31,60,90,26,79" hai1="105,64,54,14,95,92,93,8,36,32,84,27,17" hai2="65,18,97,44,39,122,21,57,135,42,9,104,89" hai3="20,101,107,7,72,100,110,69,116,33,85,128,134"/><W77/><G116/><T15/><D38/><U13/><E105/><V78/><F135/><W76/><G33/><T1/><D1/><U62/><E36/><V48/><F122/><W124/><G134/><T40/><D40/><U130/><E32/><V129/><F78/><W73/><G69/><T120/><D120/><U50/><E130/><V127/><F127/><W71/><G71/><T133/><D133/><U103/><E27/><V102/><F129/><W46/><G128/><T25/><D25/><U61/><E64/><V125/><F89/><W106/><G124/><T119/><D119/><U81/><E103/><N who="3" m="39498" /><G20/><T108/><D108/><U37/><E37/><V2/><F125/><W24/><G24/><T12/><D5/><U47/><E13/><V28/><F2/><W58/><G58/><T3/><D3/><U56/><REACH who="1" step="1"/><E56/><REACH who="1" ten="240,240,230,280" step="2"/><V59/><F59/><W23/><G107/><T63/><D112/><U29/><E29/><V19/><F28/><W132/><G106/><T82/><D114/><U123/><E123/><V113/><F113/><W66/><G66/><T53/><D67/><U22/><E22/><V115/><F21/><W0/><G23/><N who="0" m="15839" /><D68/><U96/><E96/><V55/><F115/><W88/><G132/><T98/><D98/><U75/><E75/><V111/><F65/><W118/><G118/><T4/><D15/><U80/><E80/><V109/><F9/><N who="3" m="2279" /><G110/><AGARI ba="0,1" hai="18,19,39,42,44,48,55,57,97,102,104,109,110,111" machi="110" ten="40,1300,0" yaku="14,1" doraHai="10" who="2" fromWho="3" sc="240,0,240,0,230,23,280,-13" /><INIT seed="4,0,0,0,1,32" ten="240,240,253,267" oya="0" hai0="123,68,124,0,52,75,11,17,26,95,67,93,22" hai1="129,55,94,31,79,86,105,43,62,73,106,13,9" hai2="102,135,36,18,21,37,91,28,82,87,59,45,132" hai3="84,114,96,1,35,38,78,112,100,69,40,76,81"/><T58/><D123/><U134/><E129/><V33/><F102/><W77/><G35/><T34/><D124/><U20/><E134/><N who="2" m="51243" /><F59/><W116/><G69/><T121/><D75/><U92/><E73/><V61/><F61/><W80/><G116/><T23/><D121/><U64/><E106/><V101/><F101/><W113/><G1/><T4/><D34/><U128/><E128/><V122/><F45/><N who="3" m="23703" /><G84/><T8/><D8/><U72/><E43/><V12/><F122/><W115/><N who="3" m="28672" /><DORA hai="53" /><W48/><G48/><T98/><D98/><U3/><E72/><V89/><F91/><W99/><G99/><T63/><D23/><U30/><E3/><V90/><F90/><W41/><G41/><T111/><D111/><U119/><E105/><AGARI ba="0,0" hai="76,77,78,80,81,96,100,105" m="28672,23703" machi="105" ten="60,2000,0" yaku="15,1" doraHai="32,53" who="3" fromWho="1" sc="240,0,240,-20,253,0,267,20" /><INIT seed="5,0,0,4,4,107" ten="240,220,253,287" oya="1" hai0="24,47,128,106,49,78,75,96,82,60,38,90,23" hai1="85,97,87,93,37,6,124,70,102,69,1,66,48" hai2="88,91,104,74,5,103,112,10,67,56,84,116,12" hai3="2,3,80,35,134,25,115,53,119,7,59,99,31"/><U76/><E37/><V20/><F116/><W29/><G119/><T89/><D128/><U92/><E124/><V41/><F74/><W83/><G115/><T126/><D126/><U98/><E1/><V54/><F67/><W129/><G129/><T68/><D38/><U0/><E0/><V8/><F41/><W100/><G134/><T135/><D135/><U50/><E6/><V71/><F71/><N who="1" m="27145" /><E76/><V117/><F112/><W16/><G31/><T21/><D21/><U133/><E102/><V86/><F104/><W113/><G113/><T108/><D108/><U36/><E66/><V122/><F103/><W110/><G110/><T52/><D68/><U42/><E42/><V72/><F72/><W34/><G34/><T28/><REACH who="0" step="1"/><D60/><REACH who="0" ten="230,220,253,287" step="2"/><U9/><E133/><V58/><F20/><W40/><G35/><T62/><D62/><U127/><E127/><V120/><F117/><W123/><G123/><T109/><D109/><U130/><E130/><V51/><F122/><W118/><G118/><T46/><D46/><U132/><E132/><V111/><F120/><W33/><G33/><T45/><D45/><U61/><E61/><V32/><F32/><W65/><G59/><T14/><D14/><U30/><E36/><V18/><F58/><W4/><G2/><T95/><D95/><N who="1" m="36427" /><E9/><V27/><F10/><W63/><G63/><T114/><D114/><U105/><E105/><V131/><F131/><W44/><G44/><T79/><D79/><U19/><E50/><V22/><F111/><W121/><G3/><T64/><D64/><U17/><E48/><V101/><F101/><AGARI ba="0,1" hai="23,24,28,47,49,52,75,78,82,89,90,96,101,106" machi="101" ten="40,8000,1" yaku="1,1,6,1,52,1,54,1,53,0" doraHai="107" doraHaiUra="57" who="0" fromWho="2" sc="230,90,220,0,253,-80,287,0" /><INIT seed="6,0,0,3,4,35" ten="320,220,173,287" oya="2" hai0="59,68,76,77,47,9,13,62,89,48,64,115,129" hai1="82,45,123,30,70,21,124,125,60,22,36,94,86" hai2="118,113,120,110,14,52,111,18,56,135,29,106,15" hai3="63,98,0,7,17,27,57,28,116,38,42,53,134"/><V93/><F120/><W107/><G116/><T101/><D101/><U39/><E94/><V100/><F118/><W11/><G134/><T108/><D108/><N who="2" m="41514" /><F29/><W128/><G128/><T44/><D115/><U1/><E1/><V85/><F113/><W103/><G17/><T51/><D129/><U109/><E109/><V102/><F106/><W130/><G130/><T91/><D68/><U40/><E123/><V72/><F72/><W66/><G42/><N who="0" m="24695" /><D89/><U19/><E30/><V3/><F135/><W121/><G38/><T10/><D91/><U58/><E70/><V80/><F3/><W83/><G83/><T84/><D84/><U26/><E36/><V49/><F93/><W73/><G73/><T78/><D13/><N who="2" m="4618" /><F18/><W90/><G90/><AGARI ba="0,0" hai="49,52,56,80,85,90,100,102" m="4618,41514" machi="90" ten="30,2900,0" yaku="10,1,54,1" doraHai="35" who="2" fromWho="3" sc="320,0,220,0,173,29,287,-29" /><INIT seed="6,1,0,2,3,118" ten="320,220,202,258" oya="2" hai0="90,68,72,127,84,64,128,131,16,73,27,67,32" hai1="109,59,132,56,86,54,85,75,1,30,80,117,123" hai2="29,130,92,35,6,120,7,13,106,83,36,5,4" hai3="33,104,61,111,45,65,3,125,135,39,66,58,24"/><V116/><F106/><W2/><G111/><T108/><D127/><U115/><E109/><V81/><F116/><W69/><G125/><T124/><D124/><U49/><E117/><V51/><F36/><W63/><G135/><T112/><D112/><U79/><E132/><V11/><F130/><W52/><G104/><T119/><D119/><U44/><E1/><V41/><F120/><W82/><G82/><T53/><D108/><U114/><E30/><V70/><F70/><W37/><G37/><T62/><D67/><U94/><E123/><V22/><F35/><W50/><REACH who="3" step="1"/><G39/><REACH who="3" ten="320,220,202,248" step="2"/><T15/><D128/><U17/><E94/><V20/><F92/><W100/><G100/><T101/><D101/><U105/><E105/><V87/><F83/><W14/><G14/><T40/><D131/><U43/><E114/><V25/><F25/><W31/><AGARI ba="1,1" hai="2,3,24,31,33,45,50,52,58,61,63,65,66,69" machi="31" ten="30,4000,0" yaku="1,1,0,1,54,1,53,0" doraHai="118" doraHaiUra="96" who="3" fromWho="3" sc="320,-11,220,-11,202,-21,248,53" /><INIT seed="7,0,0,5,0,108" ten="309,209,181,301" oya="3" hai0="26,60,106,94,8,113,66,118,65,86,117,33,135" hai1="70,46,38,90,34,57,124,73,91,87,98,89,68" hai2="123,72,114,127,80,10,15,6,120,41,133,105,56" hai3="77,27,39,107,88,62,42,95,71,25,3,97,43"/><W84/><G3/><T75/><D75/><U28/><E73/><V50/><F105/><W126/><G126/><T110/><D106/><U45/><E124/><V64/><F127/><W20/><G39/><T23/><D110/><U96/><E38/><V48/><F133/><W32/><G32/><T49/><D135/><U51/><E57/><V103/><F103/><W121/><G121/><N who="2" m="46665" /><F41/><W24/><G107/><T134/><D33/><U69/><E87/><V109/><F109/><W63/><G20/><T132/><D134/><U59/><E59/><V11/><F11/><W2/><G2/><T129/><D129/><U102/><E102/><V100/><F100/><W93/><G77/><T55/><D8/><U44/><E51/><N who="2" m="19499" /><F56/><W36/><G71/><T112/><D132/><U81/><E81/><V47/><F47/><W7/><G7/><T131/><D131/><U31/><E34/><V22/><F64/><W61/><G36/><T5/><D66/><U53/><REACH who="1" step="1"/><E53/><REACH who="1" ten="309,199,181,301" step="2"/><V125/><F125/><W92/><G97/><AGARI ba="0,1" hai="28,31,44,45,46,68,69,70,89,90,91,96,97,98" machi="97" ten="50,12000,2" yaku="1,1,2,1,29,2,28,2,53,0" doraHai="108" doraHaiUra="54" who="1" fromWho="3" sc="309,0,199,130,181,0,301,-120" owari="309,10.9,329,42.9,181,-21.9,181,-31.9" /></mjloggm>