<mjloggm ver="2.3"><GO type="41" lobby="0"/><UN n0="%53%41%56%41%4E%4E%41" n1="%43%68%61%69%72%4A%75%6E" n2="%61%6B%69%72%61%6B%63" n3="%E2%93%9D%4C%75%63%6B%79%4A" dan="14,14,14,18" rate="2055.48,1993.29,1931.56,2216.50" sx="M,M,M,M"/><TAIKYOKU oya="0"/><INIT seed="0,0,0,3,1,127" ten="250,250,250,250" oya="0" hai0="54,49,19,77,80,107,11,98,33,125,128,4,44" hai1="59,71,90,9,130,85,20,78,84,51,74,38,99" hai2="46,60,8,29,75,34,111,47,32,123,134,100,112" hai3="93,42,7,108,18,95,92,115,53,65,110,23,62"/><T113/><D125/><U39/><E71/><V122/><F100/><W5/><G42/><T105/><D128/><U30/><E9/><V43/><F75/><W1/><G53/><T132/><D132/><U66/><E74/><V21/><F134/><W64/><G115/><T121/><D113/><U14/><E99/><V56/><F112/><W6/><G1/><T3/><D121/><U81/><E130/><V58/><F8/><W82/><G82/><T129/><D129/><U117/><E117/><V96/><F96/><W73/><G73/><T97/><D33/><U109/><E109/><N who="3" m="42090" /><G62/><T88/><D98/><U63/><E51/><V91/><F111/><W76/><G76/><T87/><REACH who="0" step="1"/><D19/><REACH who="0" ten="240,250,250,250" step="2"/><U79/><E30/><V116/><F29/><W27/><AGARI ba="0,1" hai="5,6,7,18,23,27,64,65,92,93,95" m="42090" machi="27" ten="40,1500,0" yaku="14,1" doraHai="127" who="3" fromWho="3" sc="240,-7,250,-4,250,-4,250,25" /><INIT seed="1,0,0,1,4,11" ten="233,246,246,275" oya="1" hai0="76,105,125,100,31,109,29,24,26,19,27,25,106" hai1="6,112,46,12,49,51,22,103,35,92,63,66,130" hai2="65,56,17,7,48,80,114,33,57,122,117,102,61" hai3="94,38,54,30,104,15,110,128,90,28,69,2,44"/><U111/><E112/><V89/><F114/><W50/><G2/><T118/><D109/><U4/><E35/><V18/><F122/><W121/><G104/><T88/><D125/><U98/><E111/><V41/><F33/><W0/><G0/><T74/><D118/><U58/><E51/><V95/><F117/><W55/><G69/><T20/><D106/><U71/><E71/><V108/><F108/><W135/><G38/><T134/><D134/><U34/><E34/><V70/><F70/><W116/><G121/><T107/><D107/><U123/><E123/><V43/><F7/><W91/><G91/><T115/><D115/><U82/><E82/><V23/><F102/><W68/><G128/><T47/><D47/><U131/><E131/><V73/><F73/><W78/><G78/><T75/><D75/><U120/><E120/><V36/><F80/><W42/><G68/><T86/><D76/><U39/><E39/><V72/><F72/><W13/><G135/><T87/><D74/><U40/><E130/><V84/><F36/><W96/><G116/><T62/><D62/><U59/><E58/><V79/><F79/><W14/><G110/><T1/><D1/><U99/><REACH who="1" step="1"/><E98/><REACH who="1" ten="233,236,246,275" step="2"/><V83/><F83/><W93/><G94/><T32/><D32/><U37/><E37/><V3/><F57/><W64/><G64/><T53/><D105/><U127/><E127/><V8/><F48/><N who="3" m="26647" /><G55/><T77/><D53/><U124/><E124/><V52/><F52/><W9/><G9/><T81/><D100/><U126/><E126/><V97/><F8/><W21/><G21/><RYUUKYOKU ba="0,1" sc="233,10,236,10,246,-30,275,10" hai0="19,20,24,25,26,27,29,31,77,81,86,87,88" hai1="4,6,12,22,40,46,49,59,63,66,92,99,103" hai3="13,14,15,28,30,50,54,90,93,96" /><INIT seed="1,1,1,5,0,47" ten="243,246,216,285" oya="1" hai0="104,62,108,85,16,4,118,111,7,128,54,42,123" hai1="53,73,122,24,13,131,58,12,68,92,9,96,23" hai2="115,5,38,129,37,27,99,30,67,21,112,79,51" hai3="84,15,41,94,124,121,87,70,43,74,22,88,109"/><U66/><E122/><V34/><F129/><W100/><G74/><T50/><D123/><U48/><E73/><V45/><F79/><W82/><G70/><T44/><D118/><U106/><E106/><V29/><F67/><W32/><G32/><T107/><D128/><U101/><E131/><V52/><F5/><W102/><G109/><N who="0" m="42059" /><D85/><U46/><E9/><V97/><F29/><W64/><G64/><T125/><D125/><U0/><E0/><V26/><F26/><W135/><G135/><T6/><D16/><N who="1" m="12391" /><E68/><V63/><F34/><W80/><G124/><T61/><D61/><AGARI ba="1,1" hai="12,13,46,48,53,58,61,66,92,96,101" m="12391" machi="61" ten="30,5800,0" yaku="8,1,52,1,54,1" doraHai="47" who="1" fromWho="0" sc="243,-61,246,71,216,0,285,0" /><INIT seed="1,2,0,1,0,86" ten="182,317,216,285" oya="1" hai0="47,42,96,33,23,124,111,9,73,92,31,103,52" hai1="97,5,101,102,132,120,59,72,1,107,15,91,11" hai2="135,4,29,89,30,62,77,125,98,130,99,0,51" hai3="129,83,61,44,58,126,128,19,18,75,87,134,21"/><U2/><E120/><V106/><F125/><W122/><G122/><T63/><D124/><U115/><E72/><V93/><F135/><W69/><G69/><T22/><D111/><U66/><E132/><V90/><F130/><N who="3" m="50283" /><G134/><T3/><D73/><U100/><E115/><V43/><F77/><W76/><G126/><T104/><D33/><U81/><E107/><V12/><F0/><W24/><G44/><T88/><D31/><U28/><E28/><V56/><F43/><W36/><G36/><T131/><D131/><U118/><E118/><V85/><F51/><W113/><G113/><T27/><D27/><U13/><E1/><V121/><F121/><W48/><G48/><T71/><D3/><U25/><E25/><V14/><F106/><W35/><G35/><T82/><D9/><U70/><E70/><V17/><F4/><W60/><G58/><T94/><D82/><U127/><E127/><V133/><F133/><W68/><G68/><T95/><D88/><N who="2" m="33898" /><F85/><W45/><G87/><T49/><REACH who="0" step="1"/><D71/><REACH who="0" ten="172,317,216,285" step="2"/><U84/><E97/><N who="2" m="36875" /><F93/><W46/><G75/><T112/><D112/><U8/><E2/><V110/><F110/><W123/><G123/><T55/><D55/><U7/><E66/><N who="2" m="39239" /><F12/><W57/><G76/><T50/><D50/><U10/><E59/><AGARI ba="2,1" hai="22,23,42,47,49,52,59,63,92,94,95,96,103,104" machi="59" ten="40,2600,0" yaku="1,1,54,1,53,0" doraHai="86" doraHaiUra="79" who="0" fromWho="1" sc="172,42,317,-32,216,0,285,0" /><INIT seed="2,0,0,1,4,48" ten="214,285,216,285" oya="2" hai0="56,3,23,44,9,42,31,86,133,13,38,111,112" hai1="83,5,20,54,109,59,26,123,68,124,36,0,35" hai2="33,116,19,129,128,52,89,134,17,126,131,34,76" hai3="81,110,47,135,29,120,115,55,105,103,92,125,64"/><V121/><F116/><W98/><G120/><T4/><D133/><U40/><E123/><V80/><F121/><W62/><G135/><T96/><D111/><U108/><E68/><V84/><F134/><W93/><G110/><N who="1" m="42602" /><E124/><V10/><F126/><W100/><G125/><T53/><D112/><U49/><E83/><V118/><F118/><W7/><G7/><T21/><D96/><U30/><E5/><V127/><F127/><W117/><G29/><T65/><D65/><U43/><E0/><V77/><F10/><W58/><G115/><T130/><D130/><U2/><E2/><V70/><F70/><W14/><G103/><T101/><D101/><U114/><E114/><V41/><F41/><N who="1" m="15945" /><E36/><V67/><F67/><W97/><G81/><T73/><D73/><U8/><E8/><V72/><F76/><W25/><G117/><T102/><D102/><U99/><E99/><V39/><F39/><W107/><G98/><T60/><D31/><U79/><E79/><V32/><REACH who="2" step="1"/><F52/><REACH who="2" ten="214,285,206,285" step="2"/><W95/><G55/><T69/><D69/><U63/><E35/><V57/><F57/><W16/><G58/><T94/><D3/><U37/><E37/><V90/><F90/><W18/><G100/><T27/><D53/><U82/><E54/><V61/><F61/><W24/><G62/><T66/><D56/><U1/><E59/><V6/><F6/><W91/><G91/><N who="0" m="53623" /><D60/><U51/><E63/><V50/><F50/><N who="1" m="18953" /><E1/><V132/><F132/><W113/><G113/><T11/><D66/><U87/><E87/><V12/><F12/><W46/><G64/><T88/><D11/><RYUUKYOKU ba="0,1" sc="214,-15,285,15,206,15,285,-15" hai1="20,26,30,82" hai2="17,19,32,33,34,72,77,80,84,89,128,129,131" /><INIT seed="2,1,1,5,4,43" ten="199,300,221,270" oya="2" hai0="29,15,124,91,76,31,62,109,28,128,26,59,67" hai1="90,129,20,103,52,27,77,107,0,46,72,78,14" hai2="36,119,74,41,9,7,42,22,110,75,79,96,97" hai3="39,45,50,116,125,82,34,49,121,100,115,87,17"/><V40/><F119/><W37/><G116/><T81/><D124/><U3/><E129/><V48/><F22/><W19/><G121/><T122/><D128/><U73/><E90/><V65/><F65/><W92/><G34/><T54/><D122/><U135/><E135/><V111/><F36/><W10/><G115/><T64/><D109/><N who="2" m="41482" /><F48/><W32/><G32/><T131/><D131/><U55/><E14/><V104/><F104/><W13/><G50/><T51/><D91/><U25/><E20/><V12/><F79/><W108/><G125/><T16/><D26/><U30/><E30/><V60/><F60/><W127/><G39/><T86/><REACH who="0" step="1"/><D62/><REACH who="0" ten="189,300,221,270" step="2"/><U58/><E27/><V99/><AGARI ba="1,2" hai="7,9,12,40,41,42,74,75,96,97,99" m="41482" machi="99" ten="40,3900,0" yaku="14,1,10,1" doraHai="43" who="2" fromWho="2" sc="189,-14,300,-14,221,62,270,-14" /><INIT seed="2,2,0,1,1,77" ten="175,286,283,256" oya="2" hai0="9,6,50,127,123,96,134,32,45,125,75,24,60" hai1="86,126,120,131,41,46,102,92,90,26,64,28,105" hai2="62,58,98,94,14,49,30,108,76,65,97,80,20" hai3="72,84,38,13,11,93,36,106,130,71,119,4,27"/><V132/><F132/><W12/><G72/><T68/><D123/><U114/><E114/><V7/><F108/><W129/><G71/><T53/><D134/><U17/><E120/><V43/><F94/><W1/><G106/><T87/><D75/><U51/><E131/><N who="3" m="50186" /><G27/><T110/><D110/><U37/><E126/><N who="0" m="48137" /><D96/><U29/><E37/><N who="3" m="14442" /><G119/><T39/><D39/><U10/><E64/><V81/><F30/><W73/><G73/><T15/><D87/><U79/><E105/><V109/><F109/><W47/><G47/><T85/><D85/><U40/><E102/><V54/><F43/><W89/><AGARI ba="2,0" hai="1,4,11,12,13,84,89,93" m="14442,50186" machi="89" ten="40,1500,0" yaku="19,1" doraHai="77" who="3" fromWho="3" sc="175,-6,286,-6,283,-9,256,21" /><INIT seed="3,0,0,3,4,104" ten="169,280,274,277" oya="3" hai0="113,77,72,91,120,41,57,34,122,80,36,75,54" hai1="83,71,20,93,49,73,109,119,22,125,4,39,0" hai2="47,30,100,105,68,76,89,10,112,79,70,118,60" hai3="35,90,1,123,61,62,88,65,25,129,7,19,27"/><W13/><G123/><T131/><D131/><U58/><E71/><V17/><F118/><W94/><G129/><T31/><D113/><U85/><E39/><V64/><F112/><W16/><G1/><T43/><D72/><U44/><E119/><V135/><F70/><W18/><G35/><T42/><D36/><U86/><E125/><V130/><F130/><W95/><G13/><T126/><D126/><U55/><E109/><V133/><F47/><W38/><G38/><T59/><D59/><U52/><E73/><V128/><F89/><N who="3" m="34411" /><G7/><T50/><REACH who="0" step="1"/><D91/><REACH who="0" ten="159,280,274,277" step="2"/><U111/><E58/><V116/><F128/><W107/><G107/><T56/><D56/><U84/><E93/><N who="3" m="35338" /><G65/><T102/><D102/><U66/><E66/><V96/><F105/><W81/><G81/><T8/><D8/><U114/><E83/><V87/><F100/><W99/><G99/><T121/><D121/><U48/><E114/><V11/><F96/><W12/><G12/><T132/><D132/><U115/><E115/><V40/><F10/><W124/><G124/><T53/><D53/><U37/><E37/><V117/><F11/><W9/><G9/><T45/><D45/><U32/><E44/><V134/><F133/><W69/><G69/><T63/><D63/><AGARI ba="0,1" hai="16,18,19,25,27,61,62,63" m="35338,34411" machi="63" ten="30,12000,1" yaku="28,2,8,1,54,2" doraHai="104" who="3" fromWho="0" sc="159,-120,280,0,274,0,277,130" /><INIT seed="3,1,0,4,5,102" ten="39,280,274,407" oya="3" hai0="123,59,26,44,64,132,118,51,107,95,2,106,57" hai1="134,52,115,29,100,92,109,77,27,113,89,98,99" hai2="116,135,33,10,12,23,71,83,47,84,46,119,75" hai3="16,6,85,24,131,69,20,11,90,62,120,63,19"/><W42/><G120/><T86/><D132/><U122/><E122/><V121/><F33/><W91/><G131/><T28/><D118/><U81/><E134/><V38/><F121/><W17/><G42/><T21/><D123/><U126/><E126/><V74/><F135/><W111/><G111/><T55/><D2/><U72/><E52/><V67/><F71/><W18/><G69/><T13/><D59/><U39/><E39/><V35/><F35/><W87/><G87/><T36/><D36/><U78/><E78/><V129/><F38/><W53/><G53/><T43/><D64/><U124/><E124/><V101/><F129/><W54/><G54/><T104/><D13/><U73/><E27/><V105/><F105/><W114/><G114/><N who="1" m="43530" /><E29/><V40/><F74/><W25/><G25/><T45/><REACH who="0" step="1"/><D43/><REACH who="0" ten="29,280,274,407" step="2"/><U7/><E109/><V103/><F116/><W112/><G112/><T93/><D93/><N who="1" m="58447" /><E7/><V0/><F119/><W56/><G6/><T50/><D50/><U117/><E117/><V31/><F0/><W80/><G56/><T15/><D15/><U96/><E72/><V34/><F75/><W130/><G130/><T68/><D68/><U97/><AGARI ba="1,1" hai="73,77,81,89,92,96,97,99" m="58447,43530" machi="97" ten="30,2000,0" yaku="34,2" doraHai="102" who="1" fromWho="1" sc="29,-6,280,33,274,-6,407,-11" /><INIT seed="4,0,0,3,2,69" ten="23,313,268,396" oya="0" hai0="84,50,70,35,1,120,85,53,110,57,88,19,36" hai1="128,79,52,80,81,5,71,11,49,7,9,21,91" hai2="86,10,13,66,8,116,67,30,106,103,37,127,3" hai3="99,14,105,29,104,82,93,135,76,119,43,44,17"/><T4/><D120/><U64/><E128/><V74/><F74/><W73/><G29/><T12/><D110/><U25/><E64/><V132/><F3/><W121/><G119/><T65/><D36/><U112/><E71/><V6/><F30/><W0/><G0/><T108/><D35/><U26/><E112/><V75/><F75/><W16/><G17/><T134/><D108/><U96/><E79/><V131/><F37/><W133/><G93/><T27/><D134/><N who="3" m="51209" /><G99/><T98/><D27/><U89/><E96/><V23/><F132/><W42/><G121/><T54/><D1/><U55/><E49/><V60/><F106/><N who="3" m="41067" /><G44/><T117/><D4/><U32/><E32/><V45/><F103/><W94/><G94/><T59/><D117/><U31/><E21/><AGARI ba="0,0" hai="14,16,21,42,43,73,76,82" m="41067,51209" machi="21" ten="30,2000,0" yaku="20,1,54,1" doraHai="69" who="3" fromWho="1" sc="23,0,313,-20,268,0,396,20" /><INIT seed="5,0,0,0,3,19" ten="23,293,268,416" oya="1" hai0="13,71,117,105,76,28,126,99,119,86,115,131,62" hai1="121,25,8,39,90,70,45,124,7,134,4,97,132" hai2="12,104,63,72,89,9,114,69,92,11,135,36,73" hai3="5,1,65,87,106,74,85,6,30,54,67,129,128"/><U94/><E121/><V21/><F104/><W27/><G74/><T84/><D126/><U20/><E70/><V113/><F36/><W112/><G106/><T24/><D131/><N who="3" m="50249" /><G54/><T22/><D115/><N who="2" m="44042" /><F135/><N who="1" m="51753" /><E8/><N who="2" m="3147" /><F63/><W48/><G48/><T10/><D86/><N who="3" m="32777" /><G1/><T118/><D105/><U44/><E124/><V53/><F69/><W35/><G112/><T83/><D99/><U130/><E130/><V122/><F53/><W29/><G30/><T32/><D71/><U42/><E45/><V47/><F47/><W109/><G109/><T98/><D98/><U91/><E91/><V59/><F59/><W88/><G88/><T26/><D62/><U61/><E61/><V108/><F108/><W107/><G107/><T80/><D80/><U96/><E96/><N who="2" m="57359" /><F122/><W57/><G57/><T100/><D100/><U15/><E15/><V103/><F103/><W34/><G67/><T3/><D3/><U125/><E125/><V111/><F111/><W49/><G65/><T18/><REACH who="0" step="1"/><D118/><REACH who="0" ten="13,293,268,416" step="2"/><U82/><E82/><V81/><F81/><W17/><G35/><T33/><D33/><U58/><E58/><V23/><F12/><W110/><G110/><T116/><D116/><U51/><E39/><V16/><F16/><AGARI ba="0,1" hai="10,13,16,18,22,24,26,28,32,76,83,84,117,119" machi="16" ten="30,8000,1" yaku="1,1,7,1,52,1,54,1,53,1" doraHai="19" doraHaiUra="78" who="0" fromWho="2" sc="13,90,293,0,268,-80,416,0" /><AGARI ba="0,0" hai="4,7,16,20,25,42,44,51,90,94,97" m="51753" machi="16" ten="30,5800,0" yaku="20,1,52,1,54,1" doraHai="19" who="1" fromWho="2" sc="103,0,293,58,188,-58,416,0" /><INIT seed="5,1,0,1,5,20" ten="103,351,130,416" oya="1" hai0="88,50,71,64,74,35,73,55,66,61,24,0,62" hai1="86,40,91,122,31,75,134,116,37,22,106,107,89" hai2="10,120,45,13,42,5,103,16,26,2,14,8,23" hai3="132,100,65,124,48,70,9,51,25,4,69,19,79"/><U125/><E75/><V133/><F103/><W47/><G132/><T123/><D0/><U121/><E40/><V39/><F133/><W109/><G109/><T1/><D123/><U49/><E134/><V94/><F120/><N who="1" m="46185" /><E49/><V111/><F111/><W92/><G124/><T78/><D1/><U17/><E37/><V127/><F127/><W30/><G19/><T112/><D112/><U44/><E44/><V108/><F108/><W84/><G65/><T68/><D88/><N who="1" m="33867" /><E31/><V58/><F94/><W54/><G51/><T32/><D78/><U28/><E28/><V99/><F99/><W128/><G79/><T85/><D85/><U131/><E17/><V81/><F81/><W18/><G18/><T114/><D114/><U93/><E22/><V104/><F104/><N who="1" m="39977" /><E125/><V11/><REACH who="2" step="1"/><F58/><REACH who="2" ten="103,351,120,416" step="2"/><W72/><G70/><T97/><D97/><U96/><E116/><V105/><F105/><W83/><G69/><T90/><D71/><U15/><E131/><V41/><F41/><W6/><G128/><T126/><D68/><U27/><E96/><V29/><F29/><W3/><G30/><T98/><D98/><U135/><E93/><V113/><F113/><W117/><G92/><T59/><D126/><U36/><E135/><V87/><F87/><W57/><G84/><T67/><D59/><U7/><E86/><V118/><F118/><W53/><G117/><T63/><D73/><U21/><E36/><V115/><F115/><W52/><G72/><T82/><D74/><U102/><E102/><V56/><F56/><W60/><G100/><T46/><D24/><U12/><E27/><RYUUKYOKU ba="1,1" sc="103,15,351,-15,120,15,416,-15" hai0="32,35,46,50,55,61,62,63,64,66,67,82,90" hai2="2,5,8,10,11,13,14,16,23,26,39,42,45" /><INIT seed="6,2,1,4,4,74" ten="118,336,135,401" oya="2" hai0="107,21,101,5,10,89,97,33,38,14,117,44,95" hai1="78,41,57,64,7,67,1,84,65,23,123,125,69" hai2="79,71,76,109,0,43,3,12,4,103,31,127,70" hai3="51,108,46,80,30,13,17,105,88,56,34,113,94"/><V53/><F43/><W62/><G105/><T66/><D117/><U37/><E123/><V26/><F103/><W9/><G108/><T72/><D33/><U119/><E119/><V75/><F75/><W22/><G113/><T40/><D72/><U48/><E125/><V50/><F127/><W130/><G130/><T128/><D128/><U98/><E98/><V15/><F109/><W110/><G34/><T115/><D115/><U54/><E23/><V111/><F111/><W132/><G132/><T19/><D66/><U27/><E27/><V20/><F12/><W92/><G30/><T112/><D112/><U25/><E25/><V63/><F15/><W28/><G28/><T42/><D42/><U36/><E7/><V133/><F133/><W120/><G120/><T118/><D118/><U116/><E84/><V106/><F106/><W39/><G39/><N who="1" m="14922" /><E78/><V29/><F29/><W134/><G22/><T2/><REACH who="0" step="1"/><D107/><REACH who="0" ten="108,336,135,401" step="2"/><U82/><E41/><V83/><F71/><W121/><G121/><T124/><D124/><U104/><E104/><V99/><F70/><W45/><G110/><T68/><D68/><U135/><E69/><V86/><F63/><W58/><G62/><T131/><D131/><U35/><E35/><V129/><F129/><W114/><G114/><T87/><D87/><U52/><E116/><V61/><F61/><W96/><G134/><T100/><AGARI ba="2,2" hai="2,5,10,14,19,21,38,40,44,89,95,97,100,101" machi="100" ten="30,4000,0" yaku="1,1,0,1,53,1" doraHai="74" doraHaiUra="93" who="0" fromWho="0" sc="108,66,336,-12,135,-22,401,-12" /><INIT seed="7,0,0,2,0,67" ten="174,324,113,389" oya="3" hai0="31,18,12,103,66,0,112,47,124,28,57,27,127" hai1="58,100,33,2,71,61,6,35,114,102,51,46,25" hai2="62,49,39,92,117,34,84,36,76,101,1,48,111" hai3="11,106,126,99,72,5,80,10,85,118,37,135,41"/><W94/><G11/><T83/><D112/><U132/><E132/><V105/><F117/><W81/><G81/><T60/><D0/><U55/><E114/><V64/><F1/><W123/><G41/><T70/><D103/><U43/><E2/><V98/><F34/><W52/><G80/><T16/><D47/><U125/><E6/><V131/><F111/><W75/><G99/><T115/><D115/><U68/><E100/><V8/><F131/><W56/><G10/><T96/><D96/><U73/><E73/><V63/><F48/><W110/><G75/><T74/><D28/><U87/><E87/><V93/><F93/><W129/><G72/><T50/><D50/><U22/><E102/><V65/><F49/><W26/><G5/><T21/><D57/><U7/><E7/><V89/><F8/><W120/><G37/><T109/><D109/><U107/><E107/><V119/><F119/><W13/><G106/><T78/><REACH who="0" step="1"/><D18/><REACH who="0" ten="164,324,113,389" step="2"/><U86/><E46/><V122/><F122/><W40/><G123/><T108/><D108/><U19/><E51/><V134/><F134/><W54/><G120/><T104/><D104/><U97/><E58/><V42/><F76/><W59/><G59/><T32/><AGARI ba="0,1" hai="12,16,21,27,31,32,60,66,70,74,78,83,124,127" machi="32" ten="30,12000,2" yaku="1,1,0,1,52,1,54,1,53,2" doraHai="67" doraHaiUra="133" who="0" fromWho="0" sc="164,130,324,-30,113,-30,389,-60" owari="294,9.4,294,-10.6,83,-41.7,329,42.9" /></mjloggm>