<mjloggm ver="2.3"><GO type="41" lobby="0"/><UN n0="%E9%A3%AF%E5%BD%B1%E4%BB%81%E5%9B%9B%E6%9C%97" n1="%44%6A%6F%6B%65%72%32%32" n2="%E2%93%9D%4C%75%63%6B%79%4A" n3="%62%6F%77%69%65%3B%5F%3B" dan="13,14,16,14" rate="1890.40,1978.77,2155.53,1995.64" sx="M,F,M,M"/><TAIKYOKU oya="0"/><INIT seed="0,0,0,3,3,54" ten="250,250,250,250" oya="0" hai0="12,122,19,95,133,5,79,87,134,84,89,43,108" hai1="46,107,17,29,121,116,125,85,24,78,68,117,75" hai2="129,80,66,36,38,14,93,59,13,91,86,42,112" hai3="1,109,70,98,123,100,88,135,131,44,27,67,111"/><T48/><D122/><U97/><E121/><V71/><F112/><W82/><G123/><T73/><D5/><U52/><E68/><V41/><F71/><W63/><G1/><T118/><D43/><U45/><E75/><V53/><F129/><W74/><G135/><N who="0" m="51723" /><D48/><U22/><E125/><V21/><F66/><W31/><G131/><T94/><D19/><U83/><E46/><V103/><F38/><W99/><G44/><T25/><D25/><U76/><E76/><V49/><F36/><W61/><G61/><T30/><D12/><U34/><E107/><V32/><F32/><W65/><G65/><T55/><D55/><U51/><REACH who="1" step="1"/><E97/><REACH who="1" ten="250,240,250,250" step="2"/><N who="2" m="59823" /><F42/><W40/><G40/><T35/><D73/><U60/><E60/><N who="2" m="35951" /><F21/><W6/><G99/><T4/><D118/><U115/><E115/><V130/><F130/><W16/><G74/><T92/><D108/><U128/><E128/><V57/><F41/><W23/><G31/><T106/><D106/><U69/><E69/><V101/><F101/><W18/><G109/><T11/><D79/><U37/><E37/><V0/><F49/><W110/><G110/><T3/><D89/><U127/><E127/><V26/><F91/><W114/><G111/><T102/><D102/><U50/><E50/><V72/><F72/><W7/><G114/><T77/><D77/><U39/><E39/><V64/><F86/><W56/><G70/><T47/><D47/><U15/><AGARI ba="0,1" hai="15,17,22,24,29,34,45,51,52,78,83,85,116,117" machi="15" ten="20,5200,0" yaku="1,1,0,1,7,1,54,1,53,0" doraHai="54" doraHaiUra="33" who="1" fromWho="1" sc="250,-26,240,62,250,-13,250,-13" /><INIT seed="1,0,0,0,2,9" ten="224,302,237,237" oya="1" hai0="43,126,107,26,59,14,98,85,66,62,128,10,12" hai1="47,64,135,35,61,76,60,82,23,71,78,63,50" hai2="27,114,121,21,127,103,46,28,7,1,20,57,105" hai3="99,3,118,112,133,95,18,8,93,33,0,129,117"/><U11/><E35/><V110/><F121/><W89/><G112/><T115/><D115/><U131/><E135/><V37/><F114/><W81/><G33/><T29/><D128/><U70/><E131/><V2/><F57/><W25/><G129/><T84/><D10/><U123/><E123/><V88/><F103/><W69/><G69/><T97/><D126/><U116/><E116/><N who="3" m="44650" /><G133/><T100/><D97/><U38/><E38/><V109/><F105/><W111/><G111/><N who="2" m="42505" /><F46/><W13/><G25/><T87/><REACH who="0" step="1"/><D43/><REACH who="0" ten="214,302,237,237" step="2"/><U24/><E11/><V120/><F127/><W30/><G30/><T6/><D6/><U119/><E119/><V48/><F7/><W80/><G95/><T51/><D51/><U40/><E71/><V68/><F68/><W41/><G41/><T65/><D65/><U108/><E108/><V104/><F120/><W5/><G5/><T44/><D44/><U91/><E64/><V75/><F48/><W102/><G102/><T130/><D130/><U83/><E70/><V74/><F37/><W55/><G55/><T4/><D4/><U54/><E40/><V31/><F2/><AGARI ba="0,1" hai="0,2,3,8,13,18,80,81,89,93,99" m="44650" machi="2" ten="30,2000,0" yaku="12,1,52,1" doraHai="9" who="3" fromWho="2" sc="214,0,302,0,237,-20,237,30" /><INIT seed="2,0,0,0,4,5" ten="214,302,217,267" oya="2" hai0="122,39,77,54,130,103,96,55,78,24,104,109,9" hai1="132,69,89,48,75,97,63,92,117,127,84,20,126" hai2="116,115,33,107,91,60,4,32,13,120,100,28,76" hai3="73,114,128,82,1,47,57,71,44,66,133,98,34"/><V65/><F115/><W45/><G1/><T14/><D122/><U3/><E117/><V42/><F120/><W43/><G34/><T101/><D39/><U8/><E75/><V50/><F116/><W26/><G26/><T83/><D109/><U106/><E132/><V22/><F76/><W23/><G23/><T80/><D130/><U124/><E20/><V25/><F91/><W94/><G114/><T12/><D24/><U111/><E111/><V121/><F121/><W56/><G73/><T81/><D14/><U31/><E31/><V10/><F107/><W52/><G82/><T88/><D104/><U110/><E110/><V87/><F100/><W58/><G94/><N who="0" m="56391" /><D103/><N who="1" m="62831" /><E48/><V131/><F131/><W123/><G98/><T119/><D101/><U0/><E0/><V36/><F36/><N who="3" m="21607" /><G128/><T49/><D119/><U112/><E112/><V95/><F95/><W38/><G123/><T64/><D64/><N who="1" m="41119" /><E3/><V17/><F33/><W7/><G7/><N who="0" m="3135" /><D55/><U18/><E18/><V118/><F118/><W51/><G133/><T2/><D2/><U37/><E37/><V85/><F32/><W46/><G38/><T113/><D113/><U74/><E74/><V93/><F4/><W86/><G86/><T102/><D102/><U90/><E90/><V135/><F135/><W6/><G6/><T129/><D129/><U11/><AGARI ba="0,0" hai="8,11,84,89,92,124,126,127" m="41119,62831" machi="11" ten="40,5200,0" yaku="18,1,52,2" doraHai="5" who="1" fromWho="1" sc="214,-13,302,52,217,-26,267,-13" /><INIT seed="3,0,0,0,3,60" ten="201,354,191,254" oya="3" hai0="49,52,92,8,76,12,58,56,36,120,29,116,122" hai1="25,99,9,114,112,115,104,70,30,27,128,80,109" hai2="43,113,126,124,48,47,5,73,125,62,67,15,11" hai3="74,65,26,71,123,93,106,95,105,46,32,69,81"/><W75/><G46/><T23/><D116/><U86/><E128/><V79/><F113/><W66/><G26/><T35/><D35/><U13/><E109/><V45/><F79/><W21/><G21/><T0/><D36/><U33/><E27/><V1/><F73/><N who="3" m="27659" /><G81/><T118/><D0/><U111/><E111/><V50/><F1/><W19/><G19/><T127/><D127/><U103/><E115/><V82/><F82/><W28/><G28/><T130/><D130/><U84/><E84/><V7/><F7/><W117/><G32/><T39/><D39/><U87/><E87/><V31/><F31/><W102/><G102/><T59/><D118/><U16/><REACH who="1" step="1"/><E70/><REACH who="1" ten="201,344,191,254" step="2"/><N who="3" m="26634" /><G117/><T4/><D122/><U40/><E40/><V90/><F126/><W100/><G123/><T129/><D120/><U55/><E55/><V134/><F125/><W78/><G78/><AGARI ba="0,1" hai="9,13,16,25,30,33,78,80,86,99,103,104,112,114" machi="78" ten="30,3900,0" yaku="1,1,7,1,54,1,53,0" doraHai="60" doraHaiUra="41" who="1" fromWho="3" sc="201,0,344,49,191,0,254,-39" /><INIT seed="4,0,0,3,1,113" ten="201,393,191,215" oya="0" hai0="127,14,36,3,34,72,11,10,59,107,31,70,26" hai1="42,49,91,57,81,15,9,13,120,61,23,74,124" hai2="95,104,37,123,21,62,77,92,97,94,25,85,76" hai3="69,75,53,30,68,60,24,130,32,67,82,19,4"/><T114/><D70/><U65/><E120/><V66/><F37/><W86/><G130/><T106/><D36/><U41/><E124/><V20/><F123/><W109/><G109/><T98/><D127/><U112/><E112/><V80/><F21/><W6/><G75/><T12/><D72/><U89/><E74/><V63/><F104/><W102/><G69/><T28/><D3/><U55/><E23/><V96/><F77/><W88/><G19/><T78/><D78/><U93/><E81/><V33/><F33/><W44/><REACH who="3" step="1"/><G102/><REACH who="3" ten="201,393,191,205" step="2"/><T73/><D73/><U22/><E91/><V118/><F118/><W46/><G46/><T110/><D110/><U40/><E89/><V101/><F101/><W17/><G17/><T47/><D114/><U119/><E119/><V38/><F38/><W0/><G0/><T56/><D47/><U39/><E39/><V129/><F129/><W51/><AGARI ba="0,1" hai="4,6,24,30,32,44,51,53,60,67,68,82,86,88" machi="51" ten="30,4000,0" yaku="1,1,0,1,54,1,53,0" doraHai="113" doraHaiUra="128" who="3" fromWho="3" sc="201,-20,393,-10,191,-10,205,50" /><INIT seed="5,0,0,1,0,115" ten="181,383,181,255" oya="1" hai0="123,88,112,6,1,117,128,14,19,91,18,135,54" hai1="11,94,124,65,3,56,7,121,52,29,104,21,2" hai2="27,51,38,81,8,119,74,110,116,79,103,33,9" hai3="96,32,17,64,50,132,71,31,24,61,59,97,53"/><U15/><E104/><V98/><F51/><W102/><G17/><T113/><D135/><U109/><E121/><V126/><F110/><W95/><REACH who="3" step="1"/><G96/><REACH who="3" ten="181,383,181,245" step="2"/><T114/><D123/><U106/><E109/><V99/><F99/><W130/><G130/><T101/><D128/><U40/><E29/><V120/><F120/><W16/><G16/><T25/><D19/><U75/><E7/><V105/><F126/><W90/><G90/><T22/><D101/><U66/><E124/><V48/><F38/><W13/><G13/><T55/><D1/><U85/><E15/><V93/><F48/><W73/><G73/><T111/><D111/><U34/><E75/><V84/><F9/><W122/><G122/><T12/><D12/><U57/><E11/><V83/><F8/><W76/><G76/><T77/><D77/><U134/><E3/><V46/><F46/><W43/><G43/><T0/><D0/><U45/><E40/><V92/><F27/><W133/><AGARI ba="0,1" hai="24,31,32,50,53,59,61,64,71,95,97,102,132,133" machi="133" ten="30,4000,0" yaku="1,1,0,1,53,1" doraHai="115" doraHaiUra="67" who="3" fromWho="3" sc="181,-10,383,-20,181,-10,245,50" /><INIT seed="6,0,0,2,5,80" ten="171,363,171,295" oya="2" hai0="133,87,71,65,110,120,129,22,2,89,12,93,11" hai1="52,37,48,4,20,9,41,96,130,108,1,19,36" hai2="73,88,29,117,75,25,116,59,84,6,79,31,122" hai3="16,85,30,27,0,91,90,39,28,13,67,99,115"/><V24/><F122/><W63/><G39/><T102/><D110/><U70/><E70/><V101/><F101/><W69/><G0/><T61/><D133/><U34/><E108/><V72/><F79/><W81/><G115/><T14/><D129/><U57/><E130/><V54/><F6/><W100/><G91/><T26/><D120/><U68/><E68/><V106/><F106/><W49/><G49/><T123/><D123/><U124/><E124/><V53/><F59/><W44/><G44/><T51/><D102/><U62/><E34/><V40/><F40/><W38/><G27/><T74/><D74/><U92/><E48/><V18/><F18/><W128/><G38/><T21/><D21/><U83/><E83/><V64/><F64/><W58/><G69/><T3/><D51/><U32/><E41/><V15/><F15/><W105/><REACH who="3" step="1"/><G128/><REACH who="3" ten="171,363,171,285" step="2"/><T8/><D14/><U7/><E37/><V95/><F25/><W98/><G98/><T131/><D131/><U109/><E36/><V134/><F134/><W17/><G17/><T66/><D11/><AGARI ba="0,1" hai="11,13,16,28,30,58,63,67,81,85,90,99,100,105" machi="11" ten="30,7700,0" yaku="1,1,7,1,52,1,54,1,53,0" doraHai="80" doraHaiUra="111" who="3" fromWho="0" sc="171,-77,363,0,171,0,285,87" /><INIT seed="7,0,0,4,2,84" ten="94,363,171,372" oya="3" hai0="2,43,95,113,42,104,0,105,121,131,63,106,119" hai1="75,15,92,39,27,58,73,28,120,11,30,78,108" hai2="99,114,68,53,21,124,47,76,64,40,134,135,52" hai3="74,133,4,86,22,12,59,72,132,35,111,41,57"/><W67/><G111/><T38/><D119/><U51/><E39/><V36/><F76/><W122/><G35/><T129/><D121/><U70/><E70/><V87/><F87/><W100/><G122/><T44/><D95/><U97/><E120/><V34/><F21/><W83/><G41/><N who="0" m="15371" /><D63/><U101/><E78/><V45/><F99/><W1/><G1/><N who="0" m="619" /><D38/><U71/><E108/><V10/><F10/><N who="3" m="4167" /><G100/><T103/><D103/><U112/><E71/><V130/><F34/><W46/><G46/><T23/><D23/><U79/><E112/><V102/><F114/><W88/><G22/><T89/><D113/><U107/><E79/><V98/><F47/><W8/><G8/><T20/><D20/><U82/><E107/><V91/><F102/><W32/><G32/><T9/><D9/><U55/><E82/><V16/><F45/><W81/><G81/><T7/><D44/><U65/><E65/><V110/><F64/><W18/><G18/><T14/><D14/><U17/><E30/><V77/><F40/><W54/><G54/><T49/><D7/><U48/><E75/><N who="3" m="28714" /><G67/><T24/><D24/><U85/><E73/><V116/><F36/><W96/><G96/><T60/><D60/><N who="1" m="35935" /><E85/><V109/><F110/><W37/><G37/><T125/><D49/><N who="1" m="19019" /><E28/><V80/><F109/><W66/><G66/><T33/><D33/><U69/><E69/><V26/><F68/><W13/><G13/><T61/><D61/><U115/><E115/><V25/><F26/><AGARI ba="0,0" hai="11,15,17,26,27,92,97,101" m="19019,35935" machi="26" ten="30,1000,0" yaku="8,1" doraHai="84" who="1" fromWho="2" sc="94,0,363,10,171,-10,372,0" owari="94,-40.6,373,47.3,161,-23.9,372,17.2" /></mjloggm>