<mjloggm ver="2.3"><GO type="41" lobby="0"/><UN n0="%E7%9F%A5%E3%82%89%E3%82%93%E3%81%8C%E3%81%AA" n1="%E8%87%AA%E5%88%86%E3%81%AE%E6%99%82%E9%96%93%E5%B8%AF%E3%81%B8" n2="%E2%93%9D%4C%75%63%6B%79%4A" n3="%E3%83%9F%E3%83%8A%E3%83%9F%E2%98%86" dan="15,15,17,14" rate="2057.28,1995.60,2144.46,1909.14" sx="M,M,M,M"/><TAIKYOKU oya="0"/><INIT seed="0,0,0,1,4,1" ten="250,250,250,250" oya="0" hai0="128,23,68,63,49,121,41,67,53,99,30,81,31" hai1="73,34,92,123,3,132,2,86,103,97,106,85,77" hai2="33,70,16,15,80,95,111,59,32,28,64,110,87" hai3="93,100,65,89,56,37,105,12,71,94,0,44,83"/><T10/><D121/><U35/><E123/><V104/><F104/><W76/><G0/><T61/><D128/><U116/><E116/><V78/><F70/><W29/><G71/><T107/><D41/><U66/><E86/><V101/><F28/><W38/><G29/><T43/><D61/><U133/><E66/><V114/><F114/><W129/><G129/><T47/><D23/><U119/><E3/><V5/><F101/><W120/><G94/><T122/><D122/><U88/><E2/><V46/><F46/><W84/><G44/><T21/><D21/><U109/><E109/><N who="2" m="41483" /><F95/><W131/><G131/><T50/><D81/><N who="1" m="45231" /><E119/><V90/><F90/><W124/><G124/><T130/><D130/><U19/><E19/><V135/><F135/><AGARI ba="0,0" hai="34,35,85,88,92,97,103,106,132,133,135" m="45231" machi="135" ten="30,3900,0" yaku="24,1,20,1,54,1" doraHai="1" who="1" fromWho="2" sc="250,0,250,39,250,-39,250,0" /><INIT seed="1,0,0,4,1,93" ten="250,289,211,250" oya="1" hai0="123,67,116,127,108,83,17,92,129,5,43,95,132" hai1="23,102,6,84,45,63,34,59,110,10,125,109,50" hai2="122,133,118,74,19,73,131,82,115,106,44,89,3" hai3="62,119,68,101,41,64,33,49,32,75,128,81,28"/><U54/><E34/><V26/><F3/><W25/><G119/><T70/><D116/><U79/><E125/><V72/><F118/><W15/><G128/><T97/><D129/><U21/><E102/><V66/><F66/><W114/><G15/><T91/><D127/><U85/><E21/><V8/><F44/><W52/><G41/><T135/><D108/><N who="1" m="41579" /><E23/><V14/><F122/><W16/><G114/><T71/><D123/><U42/><E79/><V120/><F120/><W88/><G101/><T87/><D5/><U30/><E30/><V11/><F115/><W94/><G81/><T24/><D43/><U77/><E77/><V103/><F26/><W0/><G75/><T65/><D24/><U40/><E40/><V121/><F121/><W55/><G0/><AGARI ba="0,0" hai="0,6,10,42,45,50,54,59,63,84,85" m="41579" machi="0" ten="30,2900,0" yaku="14,1,10,1" doraHai="93" who="1" fromWho="3" sc="250,0,289,29,211,0,250,-29" /><INIT seed="1,1,0,3,3,114" ten="250,318,211,221" oya="1" hai0="29,56,109,66,58,94,120,37,33,102,95,52,2" hai1="96,30,74,6,76,123,130,50,121,86,133,39,80" hai2="106,105,84,64,18,88,122,119,14,27,57,34,126" hai3="71,4,70,53,59,55,115,24,135,54,60,51,69"/><U83/><E39/><V132/><F122/><W89/><G115/><T103/><D37/><U0/><E30/><V78/><F78/><W7/><G135/><T47/><D2/><U92/><E6/><V49/><F126/><W28/><G89/><T1/><D1/><U16/><E0/><V104/><F132/><W87/><G87/><T117/><D120/><U21/><E130/><V68/><F68/><W43/><G43/><T75/><D75/><U128/><E128/><V48/><F119/><W101/><G101/><T125/><D125/><U45/><E133/><V134/><F134/><W44/><REACH who="3" step="1"/><G54/><REACH who="3" ten="250,318,211,211" step="2"/><T97/><D102/><U9/><E86/><V5/><F84/><W26/><G26/><T91/><D91/><U110/><E83/><V19/><F88/><W62/><G62/><T85/><D85/><U61/><E61/><V82/><F82/><W79/><G79/><T11/><D103/><N who="1" m="60807" /><E123/><V98/><F27/><W31/><G31/><T41/><D29/><U8/><E121/><V77/><F77/><W127/><G127/><T100/><D100/><U46/><E74/><V32/><F106/><W99/><G99/><T15/><D97/><U93/><E93/><V108/><F98/><W81/><G81/><T107/><D107/><U124/><E124/><V72/><F72/><W73/><G73/><T36/><D94/><U3/><E80/><V40/><F105/><W118/><G118/><T25/><D95/><U23/><E76/><V113/><F104/><W17/><G17/><T38/><D117/><U42/><E16/><V111/><F19/><W131/><G131/><RYUUKYOKU ba="1,1" sc="250,-10,318,-10,211,-10,211,30" hai3="4,7,24,28,44,51,53,55,59,60,69,70,71" /><INIT seed="2,2,1,3,0,34" ten="240,308,201,241" oya="2" hai0="123,116,23,134,100,4,39,126,135,114,26,49,70" hai1="101,25,79,58,108,6,133,53,129,3,47,52,12" hai2="41,17,27,45,78,74,9,15,84,87,5,117,42" hai3="97,75,96,92,66,8,57,14,113,18,105,128,122"/><V73/><F117/><W115/><G75/><T90/><D123/><U118/><E118/><V36/><F42/><W33/><G122/><T65/><D114/><U102/><E108/><V48/><F36/><W40/><G33/><T76/><D116/><U103/><E129/><V68/><F68/><W98/><G40/><T21/><D39/><U55/><E133/><V0/><F27/><W82/><G82/><T38/><D38/><U111/><E111/><V7/><F7/><W83/><G83/><T37/><D37/><U80/><E3/><V120/><F120/><W88/><G105/><T51/><D76/><U46/><E58/><V32/><F32/><W43/><G43/><T86/><D100/><U44/><E25/><V31/><F31/><W77/><G77/><T29/><D4/><U16/><E6/><V61/><F61/><W89/><G92/><T69/><D126/><U2/><E2/><V56/><F56/><W13/><G13/><T95/><D21/><U81/><E79/><V19/><F19/><W67/><G128/><T110/><D110/><U124/><E124/><V119/><F119/><W50/><G50/><N who="0" m="18955" /><D65/><N who="3" m="24585" /><G57/><T72/><D72/><U104/><E104/><V127/><F127/><W94/><G94/><T63/><D63/><U20/><AGARI ba="2,1" hai="12,16,20,44,46,47,52,53,55,80,81,101,102,103" machi="20" ten="40,12000,2" yaku="0,1,29,2,8,1,54,2" doraHai="34" who="1" fromWho="1" sc="240,-32,308,136,201,-62,241,-32" /><INIT seed="3,0,0,5,0,98" ten="208,444,139,209" oya="3" hai0="29,4,36,39,129,70,55,90,125,61,15,54,126" hai1="124,115,112,21,72,102,111,20,83,46,122,42,135" hai2="32,65,92,58,80,119,93,3,133,89,109,106,97" hai3="64,45,50,35,84,120,11,26,81,5,127,12,41"/><W100/><G120/><T121/><D29/><U99/><E122/><V86/><F3/><W104/><G127/><N who="0" m="48651" /><D121/><U43/><E124/><V66/><F119/><W130/><G130/><T134/><D90/><U96/><E111/><V14/><F32/><W118/><G118/><T24/><D24/><U128/><E46/><V82/><F133/><W53/><G64/><N who="0" m="41231" /><D4/><U91/><E91/><V28/><F109/><W87/><G26/><T78/><D15/><U33/><E83/><V2/><F106/><W117/><G35/><T103/><D103/><U18/><E33/><V23/><F2/><W94/><G117/><T34/><D78/><U62/><E62/><N who="2" m="38231" /><F65/><W17/><G104/><T16/><D16/><U77/><E18/><N who="2" m="10711" /><F28/><W49/><G81/><T95/><D95/><U47/><E72/><V73/><F73/><W27/><G27/><T37/><D34/><U123/><E20/><V0/><F0/><W30/><G30/><T108/><D108/><U107/><E21/><V1/><F1/><W9/><G5/><T113/><D113/><U60/><E123/><V110/><F110/><W56/><REACH who="3" step="1"/><G9/><REACH who="3" ten="208,444,139,199" step="2"/><T131/><D134/><U19/><E135/><V10/><F10/><W7/><G7/><T101/><D101/><AGARI ba="0,1" hai="80,82,86,89,92,93,97,101" m="10711,38231" machi="101" ten="30,2000,0" yaku="8,1,52,1" doraHai="98" who="2" fromWho="0" sc="208,-20,444,0,139,30,199,0" /><INIT seed="4,0,0,4,3,78" ten="188,444,169,199" oya="0" hai0="9,6,46,72,4,82,103,41,114,60,131,24,38" hai1="73,70,76,42,48,31,39,3,28,20,40,18,115" hai2="107,19,134,63,89,81,16,45,61,55,118,5,21" hai3="133,91,92,111,98,69,1,8,108,64,125,26,93"/><T90/><D114/><U49/><E3/><V106/><F5/><W128/><G69/><T36/><D131/><U127/><E70/><V17/><F134/><W87/><G64/><T75/><D103/><U95/><E39/><V7/><F7/><W126/><G26/><T25/><D38/><U99/><E127/><N who="3" m="48650" /><G1/><T34/><D6/><U79/><E115/><V14/><F118/><W67/><G67/><T0/><D60/><N who="2" m="23114" /><F107/><W71/><G8/><T58/><D58/><U35/><E73/><V65/><F106/><W109/><G71/><T88/><D75/><U124/><E35/><V23/><F65/><W130/><G133/><T22/><D34/><U68/><E68/><V12/><F45/><W11/><G11/><T32/><D32/><U123/><E123/><V51/><F51/><N who="1" m="19529" /><E79/><V110/><F110/><W84/><G84/><T53/><D53/><U27/><E76/><V135/><F55/><W86/><G86/><T44/><D44/><U100/><E124/><V33/><F33/><W29/><G29/><AGARI ba="0,0" hai="18,20,27,28,29,31,40,42,95,99,100" m="19529" machi="29" ten="30,1000,0" yaku="8,1" doraHai="78" who="1" fromWho="3" sc="188,0,444,10,169,0,199,-10" /><INIT seed="5,0,0,3,2,29" ten="188,454,169,189" oya="1" hai0="12,85,47,37,49,95,111,120,92,99,7,124,129" hai1="69,91,131,52,79,20,73,26,3,97,103,67,4" hai2="116,60,77,46,36,68,50,108,105,118,135,0,23" hai3="134,112,53,132,107,82,102,41,6,122,21,17,57"/><U93/><E131/><V8/><F105/><W106/><G122/><T22/><D111/><U32/><E32/><V10/><F77/><W33/><G6/><T115/><D37/><U75/><E69/><V94/><F94/><W89/><G41/><T74/><D74/><U63/><E3/><V19/><F36/><W133/><G102/><T2/><D2/><U25/><E4/><V98/><F98/><W114/><G89/><T72/><D72/><U71/><E79/><V31/><F135/><W125/><G82/><T81/><D129/><U1/><E1/><V18/><F60/><W128/><G128/><T64/><D120/><U87/><E26/><V14/><F68/><W76/><G76/><T84/><D115/><N who="3" m="44073" /><G33/><T119/><D119/><U35/><E35/><V110/><F118/><W16/><G125/><T54/><D124/><U30/><REACH who="1" step="1"/><E52/><REACH who="1" ten="188,444,169,189" step="2"/><V109/><F0/><W51/><G17/><T43/><D54/><U86/><E86/><V104/><F110/><W65/><G65/><T127/><D127/><U83/><AGARI ba="0,1" hai="20,25,30,63,67,71,73,75,83,87,91,93,97,103" machi="83" ten="20,3900,0" yaku="1,1,0,1,7,1,53,0" doraHai="29" doraHaiUra="113" who="1" fromWho="1" sc="188,-13,444,49,169,-13,189,-13" /><INIT seed="5,1,0,4,0,35" ten="175,493,156,176" oya="1" hai0="126,91,27,52,17,132,50,0,64,26,5,65,84" hai1="117,16,62,87,83,79,15,68,20,39,19,108,82" hai2="102,4,60,128,81,21,37,105,99,28,9,114,76" hai3="41,54,13,110,1,73,2,103,29,24,118,129,88"/><U58/><E117/><V116/><F116/><W30/><G110/><T33/><D132/><U111/><E39/><V85/><F128/><W120/><G73/><T10/><D126/><U57/><E68/><V3/><F37/><W75/><G75/><T31/><D26/><U44/><E44/><V122/><F122/><W67/><G120/><T70/><D70/><U97/><E97/><V133/><F133/><W98/><G41/><T42/><D17/><U115/><E115/><V14/><F114/><W38/><G38/><T130/><D42/><U43/><E43/><V77/><F60/><W86/><G67/><T56/><REACH who="0" step="1"/><D130/><REACH who="0" ten="165,493,156,176" step="2"/><U66/><E19/><V32/><F32/><W74/><G129/><T36/><D36/><U131/><E131/><V48/><F48/><W104/><G118/><T51/><D51/><U34/><E34/><V107/><F28/><W127/><G127/><T134/><D134/><U18/><E18/><V59/><F59/><W109/><G109/><N who="1" m="42058" /><E57/><V63/><F63/><W135/><G135/><T7/><D7/><U78/><E58/><V11/><F21/><W55/><G30/><T95/><AGARI ba="1,1" hai="0,5,10,27,31,33,50,52,56,64,65,84,91,95" machi="95" ten="20,8000,1" yaku="1,1,0,1,7,1,52,1,54,1,53,0" doraHai="35" doraHaiUra="69" who="0" fromWho="0" sc="165,93,493,-41,156,-21,176,-21" /><INIT seed="6,0,0,1,4,24" ten="258,452,135,155" oya="2" hai0="1,74,68,120,127,122,37,49,130,91,0,29,5" hai1="65,121,63,129,45,82,41,108,26,104,10,112,134" hai2="14,22,13,77,32,47,84,39,67,92,53,99,3" hai3="64,11,71,102,28,33,78,97,55,133,106,124,17"/><V110/><F32/><W19/><G124/><T118/><D49/><U117/><E108/><V109/><F3/><W128/><G128/><T95/><D74/><U12/><E117/><V15/><F67/><W30/><G78/><T4/><D37/><U126/><E104/><V7/><F7/><W48/><G133/><T83/><D68/><U61/><E126/><V88/><F22/><W60/><G11/><T50/><D127/><U66/><E112/><V113/><F113/><W36/><G36/><T103/><D118/><U105/><E105/><V107/><F107/><W16/><REACH who="3" step="1"/><G33/><REACH who="3" ten="258,452,135,145" step="2"/><T125/><D125/><U57/><E10/><V18/><F18/><W58/><AGARI ba="0,1" hai="16,17,19,28,30,48,55,58,60,64,71,97,102,106" machi="58" ten="30,12000,2" yaku="1,1,2,1,0,1,52,2,54,1,53,1" doraHai="24" doraHaiUra="46" who="3" fromWho="3" sc="258,-30,452,-30,135,-60,145,130" /><INIT seed="7,0,0,1,1,11" ten="228,422,75,275" oya="3" hai0="64,46,76,4,75,26,86,0,72,68,34,115,6" hai1="30,32,123,77,79,129,60,132,97,58,80,45,89" hai2="85,39,113,127,107,73,78,105,88,62,20,110,7" hai3="13,48,67,109,54,53,31,25,128,117,81,59,74"/><W44/><G117/><T24/><D86/><U98/><E123/><V15/><F110/><W12/><G109/><T71/><D46/><U124/><E32/><V135/><F39/><W103/><G67/><T29/><D64/><U118/><E30/><V38/><F38/><W120/><G120/><T87/><D87/><N who="1" m="50407" /><E124/><V35/><F35/><W18/><G18/><T9/><D24/><U17/><E129/><V91/><F113/><W1/><G1/><T101/><D6/><U49/><E132/><V104/><F127/><W16/><G128/><T122/><D122/><U65/><E17/><V23/><F73/><W19/><G103/><T92/><D92/><U8/><E8/><V111/><F111/><W36/><G36/><T106/><D115/><U84/><E118/><V114/><F114/><W131/><G131/><T83/><D75/><U57/><E58/><V100/><F135/><W130/><G130/><T94/><D94/><U69/><E69/><V134/><F134/><W125/><G125/><T33/><D33/><U108/><E84/><V21/><F100/><W3/><G3/><T56/><D56/><U112/><E108/><V41/><F41/><W28/><G74/><T63/><D63/><U116/><E116/><V42/><F42/><W70/><G70/><T82/><D82/><U90/><E90/><N who="2" m="34347" /><F62/><N who="3" m="36207" /><G81/><T37/><D37/><U96/><E112/><V121/><F121/><W93/><G93/><T47/><D47/><U55/><AGARI ba="0,0" hai="45,49,55,57,60,65,77,79,96,97,98" m="50407" machi="55" ten="30,1100,0" yaku="8,1" doraHai="11" who="1" fromWho="1" sc="228,-3,422,11,75,-3,275,-5" owari="225,-17.5,433,53.3,72,-42.8,270,7.0" /></mjloggm>