<mjloggm ver="2.3"><GO type="41" lobby="0"/><UN n0="%E3%82%86%E3%81%86%E3%81%A6%E3%81%84" n1="%E6%99%AE%E9%AD%AF%E6%96%AF%E7%89%B9" n2="%E2%93%9D%4C%75%63%6B%79%4A" n3="%48%51%40%E3%83%9E%E3%82%B5%E3%82%AD%E3%83%B3%E3%82%B0" dan="14,15,17,14" rate="1949.22,2008.15,2126.61,1913.56" sx="M,M,M,M"/><TAIKYOKU oya="0"/><INIT seed="0,0,0,1,0,52" ten="250,250,250,250" oya="0" hai0="27,124,38,89,59,68,53,107,119,58,67,35,45" hai1="101,95,32,16,90,97,57,85,81,0,87,71,103" hai2="25,118,30,128,12,24,21,42,125,63,29,122,109" hai3="54,55,80,130,86,36,116,9,3,131,114,6,43"/><T5/><D119/><U117/><E71/><V18/><F118/><W94/><G114/><T92/><D107/><U74/><E0/><V46/><F122/><W2/><G2/><T110/><D124/><U41/><E32/><V40/><F125/><W15/><G116/><T23/><D35/><U17/><E117/><V10/><F109/><W64/><G94/><T102/><D68/><U13/><E74/><V69/><F128/><W106/><G106/><T65/><D102/><U73/><E73/><V50/><F69/><W98/><G98/><N who="0" m="57615" /><D38/><U31/><E31/><V75/><F75/><W127/><G127/><T39/><D39/><U70/><E70/><V134/><F134/><W28/><G3/><T84/><D5/><U8/><E41/><V132/><F132/><W33/><G33/><T115/><D115/><U108/><E108/><V60/><REACH who="2" step="1"/><F42/><REACH who="2" ten="250,250,240,250" step="2"/><W48/><G130/><T112/><D112/><U123/><E123/><V111/><F111/><W34/><G43/><T91/><D110/><U61/><E87/><V4/><F4/><W1/><G6/><T37/><D37/><U121/><E121/><V20/><AGARI ba="0,1" hai="10,12,18,20,21,24,25,29,30,40,46,50,60,63" machi="20" ten="20,8000,1" yaku="1,1,0,1,7,1,9,1,8,1,53,0" doraHai="52" doraHaiUra="77" who="2" fromWho="2" sc="250,-40,250,-20,240,90,250,-20" /><INIT seed="1,0,0,1,1,133" ten="210,230,330,230" oya="1" hai0="92,5,117,91,104,25,49,70,27,61,94,79,60" hai1="40,56,48,26,69,81,90,102,107,82,42,28,105" hai2="106,39,32,97,21,11,83,85,19,1,65,43,15" hai3="75,113,18,14,135,47,88,33,46,96,87,134,50"/><U76/><E69/><V73/><F73/><W62/><G75/><T7/><D104/><U114/><E114/><V3/><F32/><W0/><G0/><T118/><D49/><U36/><E36/><V4/><F65/><W72/><G33/><T98/><D98/><U51/><E102/><V29/><F29/><W111/><G72/><T23/><D23/><U86/><E105/><V35/><F35/><W66/><G111/><T37/><D37/><U130/><E130/><V34/><F34/><W52/><G96/><T129/><D129/><U112/><E107/><V58/><F58/><W108/><G47/><T64/><D64/><U123/><E123/><V63/><F63/><W121/><G108/><T53/><D53/><U41/><E56/><V99/><F3/><W22/><G113/><T103/><D91/><U9/><E9/><V54/><F54/><W131/><G121/><T45/><D45/><U101/><E101/><V2/><F2/><W122/><G122/><T16/><D103/><U6/><E6/><V55/><F55/><W110/><G110/><T31/><D31/><U59/><E59/><V44/><REACH who="2" step="1"/><F106/><REACH who="2" ten="210,230,320,230" step="2"/><W57/><REACH who="3" step="1"/><G131/><REACH who="3" ten="210,230,320,220" step="2"/><T115/><D115/><U120/><E112/><V20/><F20/><W77/><G77/><AGARI ba="0,2" hai="1,4,11,15,19,21,39,43,44,77,83,85,97,99" machi="77" ten="30,3900,0" yaku="1,1,7,1,53,1" doraHai="133" doraHaiUra="13" who="2" fromWho="3" sc="210,0,230,0,320,59,220,-39" /><INIT seed="2,0,0,1,4,44" ten="210,230,379,181" oya="2" hai0="85,109,52,80,2,124,0,31,97,16,72,131,134" hai1="22,122,65,83,123,84,56,104,79,77,38,103,106" hai2="82,51,39,96,75,99,70,9,17,102,50,1,117" hai3="19,28,64,81,7,121,120,89,88,23,69,101,37"/><V125/><F117/><W24/><G37/><T27/><D109/><U76/><E38/><V111/><F70/><W11/><G101/><T49/><D72/><U107/><E22/><V105/><F39/><W113/><G113/><T93/><D131/><U46/><E46/><V55/><F125/><W25/><G69/><T10/><D124/><U128/><E56/><V66/><F66/><W62/><G81/><T45/><D134/><U60/><E60/><V57/><F99/><W30/><G19/><T114/><D114/><U43/><E43/><V129/><F129/><W98/><G98/><T36/><D36/><U26/><E26/><V15/><F1/><W95/><G62/><T108/><D108/><U71/><E65/><V18/><F111/><W63/><G95/><T67/><D67/><U68/><E128/><V61/><REACH who="2" step="1"/><F18/><REACH who="2" ten="210,230,369,181" step="2"/><W110/><G110/><T33/><D16/><U130/><E130/><V32/><F32/><W115/><G115/><T48/><D2/><U12/><E68/><V100/><F100/><W3/><G120/><N who="1" m="46122" /><E71/><V73/><F73/><W91/><G121/><T119/><D119/><U133/><E133/><V94/><F94/><W118/><G118/><T47/><D0/><U4/><E103/><V21/><F21/><W135/><G135/><T53/><D10/><AGARI ba="0,1" hai="4,10,12,76,77,79,83,84,104,106,107" m="46122" machi="10" ten="40,1300,0" yaku="13,1" doraHai="44" who="1" fromWho="0" sc="210,-13,230,23,369,0,181,0" /><INIT seed="3,0,0,2,3,127" ten="197,253,369,181" oya="3" hai0="69,68,44,93,99,128,124,5,39,42,62,111,56" hai1="49,88,130,66,135,102,13,63,109,41,117,83,18" hai2="43,110,50,90,12,54,45,59,25,3,82,94,7" hai3="58,132,72,103,22,28,106,40,79,70,20,89,100"/><W129/><G70/><T38/><D5/><U67/><E109/><V61/><F110/><W2/><G2/><T30/><D30/><U96/><E135/><V27/><F82/><W134/><G40/><T14/><D111/><U57/><E117/><V17/><F7/><W126/><G72/><T0/><D0/><U32/><E32/><V80/><F80/><W16/><G79/><T34/><D34/><U55/><E130/><V74/><F74/><W76/><G76/><T123/><D123/><U4/><E4/><V108/><F3/><W9/><G9/><T116/><D116/><U92/><E41/><V101/><F101/><W19/><G89/><T15/><D39/><U95/><E83/><V85/><REACH who="2" step="1"/><F108/><REACH who="2" ten="197,253,359,181" step="2"/><W118/><G103/><T53/><D124/><U86/><E63/><V1/><F1/><W113/><G126/><T105/><D62/><U29/><E29/><V114/><F114/><W77/><G28/><T8/><D38/><U35/><E35/><V52/><F52/><W36/><G36/><T97/><D53/><U112/><E112/><V73/><F73/><W84/><G113/><T51/><D42/><U23/><AGARI ba="0,1" hai="13,18,23,49,55,57,66,67,86,88,92,95,96,102" machi="23" ten="20,12000,2" yaku="0,1,7,1,25,2,8,1,54,1" doraHai="127" who="1" fromWho="1" sc="197,-30,253,130,359,-30,181,-60" /><INIT seed="4,0,0,4,1,13" ten="167,383,329,121" oya="0" hai0="41,101,4,116,92,39,124,55,27,126,79,59,24" hai1="107,42,30,95,128,135,104,117,35,69,2,87,109" hai2="3,0,20,15,100,93,127,130,94,45,106,31,119" hai3="61,123,40,25,58,38,21,74,90,5,51,91,7"/><T67/><D116/><U14/><E14/><V8/><F106/><W60/><G74/><T17/><D4/><U118/><E42/><V82/><F127/><N who="0" m="48682" /><D79/><U11/><E11/><V10/><F130/><W131/><G131/><T29/><D67/><U49/><E49/><V99/><F94/><W134/><G38/><T97/><D39/><U111/><E30/><V96/><F99/><W56/><G123/><T132/><D41/><U83/><E35/><V1/><F119/><W70/><G134/><T28/><D132/><U34/><E34/><V122/><F122/><W46/><G70/><T37/><D37/><U78/><E69/><V71/><F71/><W48/><G5/><T85/><D85/><U75/><E2/><V105/><F3/><W64/><G7/><T54/><D27/><U66/><E66/><V26/><F1/><W65/><G51/><N who="0" m="31199" /><D55/><U62/><E62/><V129/><F0/><W81/><G81/><T53/><D53/><U33/><E135/><V6/><F82/><W23/><G23/><AGARI ba="0,0" hai="17,23,24,28,29,92,97,101" m="31199,48682" machi="23" ten="30,2900,0" yaku="18,1,52,1" doraHai="13" who="0" fromWho="3" sc="167,29,383,0,329,0,121,-29" /><INIT seed="4,1,0,5,5,32" ten="196,383,329,92" oya="0" hai0="43,122,81,68,58,41,49,15,77,132,112,66,107" hai1="119,22,27,86,39,4,98,94,78,123,84,42,127" hai2="18,76,89,96,61,115,37,113,97,130,31,116,111" hai3="2,103,63,101,56,95,13,12,64,70,73,92,82"/><T62/><D122/><U16/><E119/><V124/><F31/><W118/><G118/><T53/><D107/><U30/><E123/><V40/><F116/><W11/><G73/><T47/><D15/><U71/><E71/><V59/><F76/><W133/><G133/><T19/><D19/><U24/><E127/><V54/><F111/><W91/><G82/><T108/><D108/><U135/><E135/><V110/><F130/><W21/><G70/><T23/><D23/><U126/><E126/><V128/><F128/><W8/><G21/><T1/><D1/><U35/><E4/><V129/><F18/><W114/><G2/><T67/><D132/><U3/><E3/><V45/><F129/><W105/><G105/><T7/><D7/><U17/><E17/><V79/><F79/><W121/><G114/><N who="2" m="43529" /><F110/><W120/><G64/><T80/><D80/><U88/><REACH who="1" step="1"/><E78/><REACH who="1" ten="196,373,329,92" step="2"/><V25/><F124/><W100/><G120/><T72/><D112/><U46/><AGARI ba="1,1" hai="16,22,24,27,30,35,39,42,46,84,86,88,94,98" machi="46" ten="30,8000,1" yaku="1,1,2,1,0,1,54,2,53,0" doraHai="32" doraHaiUra="65" who="1" fromWho="1" sc="196,-41,373,93,329,-21,92,-21" /><INIT seed="5,0,0,2,3,33" ten="155,466,308,71" oya="1" hai0="28,4,80,45,55,125,133,38,108,44,39,61,76" hai1="69,98,114,130,58,113,0,34,56,92,48,24,59" hai2="72,95,57,129,119,100,135,84,123,71,116,65,26" hai3="81,19,110,6,115,41,2,117,112,63,102,42,23"/><U111/><E69/><V93/><F71/><W13/><G102/><T25/><D108/><U83/><E111/><V29/><F72/><W9/><G110/><T62/><D133/><U74/><E130/><V16/><F123/><W66/><G117/><T15/><D125/><U30/><E0/><V127/><F129/><W20/><G81/><T91/><D39/><U7/><E7/><V90/><F127/><W14/><G112/><N who="1" m="43114" /><E83/><V12/><F135/><W37/><G37/><T18/><D4/><U49/><E74/><V96/><F65/><W103/><G115/><T86/><D76/><U67/><E67/><V8/><REACH who="2" step="1"/><F57/><REACH who="2" ten="155,466,298,71" step="2"/><W54/><G66/><T27/><D45/><U85/><E85/><V77/><F77/><W36/><G36/><T64/><D64/><U78/><E78/><V22/><AGARI ba="0,1" hai="8,12,16,22,26,29,84,90,93,95,96,100,116,119" machi="22" ten="20,5200,0" yaku="1,1,0,1,7,1,54,1,53,0" doraHai="33" doraHaiUra="106" who="2" fromWho="2" sc="155,-13,466,-26,298,62,71,-13" /><INIT seed="6,0,0,2,3,55" ten="142,440,360,58" oya="2" hai0="125,43,36,77,96,14,35,103,67,134,131,116,85" hai1="73,13,16,84,88,2,22,79,132,1,44,97,106" hai2="76,65,71,70,47,50,105,33,107,118,102,62,49" hai3="3,120,17,11,64,63,27,54,60,26,15,93,127"/><V59/><F33/><W46/><G127/><T75/><D116/><U7/><E132/><V99/><F118/><W6/><G120/><T117/><D117/><U135/><E135/><V98/><F76/><W122/><G122/><T45/><D134/><U25/><E44/><V12/><F12/><W37/><G37/><T30/><D85/><U133/><E133/><V66/><F66/><W124/><G124/><T109/><D125/><U4/><E1/><V130/><F130/><W31/><G46/><T34/><D34/><U115/><E115/><V56/><F71/><W23/><G54/><T24/><D131/><U28/><E2/><V68/><F70/><W78/><G78/><T113/><D14/><U81/><E97/><V57/><F47/><W10/><G10/><T69/><D113/><U121/><E106/><V74/><F74/><W18/><G18/><T20/><D20/><U86/><E73/><V40/><F40/><W61/><G93/><T119/><D119/><U32/><E121/><V5/><F5/><W90/><G90/><T92/><D109/><U126/><E126/><V51/><F68/><W83/><G83/><AGARI ba="0,0" hai="4,7,13,16,22,25,28,32,79,81,83,84,86,88" machi="83" ten="30,3900,0" yaku="7,1,54,2" doraHai="55" who="1" fromWho="3" sc="142,0,440,39,360,0,58,-39" /><INIT seed="7,0,0,1,0,123" ten="142,479,360,19" oya="3" hai0="57,88,73,10,64,51,31,65,134,95,17,0,9" hai1="116,24,89,109,128,102,99,118,47,86,43,19,113" hai2="72,58,50,15,7,97,41,62,14,32,85,2,22" hai3="133,4,106,66,77,45,98,132,60,75,127,61,111"/><W11/><G127/><T30/><D73/><U119/><E109/><V63/><F72/><W81/><G45/><T34/><D34/><U71/><E71/><V130/><F32/><W96/><G61/><T126/><D134/><U1/><E1/><V21/><F130/><W82/><G82/><T117/><D117/><U44/><E113/><V91/><F97/><W54/><G54/><N who="0" m="31967" /><D0/><U5/><E5/><V52/><F2/><N who="3" m="407" /><G106/><T80/><D80/><N who="1" m="49351" /><E128/><V100/><F100/><W53/><G53/><T125/><D125/><U49/><E44/><N who="2" m="25871" /><F63/><W103/><G103/><T59/><D10/><U26/><E19/><V108/><F7/><W25/><G25/><T124/><D124/><U35/><E35/><V129/><F129/><W135/><G111/><T55/><D126/><U37/><E37/><V114/><F108/><W3/><G3/><T131/><D131/><U79/><E79/><V74/><F74/><W120/><G120/><T122/><D122/><U101/><E101/><V40/><F40/><W36/><G36/><T16/><D9/><U90/><E90/><V83/><F114/><W13/><G13/><AGARI ba="0,0" hai="13,14,15,21,22,52,58,62,83,85,91" m="25871" machi="13" ten="30,2000,0" yaku="8,1,54,1" doraHai="123" who="2" fromWho="3" sc="142,0,479,0,360,20,19,-20" owari="142,-25.8,479,57.9,380,18.0,-1,-50.1" /></mjloggm>