<mjloggm ver="2.3"><GO type="41" lobby="0"/><UN n0="%E3%81%9F%2E%E3%81%91" n1="%32%30%30%33%30%37%31%39" n2="%E6%97%85%E8%80%85" n3="%E2%93%9D%4C%75%63%6B%79%4A" dan="13,14,13,18" rate="1881.18,1955.14,1909.73,2161.55" sx="M,M,M,M"/><TAIKYOKU oya="0"/><INIT seed="0,0,0,4,0,109" ten="250,250,250,250" oya="0" hai0="78,65,43,66,11,133,70,14,10,88,97,48,77" hai1="37,75,29,82,38,96,95,106,130,2,94,50,121" hai2="28,100,110,112,5,68,129,4,113,21,49,123,40" hai3="124,39,23,3,125,98,19,63,74,89,67,26,1"/><T131/><D133/><U7/><E121/><V72/><F68/><W127/><G74/><T0/><D70/><U61/><E130/><V105/><F72/><W52/><G39/><T41/><D131/><U119/><E119/><V17/><F129/><W71/><G89/><T34/><D34/><U135/><E61/><V99/><F123/><W92/><G92/><N who="0" m="56455" /><D0/><U87/><E29/><V35/><F110/><W57/><REACH who="3" step="1"/><G98/><REACH who="3" ten="250,250,250,240" step="2"/><T132/><D132/><U60/><E75/><V111/><F111/><W24/><G24/><T114/><D114/><U22/><E95/><V12/><F40/><W8/><G8/><T27/><D27/><U115/><E115/><V122/><F122/><W55/><G55/><T103/><D103/><U16/><E94/><V128/><F128/><W46/><G46/><N who="0" m="25679" /><D43/><U13/><E135/><V118/><F112/><W15/><G15/><T47/><D47/><U104/><E13/><V32/><F113/><W80/><G80/><T83/><D83/><U84/><E37/><V45/><F118/><W31/><G31/><T91/><D91/><U9/><E38/><V44/><F44/><W36/><G36/><T79/><D11/><U81/><E9/><V25/><F32/><W62/><AGARI ba="0,1" hai="1,3,19,23,26,52,57,62,63,67,71,124,125,127" machi="62" ten="40,8000,1" yaku="1,1,0,1,18,1,54,1,53,0" doraHai="109" doraHaiUra="76" who="3" fromWho="3" sc="250,-40,250,-20,250,-20,240,90" /><INIT seed="1,0,0,2,0,69" ten="210,230,230,330" oya="1" hai0="58,112,71,131,24,56,62,41,111,40,74,0,19" hai1="63,93,11,113,57,28,79,53,48,51,91,39,16" hai2="83,50,25,10,22,38,125,86,130,92,129,101,3" hai3="124,26,47,35,31,66,90,118,43,20,89,60,126"/><U14/><E113/><V119/><F119/><W49/><G118/><T42/><D74/><U45/><E79/><V32/><F32/><W95/><G35/><T117/><D0/><U108/><E108/><V99/><F125/><W44/><G47/><T107/><D107/><U17/><E28/><V135/><F135/><W18/><G31/><T132/><D132/><U52/><E39/><V85/><F50/><W104/><G104/><T100/><D100/><U76/><E76/><V116/><F116/><W55/><G43/><T46/><D24/><U27/><E27/><V98/><F38/><W8/><G8/><T128/><D19/><N who="1" m="8671" /><E63/><V80/><F10/><W12/><G26/><T54/><D117/><U34/><E34/><V115/><F3/><W37/><G37/><N who="0" m="21775" /><D112/><U133/><E133/><V7/><F7/><W5/><G5/><T103/><D103/><U102/><E102/><N who="2" m="60743" /><F115/><W82/><G126/><T2/><D2/><U87/><AGARI ba="0,0" hai="16,17,45,48,51,52,53,57,87,91,93" m="8671" machi="87" ten="30,6000,0" yaku="8,1,54,2" doraHai="69" who="1" fromWho="1" sc="210,-20,230,60,230,-20,330,-20" /><INIT seed="1,1,0,0,4,58" ten="190,290,210,310" oya="1" hai0="41,33,35,107,133,89,113,7,73,1,26,39,130" hai1="16,11,97,43,38,14,126,59,15,76,50,115,80" hai2="40,44,98,31,53,124,18,128,81,19,27,42,65" hai3="135,24,60,109,123,20,75,110,5,12,86,61,125"/><U71/><E115/><V3/><F3/><W120/><G75/><T21/><D89/><U72/><E126/><V83/><F124/><W106/><G125/><T132/><D107/><U116/><E116/><V52/><F128/><W93/><G106/><T88/><D73/><U131/><E131/><V91/><F65/><W100/><G12/><T55/><D55/><U13/><E97/><V57/><F53/><W96/><G5/><T108/><D113/><U119/><E38/><V118/><F31/><N who="3" m="17799" /><G86/><T70/><D70/><U49/><E71/><V67/><F67/><W129/><G135/><N who="0" m="51787" /><D130/><U122/><E122/><N who="3" m="46634" /><G129/><T45/><D108/><AGARI ba="1,0" hai="60,61,93,96,100,108,109,110" m="46634,17799" machi="108" ten="30,3900,0" yaku="14,1,52,2" doraHai="58" who="3" fromWho="0" sc="190,-42,290,0,210,0,310,42" /><INIT seed="2,0,0,2,1,84" ten="148,290,210,352" oya="2" hai0="18,63,100,64,47,83,104,118,78,60,72,86,34" hai1="58,114,30,130,7,17,21,43,112,33,66,41,42" hai2="65,25,134,110,113,40,67,39,44,9,81,36,32" hai3="103,87,106,46,79,73,50,131,52,19,98,77,11"/><V117/><F113/><W26/><G73/><T90/><D34/><U22/><E130/><V85/><F117/><W48/><G131/><T20/><D118/><U102/><E7/><V116/><F116/><W12/><G26/><T89/><D47/><U2/><E2/><V133/><F36/><W88/><REACH who="3" step="1"/><G50/><REACH who="3" ten="148,290,210,342" step="2"/><T10/><D72/><U129/><E129/><V37/><F37/><W45/><G45/><T95/><D104/><U55/><E114/><V54/><F25/><W75/><G75/><T28/><D28/><U29/><E112/><V4/><F39/><W91/><G91/><N who="0" m="34827" /><D10/><U107/><E30/><V123/><F9/><W96/><G96/><N who="0" m="59423" /><D64/><U76/><E66/><V62/><F65/><W24/><G24/><AGARI ba="0,1" hai="18,20,24,60,63,78,83,86" m="59423,34827" machi="24" ten="30,7700,0" yaku="8,1,52,3" doraHai="84" who="0" fromWho="3" sc="148,87,290,0,210,0,342,-77" /><INIT seed="3,0,0,0,4,103" ten="235,290,210,265" oya="3" hai0="113,56,112,64,23,87,7,30,67,135,33,19,98" hai1="27,121,0,14,101,66,110,36,123,74,111,38,122" hai2="51,130,37,25,6,90,81,116,78,129,44,94,34" hai3="3,63,41,84,5,47,76,61,65,58,54,42,1"/><W4/><G3/><T46/><D135/><U124/><E0/><V15/><F116/><W20/><G1/><T68/><D68/><U126/><E27/><V28/><F15/><W119/><G119/><T24/><D87/><U128/><E14/><V77/><F37/><N who="1" m="14441" /><E74/><V133/><F6/><W18/><G76/><T22/><D46/><U117/><E101/><V49/><F133/><W114/><G114/><N who="0" m="44139" /><D98/><U16/><E16/><V93/><F77/><W17/><G18/><T132/><D132/><U72/><E72/><V97/><F93/><W99/><G99/><T62/><D7/><U53/><E66/><N who="0" m="25129" /><D19/><U120/><E117/><V115/><F34/><W95/><G5/><T102/><D102/><U43/><E43/><V29/><F115/><W131/><G4/><T79/><D79/><U82/><E82/><V40/><F81/><W83/><G83/><T12/><D12/><U35/><E35/><V48/><F78/><W91/><G47/><T55/><AGARI ba="0,0" hai="22,23,24,30,33,55,56,62" m="25129,44139" machi="55" ten="30,1100,0" yaku="11,1" doraHai="103" who="0" fromWho="0" sc="235,11,290,-3,210,-3,265,-5" /><INIT seed="4,0,0,4,2,1" ten="246,287,207,260" oya="0" hai0="128,118,13,75,6,4,66,51,42,41,107,79,0" hai1="99,101,14,121,87,39,88,31,68,21,98,58,84" hai2="37,111,124,11,33,112,60,53,30,67,35,113,52" hai3="16,32,89,119,127,2,90,94,132,55,36,82,45"/><T49/><D107/><U97/><E68/><V129/><F111/><W83/><G32/><N who="2" m="12361" /><F30/><W130/><G2/><T57/><D118/><U92/><E39/><V28/><F28/><W18/><G127/><T100/><D0/><U95/><E121/><V25/><F25/><W3/><G132/><T109/><D128/><U62/><E58/><V29/><F29/><W120/><G3/><T123/><D123/><U59/><E84/><V93/><F37/><W64/><G64/><T7/><D75/><U125/><E125/><V50/><F124/><W5/><G119/><T133/><D79/><U56/><E56/><V126/><F126/><W117/><G36/><T96/><D133/><U48/><E48/><N who="0" m="18505" /><D109/><U72/><E72/><V69/><F50/><W77/><G77/><T71/><D71/><U23/><E23/><V12/><F12/><W9/><BYE who="2" /><G130/><T40/><D13/><U78/><E78/><V63/><F63/><W106/><G120/><T26/><D26/><N who="1" m="16847" /><E14/><V65/><F65/><AGARI ba="0,0" hai="59,62,65,87,88,92,95,97,98,99,101" m="16847" machi="65" ten="30,3900,0" yaku="25,1,8,1,54,1" doraHai="1" who="1" fromWho="2" sc="246,0,287,39,207,-39,260,0" /><INIT seed="5,0,0,3,1,121" ten="246,326,168,260" oya="1" hai0="80,14,82,23,64,130,96,7,5,28,114,1,83" hai1="35,45,58,131,31,97,106,51,105,44,27,26,132" hai2="88,93,42,48,112,104,87,55,75,107,127,99,39" hai3="22,95,52,90,16,38,12,73,111,9,103,33,124"/><U89/><E131/><V66/><F66/><W25/><G73/><T113/><D130/><U43/><E132/><V69/><F69/><W92/><G38/><T47/><D1/><U123/><E123/><V118/><F118/><W34/><G111/><T24/><D64/><U74/><E74/><V17/><F17/><W115/><G115/><N who="0" m="44043" /><D14/><U67/><E26/><V15/><F15/><W120/><G124/><T29/><D28/><U30/><E31/><V85/><F85/><W102/><G120/><T109/><D96/><U135/><E135/><V81/><F81/><N who="0" m="20738" /><T70/><DORA hai="84" /><D70/><U128/><E128/><V18/><F18/><W108/><G108/><T129/><D129/><U133/><E133/><V10/><F10/><W59/><G95/><T20/><D20/><U117/><E117/><V37/><F37/><W91/><G34/><T116/><D116/><U101/><E105/><V32/><F32/><W125/><G125/><T53/><D109/><U36/><E67/><V119/><F119/><W0/><G0/><T46/><D53/><U6/><E6/><AGARI ba="0,0" hai="5,6,7,23,24,29,46,47" m="20738,44043" machi="6" ten="40,1300,0" yaku="15,1" doraHai="121,84" who="0" fromWho="1" sc="246,13,326,-13,168,0,260,0" /><INIT seed="6,0,0,5,0,31" ten="259,313,168,260" oya="2" hai0="92,24,112,113,6,23,110,99,45,89,58,120,35" hai1="64,104,134,117,109,25,5,22,30,72,67,56,49" hai2="39,63,46,73,79,105,93,68,13,2,122,86,111" hai3="47,103,11,27,106,36,74,91,17,18,34,108,66"/><V54/><F54/><W132/><G74/><T60/><D120/><U100/><E109/><V1/><F1/><W128/><G91/><T10/><D110/><U119/><E72/><V130/><F130/><W38/><G66/><T52/><D45/><U32/><E134/><V80/><F80/><W0/><G103/><T101/><D101/><U57/><E5/><V78/><F78/><W51/><G106/><T114/><D35/><U33/><E100/><V98/><F98/><W9/><G132/><T26/><REACH who="0" step="1"/><D23/><REACH who="0" ten="249,313,168,260" step="2"/><U65/><E104/><V126/><F126/><W133/><G47/><T129/><D129/><U121/><E121/><V40/><F40/><W62/><G128/><T84/><D84/><U118/><REACH who="1" step="1"/><E57/><REACH who="1" ten="249,303,168,260" step="2"/><V59/><F59/><W75/><G108/><T123/><D123/><U19/><E19/><V102/><F102/><W21/><G18/><T85/><D85/><U20/><E20/><V96/><F96/><W15/><G21/><T135/><D135/><U90/><E90/><V115/><F115/><W4/><G133/><T88/><D88/><U29/><E29/><V131/><F131/><W125/><G17/><T127/><D127/><U28/><E28/><V43/><F43/><W50/><G125/><T55/><D55/><AGARI ba="0,2" hai="22,25,30,32,33,49,55,56,64,65,67,117,118,119" machi="55" ten="50,6400,0" yaku="1,1,52,2,53,0" doraHai="31" doraHaiUra="97" who="1" fromWho="0" sc="249,-64,303,84,168,0,260,0" /><INIT seed="7,0,0,2,0,38" ten="185,387,168,260" oya="3" hai0="44,64,119,55,14,106,79,2,124,105,67,129,23" hai1="97,126,26,68,8,56,18,81,92,28,58,98,93" hai2="130,34,104,60,131,133,31,109,114,118,50,70,45" hai3="127,107,41,77,61,103,57,9,53,128,29,90,111"/><W120/><G120/><T15/><D119/><U85/><E68/><V62/><F62/><W78/><G128/><T117/><D117/><U101/><E126/><V49/><F49/><W52/><G127/><T24/><D129/><U96/><E96/><V102/><F102/><W113/><G113/><T123/><D124/><U40/><E40/><V87/><F87/><W115/><G115/><T5/><D123/><U3/><E3/><V27/><F27/><W0/><G29/><T63/><D79/><N who="3" m="30217" /><G0/><T30/><D106/><U16/><E8/><V82/><F82/><W86/><G111/><T73/><D105/><U59/><E85/><V22/><F22/><W12/><G103/><T134/><D73/><U4/><E4/><V132/><F132/><W66/><G41/><T19/><D134/><U37/><E37/><V89/><F89/><W76/><N who="3" m="30225" /><W108/><DORA hai="100" /><G108/><T121/><D121/><U32/><REACH who="1" step="1"/><E81/><REACH who="1" ten="185,377,168,260" step="2"/><V74/><F74/><W13/><G107/><T6/><D2/><U35/><E35/><V46/><F46/><W39/><G39/><T110/><D44/><U36/><E36/><V69/><F69/><W125/><G125/><T11/><D110/><U25/><E25/><V88/><F88/><AGARI ba="0,1" hai="16,18,26,28,32,56,58,59,88,92,93,97,98,101" machi="88" ten="40,5200,0" yaku="1,1,54,2,53,0" doraHai="38,100" doraHaiUra="10,83" who="1" fromWho="2" sc="185,0,377,62,168,-52,260,0" owari="185,-21.5,439,53.9,116,-38.4,260,6.0" /></mjloggm>