<mjloggm ver="2.3"><GO type="137" lobby="0"/><UN n0="%E4%B8%B8%E3%81%84%E8%A6%96%E8%A6%9A" n1="%E3%81%B5%E3%82%89%EF%BC%90%EF%BC%91%EF%BC%91%EF%BC%90" n2="%E2%93%9D%4C%75%63%6B%79%4A" n3="%E3%82%80%E3%81%A3%E3%81%A1%E3%81%A3%E3%81%A1" dan="12,13,12,13" rate="1603.97,1779.34,1883.26,1737.78" sx="M,M,M,M"/><TAIKYOKU oya="0"/><INIT seed="0,0,0,4,2,81" ten="250,250,250,250" oya="0" hai0="55,93,95,96,12,44,61,111,11,6,89,88,27" hai1="117,112,105,0,85,91,26,108,4,9,124,49,36" hai2="16,135,68,42,22,64,125,20,123,104,133,50,14" hai3="59,24,56,120,78,13,60,18,134,8,114,3,52"/><T45/><D111/><U31/><E105/><V121/><F104/><W102/><G114/><T106/><D106/><U70/><E108/><V1/><F64/><W71/><G134/><N who="2" m="51209" /><F68/><W43/><G120/><N who="2" m="46153" /><F42/><W72/><G3/><T39/><D39/><U77/><E112/><V38/><F50/><W118/><G118/><T87/><REACH who="0" step="1"/><D27/><REACH who="0" ten="240,250,250,250" step="2"/><U86/><E117/><V48/><F38/><W19/><G24/><T98/><D98/><U101/><E36/><V5/><F125/><W129/><G129/><T47/><D47/><U113/><E113/><V33/><F33/><W94/><G71/><T2/><D2/><U21/><E124/><V29/><F1/><W34/><G34/><T65/><D65/><U126/><E70/><V28/><F48/><W35/><G35/><T110/><D110/><U66/><E66/><V53/><F53/><W30/><G43/><T75/><D75/><U10/><E126/><V131/><F131/><W80/><G59/><AGARI ba="0,1" hai="6,11,12,44,45,55,59,61,87,88,89,93,95,96" machi="59" ten="40,12000,1" yaku="1,1,8,1,52,1,54,1,53,0" doraHai="81" doraHaiUra="119" who="0" fromWho="3" sc="240,130,250,0,250,0,250,-120" /><INIT seed="0,1,0,5,5,78" ten="370,250,250,130" oya="0" hai0="53,82,32,119,73,109,77,49,65,121,61,25,23" hai1="1,111,102,40,118,44,63,55,99,101,93,58,9" hai2="21,68,132,60,41,18,71,133,51,95,84,35,37" hai3="105,8,16,103,64,124,28,76,115,66,39,62,97"/><T10/><D121/><U45/><E118/><V2/><F35/><W47/><G115/><T3/><D119/><U72/><E111/><V123/><F2/><W130/><G124/><T11/><D3/><U96/><E72/><V15/><F37/><W12/><G130/><T112/><D32/><U116/><E116/><V107/><F107/><W92/><G28/><T114/><D109/><U6/><REACH who="1" step="1"/><E40/><REACH who="1" ten="370,240,250,130" step="2"/><V110/><F41/><W46/><G39/><T4/><D114/><U56/><E56/><V85/><F110/><W52/><G105/><AGARI ba="1,1" hai="1,6,9,44,45,55,58,63,93,96,99,101,102,105" machi="105" ten="30,3900,0" yaku="1,1,7,1,53,1" doraHai="78" doraHaiUra="89" who="1" fromWho="3" sc="370,0,240,52,250,0,130,-42" /><INIT seed="1,0,0,3,5,49" ten="370,292,250,88" oya="1" hai0="90,71,66,56,65,41,16,116,135,21,76,15,79" hai1="99,123,113,98,124,74,78,10,44,50,1,55,82" hai2="3,0,85,105,59,42,8,92,38,67,25,54,4" hai3="33,114,126,100,94,120,37,20,32,36,89,64,23"/><U72/><E123/><V69/><F105/><W83/><G120/><T14/><D116/><U106/><E113/><V57/><F69/><W133/><G114/><T77/><D71/><U18/><E124/><V109/><F109/><W7/><G126/><T63/><D135/><U118/><E118/><V73/><F73/><W125/><G125/><T129/><D129/><U19/><E74/><V132/><F59/><W103/><G133/><T12/><D41/><U110/><E110/><V95/><F67/><W11/><G64/><T52/><REACH who="0" step="1"/><D90/><REACH who="0" ten="360,292,250,88" step="2"/><U86/><E106/><V75/><F42/><W47/><G103/><T87/><D87/><U53/><E72/><V80/><F75/><W108/><G108/><T134/><D134/><U34/><E99/><V96/><F96/><W115/><G115/><T2/><D2/><U35/><E98/><V31/><F3/><W112/><G100/><T26/><AGARI ba="0,1" hai="12,14,15,16,21,26,52,56,63,65,66,76,77,79" machi="26" ten="30,12000,2" yaku="1,1,0,1,8,1,52,1,54,2,53,0" doraHai="49" doraHaiUra="81" who="0" fromWho="0" sc="360,130,292,-60,250,-30,88,-30" /><INIT seed="2,0,0,5,2,112" ten="490,232,220,58" oya="2" hai0="49,71,101,132,111,78,80,124,116,26,25,121,104" hai1="95,102,51,18,117,79,74,81,5,93,22,43,107" hai2="32,110,12,42,100,129,105,10,135,11,44,17,68" hai3="24,29,62,90,119,46,113,8,21,87,96,67,61"/><V66/><F32/><W0/><G113/><T118/><D71/><U130/><E130/><V69/><F129/><W85/><G46/><T83/><D121/><U33/><E33/><V3/><F135/><W58/><G62/><T53/><D132/><U14/><E117/><N who="0" m="45161" /><D124/><U77/><E77/><V92/><F105/><W127/><G119/><T30/><D111/><U125/><E125/><V6/><F110/><W76/><G127/><T89/><D104/><U60/><E5/><V123/><F123/><W91/><G0/><T126/><D126/><U41/><E107/><V122/><F66/><W40/><G40/><T45/><D101/><U103/><E60/><V16/><F17/><W28/><G8/><T20/><D89/><U115/><E115/><V2/><F3/><W84/><G29/><N who="0" m="17575" /><D78/><U63/><E63/><V131/><F131/><W48/><G76/><T27/><D27/><U88/><E95/><V72/><F122/><W73/><G73/><T13/><D13/><U31/><E43/><V50/><REACH who="2" step="1"/><F72/><REACH who="2" ten="490,232,210,58" step="2"/><W64/><G67/><T15/><D15/><U99/><REACH who="1" step="1"/><E31/><REACH who="1" ten="490,222,210,58" step="2"/><V108/><F108/><W4/><G4/><T65/><D65/><U59/><E59/><V37/><F37/><W9/><G64/><T114/><D114/><U134/><E134/><V35/><F35/><AGARI ba="0,2" hai="26,30,35,45,49,53,80,83" m="17575,45161" machi="35" ten="30,7700,0" yaku="12,1,52,3" doraHai="112" who="0" fromWho="2" sc="490,97,222,0,210,-77,58,0" /><INIT seed="3,0,0,1,3,8" ten="587,222,133,58" oya="3" hai0="64,86,89,50,100,78,28,108,47,36,25,109,101" hai1="73,130,52,111,125,122,84,29,80,6,82,92,40" hai2="1,26,105,94,107,77,114,98,2,12,27,21,35" hai3="23,117,15,97,53,56,75,38,69,20,30,44,4"/><W45/><G75/><T10/><D36/><U120/><E125/><V5/><F77/><W113/><G69/><T11/><D78/><U65/><E130/><V79/><F79/><W90/><G113/><T16/><D64/><U19/><E73/><V87/><F87/><W132/><G38/><T121/><D121/><U67/><E29/><N who="2" m="19903" /><F94/><N who="3" m="56535" /><G117/><T48/><D47/><N who="3" m="17993" /><G30/><T33/><D33/><U57/><E40/><V124/><F98/><W24/><G132/><T133/><D133/><U31/><E122/><V70/><F107/><W18/><G4/><T14/><D11/><U54/><E120/><V68/><F105/><W58/><G58/><T95/><D101/><U37/><E37/><V51/><F70/><W59/><G59/><T43/><D43/><U72/><E72/><V85/><F68/><W126/><G126/><T129/><D129/><U103/><E103/><V116/><F114/><W110/><G110/><N who="0" m="42603" /><D100/><U60/><E111/><V74/><F74/><W93/><G93/><T71/><D71/><U96/><E67/><V13/><F124/><W0/><G0/><T3/><D3/><U102/><E82/><V134/><F2/><W34/><G34/><T41/><D41/><U55/><E80/><V83/><F83/><W135/><G135/><T91/><D91/><U127/><E84/><V66/><F85/><W128/><G128/><T123/><D123/><U131/><E131/><V112/><F134/><W9/><G24/><T81/><D81/><U32/><E127/><V17/><F112/><W76/><G76/><T63/><D63/><AGARI ba="0,0" hai="9,15,18,20,23,53,56,63" m="17993,56535" machi="63" ten="30,2900,0" yaku="8,1,52,1" doraHai="8" who="3" fromWho="0" sc="587,-29,222,0,133,0,58,29" /><INIT seed="3,1,0,3,2,53" ten="558,222,133,87" oya="3" hai0="27,28,52,134,51,89,9,101,87,38,94,121,110" hai1="4,66,79,91,63,15,8,70,116,106,73,43,96" hai2="120,29,19,64,81,16,105,25,77,47,135,2,125" hai3="10,7,74,130,78,55,59,57,102,21,31,69,42"/><W26/><G69/><T100/><D121/><U67/><E116/><V22/><F105/><W98/><G130/><T40/><D134/><U60/><E43/><V123/><F135/><W104/><G42/><T3/><D110/><U58/><E91/><V14/><F2/><W129/><G129/><T1/><D1/><U122/><E122/><N who="2" m="46635" /><F64/><W92/><G92/><T45/><D3/><U65/><E65/><V54/><F125/><W50/><G78/><T62/><D62/><U76/><REACH who="1" step="1"/><E73/><REACH who="1" ten="558,212,133,87" step="2"/><N who="2" m="43183" /><F14/><W112/><G74/><T75/><D75/><U24/><E24/><V82/><F82/><W23/><G112/><T109/><D109/><U30/><E30/><V127/><F127/><W111/><G111/><T18/><D28/><U80/><E80/><V34/><F34/><W48/><G21/><T39/><D39/><U11/><E11/><V99/><F99/><W41/><G10/><T93/><D93/><U5/><E5/><V56/><F47/><W95/><G104/><T108/><D108/><U97/><E97/><V83/><F83/><W118/><G7/><T85/><D85/><U90/><E90/><V71/><F71/><W117/><G41/><T32/><D32/><U46/><E46/><V33/><F33/><W68/><G68/><T20/><D9/><U124/><E124/><V126/><F126/><W131/><G131/><T37/><D37/><U86/><E86/><V119/><F119/><W133/><G133/><T36/><D36/><U114/><E114/><V12/><F12/><W13/><G13/><T35/><D35/><U6/><E6/><V107/><F107/><RYUUKYOKU ba="1,1" sc="558,0,212,0,133,0,87,0" hai0="18,20,27,38,40,45,51,52,87,89,94,100,101" hai1="4,8,15,58,60,63,66,67,70,76,79,96,106" hai2="16,19,22,25,29,54,56" hai3="23,26,31,48,50,55,57,59,95,98,102,117,118" /><INIT seed="3,2,1,3,2,63" ten="558,212,133,87" oya="3" hai0="91,54,88,125,27,129,119,114,68,6,15,98,21" hai1="103,131,39,97,107,29,102,66,40,101,46,22,78" hai2="106,61,84,96,48,127,86,38,42,89,25,47,123" hai3="116,51,31,111,4,60,44,1,50,99,18,23,81"/><W110/><G116/><T87/><D119/><U100/><E131/><V94/><F127/><W19/><G31/><T11/><D114/><U121/><E121/><V73/><F73/><W120/><G120/><T35/><D68/><U2/><E2/><V14/><F123/><W9/><G19/><T82/><D129/><U49/><E78/><V58/><F106/><W126/><G126/><T7/><D125/><U55/><E29/><V16/><F38/><W26/><G81/><T134/><D134/><U52/><E22/><N who="2" m="13511" /><F14/><W17/><G17/><T0/><D7/><U59/><REACH who="1" step="1"/><E55/><AGARI ba="2,1" hai="42,47,48,55,58,61,84,86,89,94,96" m="13511" machi="55" ten="30,3900,0" yaku="25,1,8,1,54,1" doraHai="63" who="2" fromWho="1" sc="558,0,212,-45,133,55,87,0" /><INIT seed="4,0,0,3,3,94" ten="558,167,188,87" oya="0" hai0="90,56,30,26,61,36,33,129,75,70,60,13,109" hai1="120,55,69,122,91,74,59,107,9,28,38,41,111" hai2="48,67,118,7,2,95,31,49,57,96,80,12,84" hai3="108,24,51,123,46,81,34,52,53,87,65,37,4"/><T3/><D75/><U97/><E69/><V132/><F2/><W15/><G108/><T27/><D36/><U66/><E111/><V135/><F31/><W14/><G37/><T39/><D39/><U112/><E74/><V82/><F7/><W105/><G105/><T19/><D129/><U21/><E66/><V58/><F12/><W125/><G65/><T133/><D133/><N who="2" m="51274" /><F118/><W78/><G125/><T32/><D70/><U50/><E112/><V76/><F82/><W100/><G123/><T44/><D44/><U0/><E0/><V130/><F130/><W131/><G131/><T68/><D68/><U102/><E9/><V89/><F58/><W64/><G64/><T114/><D114/><U101/><E101/><V77/><F77/><W106/><G100/><T29/><D109/><U124/><E124/><V54/><F67/><W79/><G106/><T115/><D3/><U43/><E91/><V62/><AGARI ba="0,0" hai="48,49,54,57,62,76,80,84,89,95,96" m="51274" machi="62" ten="30,2000,0" yaku="20,1,52,1" doraHai="94" who="2" fromWho="2" sc="558,-10,167,-5,188,20,87,-5" /><INIT seed="5,0,0,0,4,123" ten="548,162,208,82" oya="1" hai0="35,8,112,54,11,87,39,134,57,18,30,12,90" hai1="0,42,77,67,7,23,24,53,88,129,13,64,114" hai2="84,102,37,128,81,73,71,131,99,116,107,101,96" hai3="69,80,76,75,27,21,93,111,63,5,33,34,126"/><U6/><E114/><V95/><F71/><W60/><G5/><T45/><D134/><U15/><E129/><N who="2" m="49739" /><F37/><W113/><G126/><T82/><D39/><U3/><E77/><N who="2" m="44207" /><F84/><W26/><G113/><T121/><D121/><U16/><E42/><V70/><F70/><W106/><G93/><T72/><D72/><U65/><E53/><V46/><F46/><W4/><G4/><N who="1" m="1578" /><E0/><V115/><F115/><W122/><G122/><T51/><D35/><U94/><E3/><V17/><F17/><W119/><G119/><AGARI ba="0,0" hai="95,96,99,101,102,107,116,119" m="44207,49739" machi="119" ten="30,3900,0" yaku="19,1,34,2" doraHai="123" who="2" fromWho="3" sc="548,0,162,0,208,39,82,-39" /><INIT seed="6,0,0,3,4,80" ten="548,162,247,43" oya="2" hai0="43,84,11,83,72,3,87,54,30,47,22,99,33" hai1="105,40,58,62,17,107,117,102,64,0,44,133,46" hai2="109,85,20,132,12,36,41,70,49,67,51,63,25" hai3="135,28,55,122,94,93,59,76,14,71,111,42,18"/><V134/><F12/><W61/><G122/><T37/><D33/><U103/><E117/><V91/><F36/><W95/><G111/><T112/><D112/><U75/><E0/><V74/><F74/><W69/><G76/><T78/><D99/><U128/><E133/><N who="2" m="51307" /><F41/><W130/><G135/><T15/><D54/><U79/><E128/><V131/><F131/><W125/><G130/><T32/><D32/><U9/><E107/><V29/><F109/><W97/><G42/><T114/><D114/><U118/><E118/><V126/><F126/><W10/><G28/><T39/><D39/><U56/><E56/><V8/><F8/><W77/><G77/><T101/><D101/><U48/><E105/><V115/><F115/><W34/><G34/><T120/><D120/><U21/><E9/><V27/><F27/><W1/><G1/><T7/><D15/><U35/><E35/><V113/><F113/><W98/><G125/><T104/><D104/><U73/><E73/><V16/><F29/><W38/><G38/><T129/><D129/><U52/><E75/><V92/><AGARI ba="0,0" hai="16,20,25,49,51,63,67,70,85,91,92" m="51307" machi="92" ten="30,6000,0" yaku="20,1,52,1,54,1" doraHai="80" who="2" fromWho="2" sc="548,-20,162,-20,247,60,43,-20" /><INIT seed="6,1,0,1,2,50" ten="528,142,307,23" oya="2" hai0="38,85,116,133,56,123,48,104,98,32,55,92,94" hai1="8,31,74,71,91,7,30,83,4,111,117,47,49" hai2="87,132,16,82,120,100,11,112,13,76,99,18,35" hai3="126,14,59,131,86,129,72,115,46,21,113,22,3"/><V80/><F120/><W106/><G106/><T29/><D123/><U79/><E71/><V10/><F132/><W103/><G72/><T2/><D2/><U66/><E117/><V52/><F35/><W68/><G68/><T27/><D133/><U90/><E111/><V127/><F127/><W9/><G103/><T96/><D38/><U37/><E7/><V24/><F112/><N who="3" m="43083" /><G86/><T109/><D109/><U61/><E31/><V51/><F82/><W107/><G46/><T41/><D116/><U130/><E30/><V53/><F51/><W6/><G59/><T121/><D121/><U43/><E130/><N who="3" m="49674" /><G107/><T54/><D104/><U36/><E36/><V44/><F44/><W73/><G73/><T67/><D67/><U1/><REACH who="1" step="1"/><E49/><REACH who="1" ten="528,132,307,23" step="2"/><V64/><F64/><W70/><G70/><T89/><D41/><U39/><E39/><V122/><F122/><W15/><G126/><T97/><D94/><U108/><E108/><V102/><F80/><W125/><G125/><T78/><REACH who="0" step="1"/><D78/><REACH who="0" ten="518,132,307,23" step="2"/><U128/><E128/><V93/><F76/><W17/><G3/><T40/><D40/><U58/><AGARI ba="1,2" hai="1,4,8,37,43,47,58,61,66,74,79,83,90,91" machi="58" ten="20,12000,2" yaku="1,1,0,1,7,1,25,2,53,1" doraHai="50" doraHaiUra="75" who="1" fromWho="1" sc="518,-31,132,143,307,-61,23,-31" owari="487,58.7,275,7.5,246,-15.4,-8,-50.8" /></mjloggm>