<mjloggm ver="2.3"><GO type="41" lobby="0"/><UN n0="%6B%61%6E%63%38%38%37%37" n1="%40%E3%81%93%E3%82%88%E3%81%BF%E3%82%93" n2="%E3%81%B3%E3%81%B3%E3%81%9A%E3%81%A3%E3%81%8D" n3="%E2%93%9D%4C%75%63%6B%79%4A" dan="14,15,13,17" rate="1961.24,2013.94,1901.04,2182.73" sx="M,M,M,M"/><TAIKYOKU oya="0"/><INIT seed="0,0,0,2,5,17" ten="250,250,250,250" oya="0" hai0="132,131,71,44,48,10,108,14,61,51,22,119,39" hai1="41,34,58,103,8,106,124,113,37,45,73,120,83" hai2="30,96,90,104,18,2,81,133,47,54,27,24,77" hai3="29,121,87,19,130,123,122,46,12,21,79,129,67"/><T59/><D119/><U20/><E120/><V63/><F2/><W7/><G67/><T105/><D105/><U65/><E113/><V92/><F104/><W134/><G46/><T126/><D131/><N who="3" m="50185" /><G79/><T53/><D132/><U6/><E34/><V111/><F133/><W26/><G87/><T82/><D126/><U112/><E124/><V93/><F93/><W78/><G78/><T69/><D108/><U74/><E112/><V117/><F111/><W80/><G80/><T25/><D82/><U0/><E65/><V35/><F117/><W100/><G100/><T76/><D76/><U13/><E83/><V107/><F107/><W52/><G52/><T85/><D85/><U36/><E36/><V32/><F47/><W98/><G98/><T62/><D39/><U110/><E110/><V50/><F63/><W125/><G125/><T57/><D69/><U88/><E88/><V135/><F135/><W68/><G68/><T64/><D51/><U9/><E58/><V3/><F3/><W28/><G134/><T127/><D127/><U101/><E101/><V97/><F97/><W91/><G91/><T15/><D10/><AGARI ba="0,0" hai="7,10,12,19,21,26,28,29,121,122,123" m="50185" machi="10" ten="40,8000,1" yaku="13,1,19,1,34,2,52,1" doraHai="17" who="3" fromWho="0" sc="250,-80,250,0,250,0,250,80" /><INIT seed="1,0,0,3,1,133" ten="170,250,250,330" oya="1" hai0="54,4,90,85,92,57,53,64,21,31,65,126,7" hai1="94,117,123,25,96,87,41,52,37,86,112,12,42" hai2="72,69,38,61,105,67,1,74,79,95,14,84,106" hai3="33,104,60,113,108,70,73,44,50,13,15,91,109"/><U75/><E75/><V122/><F1/><W27/><G113/><T5/><D126/><U35/><E117/><V116/><F116/><W10/><G104/><T30/><D21/><U56/><E112/><V71/><F122/><W59/><G70/><T102/><D102/><U39/><E123/><V0/><F0/><W103/><G103/><T127/><D127/><U51/><E39/><V82/><F38/><W76/><G91/><T129/><D129/><U100/><E37/><V48/><F71/><W68/><G68/><T9/><D9/><U80/><E87/><V131/><F131/><W134/><G134/><T58/><D90/><U107/><E107/><V23/><F74/><W55/><G27/><T3/><D92/><U124/><E124/><V24/><F14/><W89/><G89/><T17/><D17/><U111/><E111/><N who="3" m="42570" /><G33/><T62/><D85/><U66/><E66/><V29/><F48/><W43/><G10/><T77/><D77/><U49/><E49/><V78/><F95/><W101/><G101/><T22/><D22/><U45/><E45/><V132/><F132/><W8/><G8/><T36/><D36/><U6/><E25/><V128/><F128/><W34/><G34/><T110/><D110/><U130/><E35/><V119/><F119/><W115/><G115/><T83/><D83/><AGARI ba="0,0" hai="13,15,43,44,50,55,59,60,73,76,83" m="42570" machi="83" ten="30,1000,0" yaku="14,1" doraHai="133" who="3" fromWho="0" sc="170,-10,250,0,250,0,330,10" /><INIT seed="2,0,0,1,2,78" ten="160,250,250,340" oya="2" hai0="133,11,115,111,135,43,94,55,65,99,67,106,58" hai1="53,118,34,105,15,31,37,125,8,120,59,104,28" hai2="98,61,23,12,48,127,54,132,81,14,47,64,130" hai3="123,41,10,119,6,89,77,70,19,40,80,63,29"/><V90/><F127/><W17/><G119/><T86/><D106/><U32/><E37/><V3/><F3/><W51/><G123/><T121/><D121/><U128/><E125/><V66/><F132/><W16/><G29/><T35/><D35/><U68/><E68/><V134/><F134/><N who="0" m="51210" /><D115/><U33/><E120/><V24/><F130/><W72/><G89/><T103/><D43/><U56/><E128/><V5/><F5/><W44/><G41/><T4/><D111/><U42/><E42/><V87/><F98/><W60/><REACH who="3" step="1"/><G70/><REACH who="3" ten="160,250,250,330" step="2"/><T110/><D110/><U73/><E118/><V107/><F107/><W26/><G26/><T79/><D79/><U113/><E105/><V124/><F124/><W88/><G88/><T7/><D86/><U91/><E91/><V21/><F21/><W82/><G82/><T84/><D84/><U85/><E85/><V129/><F129/><W117/><G117/><T75/><D75/><U50/><E73/><V131/><F131/><W20/><G20/><T102/><D102/><U95/><E104/><V93/><F93/><W2/><AGARI ba="0,1" hai="2,6,10,16,17,19,40,44,51,60,63,72,77,80" machi="2" ten="30,8000,1" yaku="1,1,0,1,52,1,54,1,53,1" doraHai="78" doraHaiUra="45" who="3" fromWho="3" sc="160,-20,250,-20,250,-40,330,90" /><INIT seed="3,0,0,1,2,10" ten="140,230,210,420" oya="3" hai0="79,63,2,82,54,81,43,17,60,61,36,40,15" hai1="131,31,53,73,24,38,32,30,128,62,94,14,75" hai2="55,49,71,84,83,46,57,8,118,107,123,68,42" hai3="66,12,33,130,51,91,28,76,22,93,23,86,80"/><W101/><G130/><T35/><D2/><U1/><E1/><V65/><F118/><W69/><G33/><T26/><D36/><U4/><E38/><V52/><F107/><W19/><G69/><T104/><D104/><U92/><E62/><V117/><F117/><W3/><G3/><T39/><D39/><U45/><E45/><V16/><F123/><W90/><G66/><T7/><D7/><U87/><E87/><V6/><F6/><W77/><G101/><T112/><D112/><U44/><E44/><V133/><F133/><W97/><REACH who="3" step="1"/><G51/><REACH who="3" ten="140,230,210,410" step="2"/><T59/><D35/><U98/><E32/><V115/><F71/><W74/><G74/><T67/><D67/><U48/><E75/><V89/><F68/><W99/><G99/><T27/><D63/><U11/><E73/><V106/><F115/><W58/><G58/><T85/><D61/><U127/><E128/><V108/><F106/><W9/><G9/><T103/><D103/><U116/><E131/><V119/><F119/><W47/><G47/><T34/><D34/><U50/><E50/><V18/><F65/><W37/><G37/><T125/><D125/><U113/><E127/><V135/><F57/><W78/><G78/><T56/><D56/><N who="1" m="32807" /><E113/><V96/><F96/><W20/><G20/><T129/><D129/><U122/><E116/><V21/><F8/><W70/><G70/><T13/><D79/><U102/><E11/><V134/><F21/><W72/><G72/><T0/><D60/><U5/><E102/><V95/><F49/><W100/><G100/><T64/><D59/><U126/><E126/><RYUUKYOKU ba="0,1" sc="140,-10,230,-10,210,-10,410,30" hai3="12,19,22,23,28,76,77,80,86,90,91,93,97" /><INIT seed="3,1,1,2,2,26" ten="130,220,200,440" oya="3" hai0="31,98,74,21,29,89,82,87,68,128,84,78,56" hai1="14,24,40,85,58,97,120,106,25,86,30,69,49" hai2="123,110,76,71,115,91,22,90,99,64,38,116,112" hai3="93,65,104,118,70,96,13,108,127,77,19,134,15"/><W5/><G118/><T66/><D68/><U0/><E0/><V121/><F38/><W135/><G104/><T54/><D128/><U41/><E69/><V92/><F71/><W131/><G77/><T102/><D66/><U7/><E120/><N who="2" m="46155" /><F64/><W23/><G127/><T8/><D8/><U4/><E106/><V12/><F12/><W88/><G131/><T16/><D74/><U94/><E25/><V52/><F52/><W50/><G108/><T55/><D98/><U28/><E14/><V60/><F22/><W32/><G32/><T17/><D102/><U122/><E24/><V95/><F60/><W80/><G80/><N who="0" m="49287" /><D55/><N who="1" m="32111" /><E122/><V48/><F48/><W67/><G50/><N who="0" m="30807" /><D17/><U43/><E85/><N who="2" m="52303" /><F116/><W10/><REACH who="3" step="1"/><G67/><REACH who="3" ten="130,220,200,430" step="2"/><T45/><D45/><U105/><E105/><V20/><F110/><W62/><AGARI ba="1,2" hai="5,10,13,15,19,23,62,65,70,88,93,96,134,135" machi="62" ten="30,11700,0" yaku="1,1,2,1,0,1,54,1,53,0" doraHai="26" doraHaiUra="117" who="3" fromWho="3" sc="130,-40,220,-40,200,-40,430,140" /><INIT seed="3,2,0,5,4,78" ten="90,180,160,570" oya="3" hai0="29,5,49,51,56,83,66,124,58,13,60,2,16" hai1="109,115,72,132,31,7,94,120,36,99,122,77,100" hai2="32,4,80,104,85,79,76,27,129,71,98,82,18" hai3="81,64,12,89,123,53,62,65,127,23,1,8,88"/><W91/><G123/><T95/><D124/><U121/><E36/><V40/><F129/><W118/><G118/><T130/><D130/><U59/><E115/><V0/><F71/><W46/><G1/><T48/><D2/><U14/><E132/><V61/><F40/><W25/><G127/><T50/><D5/><U35/><E109/><V87/><F61/><W6/><G81/><T75/><D29/><U21/><E35/><V74/><F74/><W92/><G92/><T97/><N who="0" m="12288" /><DORA hai="103" /><T34/><D34/><U28/><E59/><V39/><F39/><W116/><G116/><T22/><D58/><U44/><E44/><V17/><F4/><W33/><G33/><T107/><D107/><U133/><E133/><V105/><F0/><W30/><G46/><T45/><D45/><U126/><E126/><V93/><F32/><W26/><G26/><T111/><D111/><U10/><E21/><V67/><F67/><W73/><G73/><T135/><D135/><U20/><E20/><V9/><F27/><W43/><G43/><T63/><D63/><U90/><E90/><V37/><F37/><W68/><REACH who="3" step="1"/><G68/><REACH who="3" ten="90,180,160,560" step="2"/><T113/><D113/><U119/><E119/><V15/><REACH who="2" step="1"/><F18/><REACH who="2" ten="90,180,150,560" step="2"/><W54/><G54/><T125/><D125/><U108/><E108/><V57/><F57/><AGARI ba="2,2" hai="6,8,12,23,25,30,53,57,62,64,65,88,89,91" machi="57" ten="40,7700,0" yaku="1,1,8,1,54,1,53,0" doraHai="78,103" doraHaiUra="96,131" who="3" fromWho="2" sc="90,0,180,0,150,-83,560,103" /><INIT seed="3,3,0,0,2,70" ten="90,180,67,663" oya="3" hai0="4,89,68,59,26,21,52,18,91,96,41,99,75" hai1="37,62,9,92,29,116,23,58,16,128,83,38,66" hai2="122,61,135,73,39,130,127,132,97,19,12,45,119" hai3="36,60,133,32,57,40,10,51,108,78,35,100,95"/><W3/><G51/><T64/><D75/><U104/><E104/><V56/><F119/><W88/><G100/><T121/><D121/><U112/><E112/><V2/><F2/><W80/><G133/><N who="2" m="51273" /><F73/><N who="3" m="43087" /><G57/><T22/><D4/><U55/><E116/><V49/><F122/><W94/><G95/><T111/><D111/><U102/><E83/><V129/><F127/><W103/><G103/><T110/><D110/><U30/><E30/><V27/><F27/><W46/><G60/><T85/><D41/><U72/><E72/><V6/><F6/><N who="3" m="1375" /><G108/><T11/><D11/><U69/><E9/><N who="2" m="6543" /><F97/><AGARI ba="3,0" hai="32,35,36,40,46,88,94,97" m="1375,43087" machi="97" ten="30,5800,0" yaku="25,1,52,1,54,1" doraHai="70" who="3" fromWho="2" sc="90,0,180,0,67,-67,663,67" /><INIT seed="3,4,0,5,2,118" ten="90,180,0,730" oya="3" hai0="82,112,11,22,131,37,120,132,25,55,45,107,2" hai1="57,31,74,17,70,127,62,90,124,64,84,72,68" hai2="94,121,14,44,113,95,73,41,33,30,27,115,126" hai3="85,7,100,34,5,86,1,77,67,81,102,125,79"/><W71/><G34/><T104/><D22/><U3/><E3/><V99/><F73/><W101/><G1/><T66/><D66/><U122/><E122/><V50/><F126/><N who="1" m="48169" /><E17/><V26/><F121/><W92/><G125/><T42/><D55/><U88/><E90/><V18/><F27/><W114/><G114/><T130/><D25/><U4/><E4/><N who="3" m="1610" /><G71/><N who="1" m="27178" /><E31/><V24/><F24/><W6/><G67/><T48/><D120/><U10/><E10/><V63/><F63/><W54/><G6/><N who="0" m="1495" /><D48/><U69/><N who="1" m="27186" /><U20/><DORA hai="117" /><E20/><V49/><F49/><W51/><G51/><T65/><D65/><U52/><E64/><V13/><F13/><W129/><G54/><T106/><D112/><U111/><E111/><V103/><F95/><AGARI ba="4,0" hai="52,57,62,72,74,84,88,95" m="27186,48169" machi="95" ten="40,5200,0" yaku="18,1,54,2" doraHai="118,117" who="1" fromWho="2" sc="90,0,180,64,0,-64,730,0" owari="90,-31.0,244,4.4,-64,-56.4,730,83.0" /></mjloggm>