<mjloggm ver="2.3"><GO type="41" lobby="0"/><UN n0="%E3%81%B2%E3%83%BC%E3%81%95%E3%82%93%33%30" n1="%E2%93%9D%4C%75%63%6B%79%4A" n2="%E3%81%AF%E3%82%89%E3%81%8A%E3%81%86" n3="%6B%61%6E%74%61%E3%81%A1%E3%82%83%E3%82%93" dan="14,18,14,14" rate="1994.69,2168.60,1887.66,2061.24" sx="M,M,M,M"/><TAIKYOKU oya="0"/><INIT seed="0,0,0,0,1,56" ten="250,250,250,250" oya="0" hai0="86,134,70,72,135,64,41,121,51,67,36,20,101" hai1="99,60,107,117,119,34,123,81,112,133,55,39,53" hai2="71,1,84,5,10,66,102,48,100,116,125,63,11" hai3="73,46,127,80,131,68,124,50,6,130,57,106,52"/><T74/><D121/><U9/><E34/><V128/><F128/><N who="3" m="49195" /><G106/><T38/><D101/><U31/><E31/><V16/><F125/><N who="3" m="48203" /><G6/><T32/><D86/><U27/><E27/><V87/><F116/><W110/><G110/><T19/><D32/><U129/><E9/><V7/><F48/><W45/><G68/><T97/><D97/><U108/><E99/><V62/><F66/><N who="0" m="25130" /><D70/><U122/><E107/><V14/><F71/><W25/><G25/><T54/><D20/><U47/><E129/><V118/><F118/><W21/><G21/><T30/><D30/><U0/><E123/><V33/><F33/><W35/><G35/><T3/><D41/><U98/><E122/><V2/><F16/><W109/><G109/><T78/><D19/><U59/><E108/><V49/><F49/><W83/><G73/><T76/><D51/><U17/><E17/><V65/><F65/><W120/><G120/><T115/><D54/><U13/><E55/><V93/><F93/><W94/><G94/><T69/><D69/><U43/><E53/><V29/><F29/><W40/><G46/><T75/><D3/><U105/><E0/><V23/><F23/><W91/><G91/><T61/><D61/><AGARI ba="0,0" hai="40,45,50,52,57,61,80,83" m="48203,49195" machi="61" ten="30,7700,0" yaku="19,1,18,1,52,1,54,1" doraHai="56" who="3" fromWho="0" sc="250,-77,250,0,250,0,250,77" /><INIT seed="1,0,0,4,5,106" ten="173,250,250,327" oya="1" hai0="9,65,27,7,121,64,110,8,23,99,67,72,105" hai1="134,46,0,11,38,47,122,31,104,6,44,127,111" hai2="53,4,13,36,49,82,117,113,74,69,66,51,115" hai3="95,109,39,22,98,103,19,124,97,96,57,41,61"/><U35/><E122/><V100/><F36/><W120/><G124/><T40/><D121/><U48/><E127/><V63/><F117/><W90/><G120/><T2/><D110/><U43/><E104/><V10/><F100/><W79/><G109/><T68/><D40/><U56/><E111/><V70/><F69/><W133/><G133/><T42/><D42/><U116/><E116/><V94/><F94/><W73/><G41/><T29/><D9/><U34/><E134/><V87/><F74/><W59/><G59/><T54/><D54/><U128/><E128/><V84/><F84/><W86/><G39/><T93/><D105/><U101/><E101/><V129/><F129/><W92/><G79/><T52/><D52/><U114/><E114/><N who="2" m="43531" /><F53/><W17/><G73/><T75/><REACH who="0" step="1"/><D68/><REACH who="0" ten="163,250,250,327" step="2"/><U80/><E43/><V126/><F126/><W14/><REACH who="3" step="1"/><G19/><REACH who="3" ten="163,250,250,317" step="2"/><T85/><D85/><U26/><E38/><V37/><F37/><W18/><G18/><T119/><D119/><U62/><E47/><V1/><F70/><W118/><G118/><T77/><D77/><U60/><E46/><V33/><F66/><AGARI ba="0,2" hai="14,17,22,57,61,66,86,90,92,95,96,97,98,103" machi="66" ten="30,3900,0" yaku="1,1,7,1,8,1,53,0" doraHai="106" doraHaiUra="112" who="3" fromWho="2" sc="163,0,250,0,250,-39,317,59" /><INIT seed="2,0,0,2,4,41" ten="163,250,211,376" oya="2" hai0="106,82,48,124,60,59,52,122,86,72,7,117,20" hai1="0,71,11,89,111,47,103,109,22,127,8,119,105" hai2="36,46,21,9,95,126,116,73,12,107,44,88,83" hai3="3,69,64,131,57,32,102,101,15,70,5,115,121"/><V114/><F116/><W18/><G32/><T113/><D122/><U26/><E71/><V58/><F114/><W45/><G121/><T16/><D113/><U1/><E103/><V54/><F107/><W79/><G79/><T2/><D117/><U130/><E89/><V81/><F36/><W28/><G28/><T110/><D72/><U40/><E105/><V61/><F73/><W13/><G3/><N who="1" m="1098" /><E119/><V91/><F21/><W76/><G131/><T37/><D37/><N who="1" m="21903" /><E127/><V134/><F126/><W78/><G57/><T53/><D124/><U75/><E75/><V100/><F100/><W87/><G18/><T31/><D106/><U120/><E120/><V4/><F134/><W38/><G5/><T112/><D112/><U56/><E56/><V34/><F34/><W25/><G38/><T108/><D31/><N who="1" m="17879" /><E130/><V125/><F125/><W6/><G6/><T55/><D7/><U27/><E27/><V65/><F65/><W19/><G87/><T133/><D133/><U93/><E93/><V39/><F39/><W42/><G42/><T30/><D2/><U129/><E129/><V97/><F91/><W90/><G90/><N who="0" m="51543" /><D30/><U67/><E67/><V33/><F33/><W99/><G70/><T10/><D10/><U35/><E35/><V98/><F98/><W77/><G69/><T51/><D51/><U50/><E50/><V66/><F66/><W23/><G115/><T92/><D92/><U74/><E74/><V17/><F4/><W96/><G64/><N who="0" m="38943" /><D48/><U29/><E29/><V118/><F118/><W14/><G45/><AGARI ba="0,0" hai="9,12,17,44,45,46,54,58,61,81,83,88,95,97" machi="45" ten="40,12000,1" yaku="8,1,52,3,54,1" doraHai="41" who="2" fromWho="3" sc="163,0,250,0,211,120,376,-120" /><INIT seed="2,1,0,5,0,4" ten="163,250,331,256" oya="2" hai0="18,37,33,94,91,73,107,90,59,97,128,113,75" hai1="72,47,81,15,106,2,122,121,38,54,89,77,48" hai2="39,93,29,133,66,100,110,60,111,22,31,112,25" hai3="64,7,67,32,131,123,98,126,120,49,53,21,10"/><V69/><F112/><W45/><G131/><T129/><D33/><U80/><E2/><V108/><F39/><W70/><G126/><T88/><D37/><U6/><E106/><V3/><F3/><W63/><G32/><T135/><D59/><U9/><E38/><V23/><F133/><W86/><G67/><T92/><D18/><U16/><E6/><V43/><F43/><W51/><G21/><N who="2" m="7689" /><F25/><W30/><G30/><T117/><D113/><U127/><E127/><V52/><F52/><W104/><G86/><AGARI ba="1,0" hai="9,15,16,47,48,54,72,77,80,81,86,89,121,122" machi="86" ten="40,8000,1" yaku="25,2,52,1,54,1" doraHai="4" who="1" fromWho="3" sc="163,0,250,83,331,0,256,-83" /><INIT seed="3,0,0,0,3,92" ten="163,333,331,173" oya="3" hai0="86,102,43,26,87,8,134,76,90,18,68,19,11" hai1="57,1,113,20,61,56,55,15,91,96,38,98,101" hai2="17,77,114,5,40,105,32,9,51,120,116,3,70" hai3="49,47,94,10,6,62,12,27,135,127,129,104,69"/><W54/><G135/><T121/><D68/><U126/><E1/><V35/><F116/><W58/><G129/><T14/><D134/><U110/><E113/><V74/><F114/><W115/><G127/><T23/><D121/><U41/><E126/><V123/><F105/><W112/><G104/><T85/><D76/><U78/><E78/><V80/><F17/><W66/><G27/><T50/><D102/><U99/><E110/><V124/><F124/><W131/><G131/><T22/><D43/><U24/><E38/><V109/><F109/><W89/><REACH who="3" step="1"/><G69/><REACH who="3" ten="163,333,331,163" step="2"/><T28/><D50/><U132/><E132/><V53/><F70/><W82/><G82/><T65/><D65/><U118/><E24/><V42/><F120/><W130/><G130/><T59/><D59/><U95/><E57/><V73/><F123/><W93/><G93/><T72/><D72/><U88/><E118/><V13/><F74/><W25/><G25/><T81/><D85/><AGARI ba="0,1" hai="6,10,12,47,49,54,58,62,66,85,89,94,112,115" machi="85" ten="30,2900,0" yaku="1,1,7,1,53,0" doraHai="92" doraHaiUra="133" who="3" fromWho="0" sc="163,-29,333,0,331,0,163,39" /><INIT seed="3,1,0,2,0,115" ten="134,333,331,202" oya="3" hai0="39,36,8,81,10,78,50,22,108,118,0,92,101" hai1="23,110,91,100,30,67,59,54,40,94,25,29,88" hai2="6,75,129,120,125,57,133,38,76,55,89,126,34" hai3="128,98,103,52,44,114,45,72,12,70,93,14,51"/><W90/><G128/><T77/><D118/><U107/><E107/><V65/><F34/><W124/><G124/><T132/><D108/><U53/><E40/><V85/><F38/><W79/><G114/><T130/><D130/><U20/><E110/><V46/><F129/><W87/><G70/><T97/><D132/><U18/><E100/><V119/><F133/><W37/><G37/><T27/><D39/><U4/><E4/><V71/><F120/><W62/><G62/><T127/><D36/><U105/><E105/><V104/><F104/><W82/><REACH who="3" step="1"/><G45/><REACH who="3" ten="134,333,331,192" step="2"/><T80/><D127/><U19/><E59/><V26/><F126/><W84/><G84/><T17/><D0/><U43/><E67/><V32/><F125/><W131/><G131/><T73/><D50/><U86/><E43/><V122/><F122/><W58/><G58/><T42/><D42/><U112/><E112/><V74/><F71/><W3/><G3/><T48/><D48/><U1/><E1/><V106/><F75/><AGARI ba="1,1" hai="8,10,17,22,27,73,75,77,78,80,81,92,97,101" machi="75" ten="30,2000,0" yaku="7,1,9,1" doraHai="115" who="0" fromWho="2" sc="134,33,333,0,331,-23,192,0" /><INIT seed="4,0,0,0,4,67" ten="167,333,308,192" oya="0" hai0="9,3,108,85,109,77,104,93,40,42,36,110,70" hai1="113,60,111,105,124,2,48,10,96,78,39,121,38" hai2="102,13,4,34,119,26,33,130,21,29,94,18,82" hai3="133,86,44,51,75,35,41,43,58,5,8,56,107"/><T80/><D104/><U15/><E121/><V23/><F82/><W59/><G133/><T114/><D114/><U72/><E48/><V31/><F102/><W30/><G107/><T64/><D36/><U97/><E2/><V57/><F94/><W63/><G75/><T32/><D32/><U65/><E111/><V84/><F84/><W112/><G112/><T62/><REACH who="0" step="1"/><D93/><REACH who="0" ten="157,333,308,192" step="2"/><U122/><E39/><V100/><F100/><W14/><G35/><T17/><D17/><U127/><E38/><V98/><F34/><W71/><G30/><T27/><D27/><U46/><E105/><V101/><F33/><W128/><G128/><T37/><D37/><U20/><E113/><V50/><F130/><W53/><G43/><T0/><D0/><U103/><E127/><V22/><F101/><W25/><G25/><T49/><D49/><U68/><E103/><V132/><F50/><W92/><G92/><T73/><D73/><U79/><E72/><V47/><F26/><W69/><REACH who="3" step="1"/><G86/><REACH who="3" ten="157,333,308,182" step="2"/><T55/><D55/><U126/><E126/><V28/><F28/><W117/><G117/><T90/><D90/><U52/><E124/><V116/><F119/><W81/><G81/><T87/><D87/><U76/><E97/><V88/><F116/><W12/><G12/><T89/><D89/><U66/><E15/><V125/><F125/><W135/><G135/><T19/><D19/><U95/><E95/><V6/><F132/><W129/><G129/><T24/><D24/><U1/><E1/><V118/><F118/><W91/><G91/><T61/><D61/><U45/><E60/><RYUUKYOKU ba="0,2" sc="157,15,333,-15,308,-15,182,15" hai0="3,9,40,42,62,64,70,77,80,85,108,109,110" hai3="5,8,14,41,44,51,53,56,58,59,63,69,71" /><INIT seed="4,1,2,5,1,128" ten="172,318,293,197" oya="0" hai0="98,68,10,111,115,33,104,73,55,85,9,38,112" hai1="54,126,36,78,65,113,20,81,7,82,134,57,108" hai2="16,8,30,21,6,70,105,26,22,93,90,116,51" hai3="32,53,124,102,123,72,67,66,31,61,96,35,43"/><T1/><D111/><U19/><E108/><V83/><F105/><W92/><G124/><T44/><D73/><U88/><E36/><V4/><F70/><W18/><G123/><T15/><D68/><U41/><E41/><V118/><F83/><W109/><G109/><T37/><D33/><U13/><E126/><V86/><F51/><W11/><G72/><T69/><D69/><U80/><E113/><N who="0" m="43593" /><D1/><U100/><E100/><V71/><F71/><W39/><G35/><T60/><D85/><U127/><E65/><V64/><F64/><W17/><G67/><T56/><D44/><U110/><E127/><V62/><F62/><W132/><G66/><T77/><D77/><U97/><E7/><V87/><F86/><W52/><G61/><T121/><D121/><U23/><E78/><V133/><F133/><W76/><G32/><T49/><D60/><N who="1" m="35895" /><E134/><V84/><F84/><W103/><G76/><T42/><D42/><U34/><E34/><V129/><F129/><W28/><G43/><T12/><D12/><U74/><E74/><V27/><REACH who="2" step="1"/><F8/><REACH who="2" ten="172,318,283,197" step="2"/><W0/><G11/><N who="0" m="4107" /><D15/><U50/><E110/><V89/><F89/><W91/><G91/><T120/><D120/><U46/><E88/><V14/><F14/><W75/><G75/><T48/><D48/><U95/><E50/><V101/><F101/><AGARI ba="1,3" hai="37,38,49,55,56,98,101,104" m="4107,43593" machi="101" ten="30,1500,0" yaku="15,1" doraHai="128" who="0" fromWho="2" sc="172,48,318,0,283,-18,197,0" /><INIT seed="4,2,0,3,2,73" ten="220,318,265,197" oya="0" hai0="95,70,127,87,123,100,86,21,79,35,80,117,54" hai1="39,115,32,72,7,67,3,68,121,94,22,14,59" hai2="47,103,85,90,25,88,1,62,15,58,112,97,75" hai3="45,61,36,124,9,92,5,55,49,65,23,13,91"/><T64/><D117/><U122/><E39/><V74/><F112/><W30/><G124/><T31/><D123/><U132/><E59/><V125/><F1/><W10/><G36/><T57/><D35/><U12/><E94/><V133/><F125/><W128/><G128/><T29/><D70/><U106/><E72/><V37/><F133/><W27/><G10/><T53/><D127/><U96/><E96/><V105/><F25/><W114/><G114/><T130/><D130/><U104/><E22/><V101/><F103/><W28/><G61/><N who="0" m="37935" /><D31/><U2/><E67/><V46/><F15/><W77/><G65/><T48/><D48/><U81/><E32/><V110/><F110/><W60/><G60/><T41/><D41/><U134/><E115/><V71/><F71/><W107/><G107/><T120/><D120/><U93/><E68/><V126/><F126/><W109/><G109/><T0/><D0/><U131/><E131/><V98/><F98/><W51/><G51/><T69/><D69/><U18/><E3/><V11/><F11/><W4/><G30/><T33/><D33/><U108/><E2/><V42/><F46/><W135/><G135/><T99/><D87/><U119/><E134/><V82/><REACH who="2" step="1"/><F90/><REACH who="2" ten="220,318,255,197" step="2"/><W84/><REACH who="3" step="1"/><G77/><REACH who="3" ten="220,318,255,187" step="2"/><T38/><D38/><U17/><E132/><V113/><F113/><W34/><G34/><T118/><D118/><U40/><E119/><V129/><F129/><W19/><AGARI ba="2,2" hai="4,5,9,13,19,23,27,28,45,49,55,84,91,92" machi="19" ten="20,8000,1" yaku="1,1,0,1,7,1,8,1,53,1" doraHai="73" doraHaiUra="50" who="3" fromWho="3" sc="220,-42,318,-22,255,-22,187,106" /><INIT seed="5,0,0,2,1,46" ten="178,296,233,293" oya="1" hai0="66,50,29,2,90,99,10,87,27,14,94,13,74" hai1="81,44,123,114,26,130,82,100,35,30,103,52,107" hai2="104,61,6,37,71,23,89,96,0,84,5,122,120" hai3="121,58,54,135,28,105,77,92,118,93,91,41,8"/><U25/><E123/><V36/><F0/><W98/><G121/><T22/><D74/><U15/><E130/><V32/><F32/><W68/><G68/><T20/><D2/><U97/><E114/><V34/><F34/><W79/><G135/><T134/><D134/><U86/><E103/><V111/><F111/><W17/><G105/><T67/><D22/><U38/><E26/><V49/><F122/><W43/><G28/><T51/><D13/><U85/><E38/><V39/><F120/><W31/><G31/><T7/><REACH who="0" step="1"/><D99/><REACH who="0" ten="168,296,233,293" step="2"/><U117/><E15/><V88/><F23/><W47/><G98/><T40/><D40/><U102/><E97/><V106/><F96/><W112/><G43/><T127/><D127/><U116/><E102/><V48/><F39/><W133/><G41/><T73/><D73/><U62/><E100/><V110/><F110/><W11/><G133/><T9/><D9/><U109/><E109/><V45/><F37/><W70/><G8/><T3/><D3/><U126/><E126/><V55/><F36/><W4/><G11/><T125/><D125/><U132/><E132/><V56/><F84/><W1/><G112/><T12/><D12/><U131/><E86/><V65/><F106/><W119/><G1/><T78/><D78/><U124/><E107/><V72/><F104/><W60/><G79/><T57/><D57/><N who="1" m="35111" /><E124/><V128/><F72/><W18/><G77/><T19/><D19/><N who="3" m="7177" /><G58/><T115/><D115/><U95/><E85/><V16/><F16/><W64/><G4/><T69/><D69/><U59/><E59/><V80/><F6/><RYUUKYOKU ba="0,1" sc="168,30,296,-10,233,-10,293,-10" hai0="7,10,14,20,27,29,50,51,66,67,87,90,94" /><INIT seed="6,1,1,1,0,97" ten="198,286,223,283" oya="2" hai0="47,10,22,43,52,119,84,106,124,5,21,42,0" hai1="76,28,3,118,123,26,109,17,16,40,88,11,96" hai2="99,117,66,59,51,121,68,116,14,77,80,71,112" hai3="30,69,87,24,100,58,12,55,126,34,64,111,85"/><V13/><F121/><W91/><G111/><T39/><D106/><U70/><E70/><V1/><F1/><W125/><G100/><T2/><D2/><U129/><E76/><V57/><F99/><W36/><G36/><T25/><D124/><N who="3" m="47721" /><G12/><T135/><D135/><U19/><E40/><V63/><F112/><W65/><G69/><T90/><D119/><U46/><E46/><V45/><F77/><W23/><G23/><T131/><D131/><U105/><E118/><V9/><F80/><N who="3" m="49575" /><G87/><T60/><D42/><U104/><E109/><V56/><F117/><W95/><G95/><T82/><REACH who="0" step="1"/><D25/><REACH who="0" ten="188,286,223,283" step="2"/><U54/><E26/><V18/><F116/><W128/><G128/><T130/><D130/><U114/><E105/><V15/><REACH who="2" step="1"/><F68/><REACH who="2" ten="188,286,213,283" step="2"/><W44/><G24/><T8/><D8/><U48/><E11/><V72/><F72/><W81/><G34/><T73/><D73/><U61/><E129/><V134/><F134/><W101/><G30/><T92/><D92/><N who="1" m="56327" /><E104/><V33/><F33/><W122/><G122/><T83/><D83/><U93/><E123/><V38/><F38/><W41/><G81/><T94/><D94/><U74/><E93/><V102/><F102/><W78/><G101/><T108/><D108/><U49/><E74/><V6/><F6/><W31/><G31/><T103/><D103/><U132/><E132/><V133/><F133/><W29/><G29/><T50/><D50/><N who="1" m="19563" /><E3/><V127/><F127/><W4/><G78/><T98/><D98/><U110/><E110/><V120/><F120/><W75/><G75/><T107/><D107/><U89/><E89/><RYUUKYOKU ba="1,3" sc="188,15,286,-15,213,15,283,-15" hai0="0,5,10,21,22,39,43,47,52,60,82,84,90" hai2="9,13,14,15,18,45,51,56,57,59,63,66,71" /><INIT seed="6,2,3,0,0,26" ten="203,271,228,268" oya="2" hai0="35,57,103,5,131,91,14,99,1,50,89,61,134" hai1="85,104,93,13,133,40,53,41,36,20,76,100,58" hai2="114,31,127,18,106,4,119,105,125,107,95,27,79" hai3="124,110,132,75,66,81,62,29,19,2,92,0,90"/><V98/><F119/><W43/><G110/><T120/><D1/><U63/><E104/><V115/><F4/><W10/><G43/><T77/><D120/><U82/><E133/><V55/><F18/><W39/><G39/><T129/><D134/><U6/><E36/><V121/><F55/><W64/><G132/><T38/><D77/><U59/><E59/><V87/><F121/><W9/><G124/><N who="2" m="47689" /><F87/><W73/><G19/><T23/><D35/><U48/><E20/><N who="2" m="15847" /><F79/><W109/><G109/><T17/><D38/><U94/><E41/><V97/><F95/><W32/><G92/><N who="0" m="58855" /><D50/><U116/><E116/><V71/><F71/><W122/><G81/><T78/><D78/><U123/><E123/><V96/><AGARI ba="2,3" hai="96,97,98,105,106,107,114,115" m="15847,47689" machi="96" ten="40,3900,0" yaku="18,1,52,1" doraHai="26" who="2" fromWho="2" sc="203,-15,271,-15,228,75,268,-15" /><INIT seed="6,3,0,0,3,55" ten="188,256,303,253" oya="2" hai0="30,119,62,120,118,73,0,71,135,69,97,14,87" hai1="90,42,101,68,3,117,127,10,22,88,126,128,40" hai2="74,81,26,5,66,53,96,34,77,27,94,54,104" hai3="18,51,133,92,116,15,91,23,39,32,106,28,76"/><V4/><F104/><W122/><G116/><N who="0" m="44587" /><D73/><U31/><E117/><V99/><F66/><W86/><G133/><T8/><D0/><U105/><E68/><N who="0" m="26185" /><D135/><U60/><E60/><V95/><F34/><W89/><G106/><T79/><D120/><U70/><E70/><V38/><F38/><W2/><G2/><T115/><D115/><U130/><E22/><V103/><F5/><W134/><G39/><T36/><D36/><U102/><E105/><V112/><F4/><W50/><G134/><T29/><D97/><U123/><E3/><V93/><F93/><W49/><G122/><T47/><D47/><U78/><E78/><V67/><F67/><W65/><G65/><T72/><D72/><U113/><E123/><V75/><F74/><W21/><G32/><T114/><D114/><U111/><E113/><V9/><F9/><W25/><G76/><T46/><D46/><U107/><E107/><V1/><F1/><W58/><REACH who="3" step="1"/><G89/><REACH who="3" ten="188,256,303,243" step="2"/><T108/><D108/><U35/><E35/><V63/><F112/><W48/><G48/><T52/><D79/><U125/><E127/><V44/><F77/><W33/><G33/><T85/><D62/><U129/><E130/><V16/><F75/><W57/><AGARI ba="3,1" hai="15,18,21,23,25,28,49,50,51,57,58,86,91,92" machi="57" ten="30,8000,1" yaku="1,1,0,1,8,1,52,2,53,0" doraHai="55" doraHaiUra="61" who="3" fromWho="3" sc="188,-23,256,-23,303,-43,243,99" /><INIT seed="7,0,0,2,5,7" ten="165,233,260,342" oya="3" hai0="34,31,69,79,76,40,52,135,125,35,45,74,54" hai1="106,117,127,58,134,13,103,55,14,133,33,18,81" hai2="105,47,63,94,12,124,116,25,84,44,108,16,71" hai3="107,120,86,128,98,75,21,39,80,37,43,97,126"/><W91/><G120/><T22/><D69/><U83/><E33/><V19/><F108/><W92/><G98/><T64/><D64/><U88/><E127/><V109/><F116/><W0/><G0/><T101/><D125/><U115/><E115/><V129/><F124/><W42/><G126/><T59/><D135/><N who="1" m="51723" /><E117/><V77/><F105/><W89/><G128/><T4/><D101/><U70/><E70/><V56/><F71/><W65/><G65/><T3/><D35/><U132/><E14/><V114/><F109/><W30/><G75/><T6/><D34/><U72/><E72/><V24/><F129/><W111/><G107/><T20/><D74/><U93/><N who="1" m="51731" /><U11/><DORA hai="87" /><E103/><V36/><F114/><W48/><G39/><T130/><D130/><U23/><E23/><V104/><F104/><W50/><G37/><T119/><D119/><U53/><E106/><V51/><F36/><W49/><G111/><T29/><D3/><U66/><E66/><V113/><F113/><W68/><G68/><T27/><D27/><AGARI ba="0,0" hai="21,27,30,42,43,48,49,50,80,86,89,91,92,97" machi="27" ten="40,7700,0" yaku="8,1,52,2" doraHai="7,87" who="3" fromWho="0" sc="165,-77,233,0,260,0,342,77" owari="88,-41.2,233,-16.7,260,6.0,419,51.9" /></mjloggm>