<mjloggm ver="2.3"><GO type="137" lobby="0"/><UN n0="%6B%61%69%6E%65" n1="%E2%93%9D%4C%75%63%6B%79%4A" n2="%E3%82%8C%E3%82%93%E3%81%98%E3%82%85" n3="%68%61%6A%69%6D%65%33" dan="12,11,12,13" rate="1763.52,1776.48,1691.71,1749.13" sx="F,M,M,M"/><TAIKYOKU oya="0"/><INIT seed="0,0,0,0,1,122" ten="250,250,250,250" oya="0" hai0="51,45,28,24,75,73,65,32,78,120,64,88,49" hai1="93,109,107,21,81,134,135,53,60,19,114,104,115" hai2="80,103,72,126,22,77,89,106,116,0,76,111,102" hai3="96,131,62,56,46,90,69,3,61,59,8,39,67"/><T100/><D120/><U23/><E53/><V133/><F0/><W101/><G131/><T16/><D100/><U14/><E60/><V20/><F116/><W130/><G130/><T112/><D112/><N who="1" m="43051" /><E81/><V82/><F111/><W31/><G90/><T124/><D124/><U118/><E118/><V99/><F126/><W40/><G31/><T18/><D88/><U125/><E125/><V91/><F133/><N who="1" m="50697" /><E93/><V105/><F20/><N who="1" m="7753" /><E109/><V36/><F22/><AGARI ba="0,0" hai="14,19,22,104,107" m="7753,50697,43051" machi="22" ten="30,2000,0" yaku="11,1,20,1" doraHai="122" who="1" fromWho="2" sc="250,0,250,20,250,-20,250,0" /><INIT seed="1,0,0,4,5,116" ten="250,270,230,250" oya="1" hai0="57,7,131,110,11,20,93,99,29,37,28,22,19" hai1="71,9,124,47,69,101,132,122,94,41,125,115,33" hai2="135,5,44,68,40,123,61,65,58,133,1,114,74" hai3="67,104,113,79,106,16,50,97,10,52,119,76,91"/><U60/><E33/><V85/><F123/><W34/><G34/><T48/><D110/><U64/><E101/><V25/><F114/><W17/><G113/><T81/><D131/><U87/><E115/><V72/><F25/><W86/><G67/><T130/><D130/><U103/><E9/><V118/><F118/><W95/><G119/><T54/><D37/><U90/><E103/><V108/><F108/><W55/><G55/><T49/><D81/><U42/><E132/><N who="2" m="50763" /><F85/><W4/><G106/><T13/><D49/><U45/><E122/><V38/><F58/><W83/><G79/><T31/><REACH who="0" step="1"/><D7/><REACH who="0" ten="240,270,230,250" step="2"/><U100/><E125/><V62/><F62/><W0/><REACH who="3" step="1"/><G104/><REACH who="3" ten="240,270,230,240" step="2"/><T14/><D14/><U126/><E126/><V32/><F32/><W92/><G92/><T73/><D73/><U2/><E124/><V27/><F27/><W26/><G26/><T39/><D39/><U89/><E94/><V109/><F109/><W105/><G105/><T35/><D35/><U112/><E112/><V66/><F66/><W59/><AGARI ba="0,2" hai="0,4,10,16,17,50,52,59,76,83,86,91,95,97" machi="59" ten="20,8000,1" yaku="1,1,0,1,7,1,54,2,53,0" doraHai="116" doraHaiUra="127" who="3" fromWho="3" sc="240,-20,270,-40,230,-20,240,100" /><INIT seed="2,0,0,5,0,57" ten="220,230,210,340" oya="2" hai0="41,65,53,85,17,134,98,14,78,27,119,133,129" hai1="34,100,7,9,21,51,13,107,12,128,70,84,36" hai2="28,104,45,25,20,19,15,115,69,88,59,81,39" hai3="43,42,79,130,117,68,112,31,67,101,131,52,114"/><V16/><F104/><W75/><G101/><T64/><D119/><U23/><E36/><V76/><F69/><W123/><G75/><T113/><D113/><U126/><E70/><V0/><F115/><N who="3" m="44075" /><G79/><T103/><D129/><N who="3" m="49161" /><G31/><T32/><D53/><U127/><E51/><V124/><F0/><W37/><G117/><T93/><D41/><U121/><E84/><V62/><F124/><N who="1" m="47657" /><E100/><V47/><F39/><W73/><G73/><T50/><D50/><U71/><E71/><V54/><F19/><W80/><G80/><T63/><D78/><U33/><E107/><V55/><F55/><W40/><G52/><T82/><D27/><U22/><E121/><V11/><REACH who="2" step="1"/><F88/><REACH who="2" ten="220,230,200,340" step="2"/><W18/><G123/><T110/><D32/><N who="1" m="12395" /><E128/><V3/><F3/><AGARI ba="0,1" hai="3,7,9,12,13,21,22,23" m="12395,47657" machi="3" ten="40,5200,0" yaku="18,1,34,2" doraHai="57" who="1" fromWho="2" sc="220,0,230,62,200,-52,340,0" /><INIT seed="3,0,0,5,0,52" ten="220,292,148,340" oya="3" hai0="109,45,125,58,72,63,76,128,70,18,120,123,12" hai1="48,82,6,17,14,23,133,99,89,28,2,25,102" hai2="83,92,9,79,103,95,108,115,113,30,26,64,50" hai3="56,40,10,13,127,55,62,51,29,4,54,8,114"/><W36/><G114/><T67/><D109/><U41/><E133/><V98/><F108/><W66/><G127/><T57/><D125/><U104/><E41/><V91/><F64/><W65/><G29/><T73/><D128/><U22/><E48/><V78/><F9/><W32/><G32/><T85/><D123/><U124/><E124/><V49/><F113/><W60/><G10/><T129/><D129/><U77/><E89/><V15/><F15/><W24/><G24/><T135/><D135/><U119/><E119/><V117/><F117/><W46/><REACH who="3" step="1"/><G55/><REACH who="3" ten="220,292,148,330" step="2"/><T69/><D120/><U21/><E2/><V116/><F115/><W132/><G132/><T44/><D18/><U134/><E134/><V19/><F116/><W131/><G131/><T16/><D16/><U87/><REACH who="1" step="1"/><E6/><REACH who="1" ten="220,282,148,330" step="2"/><V20/><F30/><W81/><G81/><T121/><D121/><U80/><E80/><V93/><F50/><W42/><G42/><T27/><D27/><U35/><AGARI ba="0,2" hai="14,17,21,22,23,25,28,35,77,82,87,99,102,104" machi="35" ten="20,5200,0" yaku="1,1,0,1,7,1,53,1" doraHai="52" doraHaiUra="11" who="1" fromWho="1" sc="220,-13,282,72,148,-13,330,-26" /><INIT seed="4,0,0,3,4,19" ten="207,354,135,304" oya="0" hai0="115,18,77,76,62,95,21,104,15,35,64,45,24" hai1="80,100,88,50,1,107,106,49,31,81,53,8,52" hai2="36,30,127,94,79,59,27,86,109,66,43,4,135" hai3="55,108,78,44,63,93,102,121,61,134,10,5,105"/><T46/><D104/><U3/><E31/><V34/><F109/><W98/><G108/><T87/><D115/><U72/><E8/><V13/><F135/><W0/><G134/><T126/><D126/><U73/><E100/><V110/><F110/><W14/><G78/><T12/><D35/><U28/><E28/><V128/><F128/><W22/><G121/><T117/><D117/><U91/><AGARI ba="0,0" hai="1,3,49,50,52,53,72,73,80,81,88,91,106,107" machi="91" ten="25,8000,1" yaku="0,1,22,2,54,2" doraHai="19" who="1" fromWho="1" sc="207,-40,354,80,135,-20,304,-20" /><INIT seed="5,0,0,4,5,77" ten="167,434,115,284" oya="1" hai0="88,53,110,56,134,128,47,11,43,13,61,38,133" hai1="18,111,25,86,99,87,80,109,102,27,55,6,12" hai2="42,33,120,58,24,89,94,122,126,71,40,119,20" hai3="91,96,19,123,104,85,78,121,51,115,84,125,64"/><U132/><E6/><V1/><F71/><W75/><G64/><T116/><D116/><U69/><E87/><V117/><F1/><W98/><G51/><T127/><D127/><U131/><E131/><V29/><F126/><W23/><G125/><T2/><D2/><U57/><E132/><N who="0" m="50793" /><D128/><U52/><E69/><V28/><F58/><W49/><G115/><T129/><D129/><U74/><E74/><V95/><F20/><W9/><G9/><T72/><D72/><U118/><E118/><V4/><F4/><W107/><G49/><T68/><D110/><N who="1" m="41995" /><E12/><V45/><F45/><W44/><G44/><T106/><D106/><N who="1" m="63839" /><E18/><V79/><F79/><W105/><G19/><N who="0" m="8639" /><D68/><U73/><E73/><V21/><F21/><W81/><G23/><T65/><D88/><N who="1" m="51271" /><E55/><AGARI ba="0,0" hai="38,43,47,53,55,56,61,65" m="8639,50793" machi="55" ten="30,1000,0" yaku="20,1" doraHai="77" who="0" fromWho="1" sc="167,10,434,-10,115,0,284,0" /><INIT seed="6,0,0,3,5,122" ten="177,424,115,284" oya="2" hai0="11,49,72,33,119,134,131,45,6,15,56,74,40" hai1="94,88,64,107,57,44,125,39,1,84,91,47,21" hai2="31,103,83,65,37,116,109,101,58,130,76,118,14" hai3="81,43,27,8,128,68,70,42,126,132,78,3,117"/><V19/><F37/><W62/><G117/><T85/><D119/><U129/><E107/><V54/><F65/><W51/><G132/><T16/><D134/><U7/><E129/><V71/><F71/><W127/><G27/><T26/><D131/><U9/><E125/><N who="3" m="47626" /><G3/><T113/><D113/><U17/><E91/><V112/><F130/><W106/><G106/><T105/><D105/><U124/><E124/><V20/><F112/><W5/><G8/><T25/><D56/><U108/><E108/><V67/><F67/><N who="3" m="41079" /><G5/><T18/><D85/><U121/><E121/><V92/><F31/><W133/><G81/><T23/><D33/><U53/><E64/><V48/><F116/><W100/><G100/><T0/><D0/><U12/><REACH who="1" step="1"/><E39/><REACH who="1" ten="177,414,115,284" step="2"/><V22/><F118/><W55/><G128/><T38/><D38/><U52/><E52/><V89/><F109/><W111/><G133/><T61/><D61/><AGARI ba="0,1" hai="1,7,9,12,17,21,44,47,53,57,61,84,88,94" machi="61" ten="30,3900,0" yaku="1,1,7,1,54,1,53,0" doraHai="122" doraHaiUra="75" who="1" fromWho="0" sc="177,-39,414,49,115,0,284,0" /><INIT seed="7,0,0,3,4,15" ten="138,463,115,284" oya="3" hai0="60,48,47,87,96,10,61,114,133,103,116,64,108" hai1="100,98,125,17,34,84,56,99,72,46,92,76,44" hai2="27,101,93,97,51,11,53,135,105,91,5,67,81" hai3="14,31,41,90,1,29,131,63,71,43,79,82,130"/><W69/><G1/><T73/><D73/><U30/><E72/><V33/><F135/><W80/><G90/><T42/><D116/><U78/><E30/><N who="3" m="11274" /><G14/><T95/><D108/><U25/><E125/><V16/><F67/><W18/><G63/><T121/><D121/><U23/><E34/><V0/><F81/><N who="3" m="31339" /><G18/><T123/><D123/><U106/><E78/><V6/><F6/><W22/><G22/><T28/><D133/><U104/><E76/><V66/><F66/><W107/><G79/><T26/><D64/><U118/><E17/><V134/><F134/><W13/><G13/><T36/><D36/><U124/><E23/><V75/><F75/><W85/><G85/><T58/><D61/><U83/><E84/><V119/><F119/><W8/><G8/><T77/><D87/><U4/><E83/><V40/><F40/><N who="3" m="15435" /><G107/><T94/><D10/><U37/><E106/><V2/><F2/><W54/><G54/><T129/><D77/><U109/><E104/><V45/><F33/><W128/><AGARI ba="0,0" hai="69,71,128,130,131" m="15435,31339,11274" machi="128" ten="40,7800,0" yaku="28,2,19,1" doraHai="15" who="3" fromWho="3" sc="138,-26,463,-26,115,-26,284,78" /><INIT seed="7,1,0,2,3,5" ten="112,437,89,362" oya="3" hai0="2,41,66,30,60,100,121,118,46,27,57,14,49" hai1="9,70,109,4,122,107,89,117,28,71,83,32,59" hai2="130,10,104,36,65,90,132,34,115,53,31,77,101" hai3="82,24,95,125,39,105,91,131,40,69,106,7,96"/><W13/><G69/><T111/><D2/><U58/><E107/><V12/><F36/><W93/><G125/><T55/><D118/><U123/><E89/><V17/><F77/><W1/><G1/><T16/><D121/><U47/><E47/><V97/><F130/><W114/><G114/><T43/><D100/><U11/><E28/><V124/><F124/><W67/><G67/><T120/><D111/><U21/><E21/><V6/><F132/><W88/><G39/><T64/><D64/><U20/><E20/><V26/><F115/><W56/><G82/><T80/><D80/><U51/><E83/><V0/><F65/><W87/><G40/><T78/><D78/><U29/><E29/><V48/><F90/><W72/><G72/><T81/><D81/><U133/><E32/><V76/><F76/><W18/><G7/><T33/><D120/><N who="1" m="46123" /><E4/><V113/><F113/><W94/><G94/><T103/><D103/><U112/><E112/><V54/><F48/><W102/><G102/><T45/><D45/><U92/><E92/><V126/><F126/><W42/><G42/><T84/><D84/><U61/><E117/><V22/><AGARI ba="1,0" hai="0,6,10,12,17,22,26,31,34,53,54,97,101,104" machi="22" ten="20,8000,1" yaku="0,1,7,1,24,2,52,1" doraHai="5" who="2" fromWho="2" sc="112,-21,437,-21,89,83,362,-41" owari="91,-40.9,416,51.6,172,-22.8,321,12.1" /></mjloggm>