<mjloggm ver="2.3"><GO type="41" lobby="0"/><UN n0="%37%37%37%33%34%36" n1="%E2%93%9D%4C%75%63%6B%79%4A" n2="%E3%82%B4%E3%83%89%E3%83%AB%E3%83%95%E3%82%A3%E3%83%B3" n3="%E7%99%BE%E5%92%8C%32%E5%8F%B7" dan="13,18,15,13" rate="1901.77,2195.79,1974.76,1849.82" sx="M,M,M,M"/><TAIKYOKU oya="0"/><INIT seed="0,0,0,3,2,25" ten="250,250,250,250" oya="0" hai0="41,37,15,5,119,4,94,17,82,63,39,100,132" hai1="133,61,54,47,68,108,60,88,31,110,59,117,77" hai2="75,49,126,124,1,109,118,55,84,21,46,52,116" hai3="87,27,83,81,73,106,62,98,76,57,107,104,34"/><T90/><D119/><N who="2" m="45610" /><F1/><W134/><G134/><T127/><D132/><U121/><E77/><V48/><F75/><W97/><G34/><T30/><D30/><U53/><E117/><V14/><F84/><W29/><G27/><T3/><D63/><U125/><E121/><V38/><F21/><W7/><G7/><T42/><D3/><U112/><E125/><N who="2" m="48235" /><F14/><W33/><G29/><T70/><D70/><U64/><E31/><V101/><F101/><W89/><REACH who="3" step="1"/><G33/><REACH who="3" ten="250,250,250,240" step="2"/><T13/><D127/><U122/><E133/><V135/><F135/><W130/><G130/><T20/><D4/><U58/><E122/><V129/><F129/><W18/><G18/><N who="0" m="10319" /><D5/><U6/><E6/><V23/><F23/><W67/><AGARI ba="0,1" hai="57,62,67,73,76,81,83,87,89,97,98,104,106,107" machi="67" ten="30,2000,0" yaku="1,1,0,1,53,0" doraHai="25" doraHaiUra="65" who="3" fromWho="3" sc="250,-10,250,-5,250,-5,240,30" /><INIT seed="1,0,0,4,2,79" ten="240,245,245,270" oya="1" hai0="124,20,22,111,116,127,2,126,78,36,80,24,28" hai1="132,118,74,61,135,123,96,14,106,4,0,98,55" hai2="5,120,25,40,82,101,44,33,18,8,62,85,48" hai3="84,110,121,13,38,45,34,51,42,86,27,49,81"/><U15/><E123/><V29/><F120/><W91/><G121/><T47/><D116/><U73/><E118/><V131/><F131/><W88/><G110/><T133/><D111/><U67/><E55/><V104/><F62/><W99/><G99/><N who="1" m="37930" /><E0/><V89/><F104/><W30/><REACH who="3" step="1"/><G13/><REACH who="3" ten="240,245,245,260" step="2"/><N who="1" m="4618" /><E106/><V97/><F101/><W60/><G60/><T64/><D2/><U93/><E4/><V130/><F130/><W19/><G19/><T112/><D112/><U23/><E61/><V57/><F97/><W16/><G16/><N who="0" m="12295" /><D64/><U21/><E67/><V7/><F18/><W102/><G102/><T32/><D133/><N who="1" m="51275" /><E93/><AGARI ba="0,1" hai="27,30,34,38,42,45,49,51,81,84,86,88,91,93" machi="93" ten="30,8000,1" yaku="1,1,7,1,52,1,54,1,53,1" doraHai="79" doraHaiUra="77" who="3" fromWho="1" sc="240,0,245,-80,245,0,260,90" /><INIT seed="2,0,0,3,1,130" ten="240,165,245,350" oya="2" hai0="21,98,31,113,60,100,49,94,35,83,76,30,4" hai1="36,115,116,82,46,81,32,105,72,91,13,99,89" hai2="24,135,92,34,64,47,18,67,17,87,9,111,53" hai3="52,123,26,1,6,96,107,95,38,119,132,74,57"/><V106/><F106/><W68/><G119/><T5/><D113/><U79/><E32/><V125/><F125/><W15/><G123/><T44/><D60/><U102/><E13/><V127/><F127/><W131/><G74/><T7/><D35/><U114/><E46/><V90/><F111/><W128/><G38/><T56/><D56/><U80/><E36/><V75/><F75/><W14/><G68/><T70/><D70/><U33/><E33/><V109/><F109/><W73/><G73/><T39/><D83/><N who="1" m="45543" /><E116/><V41/><F53/><W51/><G107/><T2/><D76/><U58/><E58/><V112/><F112/><AGARI ba="0,0" hai="80,81,82,89,91,99,102,105,112,114,115" m="45543" machi="112" ten="30,2000,0" yaku="34,2" doraHai="130" who="1" fromWho="2" sc="240,0,165,20,245,-20,350,0" /><INIT seed="3,0,0,0,2,130" ten="240,185,225,350" oya="3" hai0="32,20,22,81,115,18,108,58,102,76,85,50,56" hai1="124,82,96,27,117,86,37,75,99,47,129,104,72" hai2="95,9,10,93,94,118,28,63,127,105,35,114,2" hai3="57,111,123,120,14,92,8,52,6,38,110,70,21"/><W12/><G38/><T97/><D32/><U135/><E27/><V43/><F105/><W17/><G70/><T116/><D116/><U42/><E117/><V107/><F107/><W128/><G128/><T44/><D108/><N who="3" m="41513" /><G92/><N who="0" m="58663" /><D115/><U84/><E124/><V60/><F114/><W88/><G88/><N who="0" m="51247" /><D22/><U41/><E104/><V36/><F127/><W113/><G113/><T46/><D46/><U49/><E47/><V109/><F35/><W112/><G112/><T78/><D58/><U23/><E37/><V39/><F95/><W24/><G24/><N who="0" m="14359" /><D56/><U98/><E129/><V67/><F39/><W89/><G89/><T55/><AGARI ba="0,0" hai="44,50,55,76,78" m="14359,51247,58663" machi="55" ten="30,2000,0" yaku="8,1,54,1" doraHai="130" who="0" fromWho="0" sc="240,20,185,-5,225,-5,350,-10" /><INIT seed="4,0,0,4,4,29" ten="260,180,220,340" oya="0" hai0="130,45,40,53,129,50,99,105,63,104,7,94,6" hai1="80,121,5,109,33,76,87,83,74,127,0,37,133" hai2="41,52,67,103,135,112,11,93,96,126,122,115,28" hai3="14,84,46,54,82,51,111,3,119,24,114,117,32"/><T9/><D63/><U42/><E109/><V49/><F122/><W26/><G3/><T128/><D53/><U4/><E133/><V92/><F135/><W47/><G111/><T58/><D58/><U25/><E127/><V77/><F126/><W34/><G114/><T65/><D65/><U125/><E121/><V110/><F110/><W31/><G14/><N who="0" m="5431" /><D7/><U69/><E69/><V79/><F67/><W89/><G47/><T39/><D39/><U36/><E5/><V22/><F41/><W97/><REACH who="3" step="1"/><G97/><REACH who="3" ten="260,180,220,330" step="2"/><T98/><D98/><U38/><E0/><V57/><F115/><W8/><G8/><T91/><AGARI ba="0,1" hai="40,45,50,91,94,99,104,105,128,129,130" m="5431" machi="91" ten="30,1500,0" yaku="19,1" doraHai="29" who="0" fromWho="0" sc="260,25,180,-5,220,-5,330,-5" /><INIT seed="4,1,0,5,3,44" ten="285,175,215,325" oya="0" hai0="103,104,78,89,96,81,85,1,41,65,32,49,59" hai1="128,47,7,6,27,25,14,125,51,58,110,60,56" hai2="0,28,77,63,83,91,42,107,133,23,105,37,82" hai3="84,12,5,10,16,2,123,90,135,11,19,55,54"/><T46/><D32/><U80/><E110/><V101/><F133/><W39/><G39/><T15/><D1/><U34/><E125/><V114/><F0/><W48/><G135/><T95/><D65/><U115/><E128/><V20/><F63/><W74/><G74/><T113/><D113/><U26/><E34/><V86/><F42/><W36/><G36/><T62/><D62/><U57/><E115/><V73/><F37/><W29/><G29/><T75/><D15/><U64/><E80/><V94/><F23/><W72/><G72/><T121/><REACH who="0" step="1"/><D59/><REACH who="0" ten="275,175,215,325" step="2"/><N who="1" m="36895" /><E14/><V88/><F114/><W132/><G132/><T35/><D35/><U87/><E87/><N who="2" m="50295" /><F20/><W69/><G69/><T100/><D100/><U98/><E98/><N who="2" m="59607" /><F28/><W126/><G126/><T66/><D66/><U45/><E47/><V119/><F119/><W97/><G97/><T24/><D24/><N who="1" m="6147" /><U71/><DORA hai="129" /><E71/><V116/><F116/><W102/><G102/><T4/><D4/><U31/><E31/><V17/><F17/><W134/><G134/><T92/><D92/><AGARI ba="1,1" hai="73,77,83,86,91,92,105,107" m="59607,50295" machi="92" ten="30,12000,2" yaku="35,5,54,1" doraHai="44,129" who="2" fromWho="0" sc="275,-123,175,0,215,133,325,0" /><INIT seed="5,0,0,3,5,131" ten="152,175,348,325" oya="1" hai0="121,52,17,135,58,95,85,109,34,27,79,88,9" hai1="114,4,77,93,122,42,32,54,105,51,11,80,81" hai2="61,8,115,84,89,29,74,99,59,102,55,87,133" hai3="76,2,16,6,60,5,69,47,15,129,18,40,73"/><U12/><E122/><V103/><F74/><W104/><G104/><T50/><D109/><U66/><E105/><V97/><F29/><W100/><G100/><T26/><D121/><U67/><E32/><V106/><F115/><W128/><G2/><T39/><D39/><U62/><E114/><V30/><F89/><W118/><G118/><T13/><D135/><U57/><E81/><V43/><F133/><W49/><G76/><T22/><D34/><U21/><E93/><V75/><F75/><W64/><G73/><T48/><D48/><U31/><E31/><V108/><F108/><W7/><REACH who="3" step="1"/><G18/><REACH who="3" ten="152,175,348,315" step="2"/><N who="0" m="8495" /><D79/><U98/><E77/><V78/><F103/><W107/><G107/><T83/><D83/><U94/><E80/><V123/><F102/><W20/><AGARI ba="0,1" hai="5,6,7,15,16,20,40,47,49,60,64,69,128,129" machi="20" ten="30,8000,1" yaku="1,1,0,1,54,1,53,2" doraHai="131" doraHaiUra="125" who="3" fromWho="3" sc="152,-20,175,-40,348,-20,315,90" /><INIT seed="6,0,0,0,0,97" ten="132,135,328,405" oya="2" hai0="50,96,18,24,17,54,82,0,100,77,7,68,72" hai1="110,84,91,86,51,62,55,113,6,133,45,37,66" hai2="63,132,106,26,87,19,92,74,101,16,99,31,21" hai3="4,128,59,119,75,64,15,117,126,1,58,28,89"/><V112/><F112/><W127/><G75/><T108/><D68/><U118/><E110/><V20/><F132/><W41/><G41/><T56/><D108/><U40/><E113/><V81/><F21/><W42/><G42/><T29/><D7/><U61/><E118/><V104/><F104/><W9/><G128/><T88/><D0/><U10/><E133/><V115/><F115/><W111/><G111/><T134/><D88/><U25/><E25/><V123/><F123/><W27/><G1/><T57/><D56/><U13/><E62/><V116/><F116/><W48/><G117/><T3/><D3/><U30/><E30/><V32/><F32/><W98/><G119/><T44/><D57/><U8/><E10/><V102/><F74/><W14/><G14/><T130/><D130/><U70/><REACH who="1" step="1"/><E91/><REACH who="1" ten="132,125,328,405" step="2"/><N who="2" m="51695" /><F63/><W107/><G89/><T60/><D60/><U105/><E105/><V80/><F106/><W67/><G107/><T124/><D134/><U125/><E125/><N who="3" m="47626" /><G27/><T47/><D124/><U131/><E131/><V103/><F80/><W78/><G28/><T35/><D24/><U85/><E85/><V23/><F31/><W36/><G67/><T135/><D29/><U22/><E22/><V94/><F99/><W76/><G64/><T129/><D129/><U93/><E93/><V114/><F114/><W121/><G9/><T79/><D135/><U5/><E5/><V34/><F34/><W53/><G4/><T109/><D35/><U65/><E65/><V95/><F94/><W46/><G98/><T33/><D33/><U52/><E52/><V39/><F26/><RYUUKYOKU ba="0,1" sc="132,-10,125,30,328,-10,405,-10" hai1="6,8,13,37,40,45,51,55,61,66,70,84,86" /><INIT seed="7,1,1,1,3,13" ten="122,155,318,395" oya="3" hai0="84,127,43,39,119,82,44,112,0,23,42,108,73" hai1="40,10,99,58,63,72,16,6,135,118,122,113,54" hai2="76,53,32,94,106,83,125,97,30,91,2,109,134" hai3="130,7,124,60,11,68,62,3,19,133,65,27,96"/><W69/><G124/><T59/><D108/><U132/><E122/><V114/><F2/><W74/><G74/><T80/><D119/><U52/><E72/><V35/><F109/><W61/><G133/><N who="1" m="51274" /><E118/><V88/><F134/><W8/><G130/><T71/><D71/><U89/><E40/><V102/><F125/><W26/><G96/><T75/><D127/><U48/><E113/><V116/><F114/><W33/><G33/><T22/><D0/><N who="1" m="327" /><E89/><V110/><F110/><W46/><G46/><T41/><D112/><U14/><E99/><V78/><F116/><W121/><G27/><T15/><D59/><U29/><E29/><V21/><F91/><W86/><G68/><T38/><D75/><U111/><E111/><V31/><F35/><W131/><G131/><T77/><D39/><U49/><E54/><V66/><F66/><W36/><G36/><T123/><D123/><U55/><E55/><V56/><F32/><W5/><G86/><T37/><D37/><U57/><E58/><V120/><F120/><W45/><G45/><T50/><D38/><U104/><E104/><V85/><F78/><W98/><G98/><T18/><REACH who="0" step="1"/><D23/><AGARI ba="1,1" hai="14,16,23,48,49,52,57,63" m="327,51274" machi="23" ten="30,7700,0" yaku="20,1,52,1,54,2" doraHai="13" who="1" fromWho="0" sc="122,-80,155,90,318,0,395,0" owari="42,-45.8,245,-15.5,318,11.8,395,49.5" /></mjloggm>