<mjloggm ver="2.3"><GO type="41" lobby="0"/><UN n0="%4C%E3%82%AA%E3%83%97%E3%83%86%E3%82%A3%E3%82%B8%E3%83%B3%E3%82%AF" n1="%E6%9D%A3%E3%81%AE%E5%A4%A9%E7%8B%97" n2="%E2%93%9D%4C%75%63%6B%79%4A" n3="%E4%BB%A4%E5%92%8C%E4%BA%94%E5%B9%B4" dan="14,13,13,13" rate="1978.19,1896.25,1916.29,1814.24" sx="M,M,M,M"/><TAIKYOKU oya="0"/><INIT seed="0,0,0,2,0,32" ten="250,250,250,250" oya="0" hai0="58,85,117,70,128,15,75,87,42,72,74,21,47" hai1="54,50,113,40,55,5,80,135,88,27,111,109,23" hai2="123,105,120,86,93,67,38,115,134,96,79,24,81" hai3="30,122,104,116,17,127,97,66,61,14,28,3,77"/><T121/><D117/><U33/><E33/><V98/><F38/><W95/><G116/><T73/><D121/><U31/><E135/><V125/><F67/><W126/><G104/><T133/><D70/><U62/><E113/><V4/><F4/><W52/><G122/><N who="2" m="46633" /><F24/><W99/><G77/><T101/><D133/><U59/><E40/><V132/><F115/><W91/><G3/><T35/><D35/><U48/><E5/><V106/><F125/><W41/><G99/><N who="2" m="37929" /><F134/><W43/><G66/><T110/><D101/><U12/><E12/><V82/><F132/><W83/><G127/><T36/><D58/><U107/><E107/><N who="2" m="40971" /><F79/><W63/><G126/><T89/><D15/><U10/><E10/><V26/><F26/><W60/><G30/><T11/><D11/><U76/><E76/><V1/><F1/><W25/><G28/><T6/><D6/><U51/><E55/><V7/><F7/><W94/><G43/><T34/><D34/><U68/><E68/><V57/><F57/><W78/><G41/><T119/><D36/><U37/><E37/><V124/><F124/><W69/><G69/><T71/><D71/><U65/><E65/><V13/><F13/><W92/><G25/><T16/><D47/><U18/><E31/><V100/><F100/><W112/><G112/><T114/><D114/><U90/><E80/><V108/><F108/><AGARI ba="0,0" hai="18,23,27,48,50,51,54,59,62,88,90,108,109,111" machi="108" ten="40,2600,0" yaku="14,1,54,1" doraHai="32" who="1" fromWho="2" sc="250,0,250,26,250,-26,250,0" /><INIT seed="1,0,0,1,4,98" ten="250,276,224,250" oya="1" hai0="37,64,79,92,105,24,38,73,128,18,87,60,44" hai1="86,75,71,82,130,117,5,70,83,13,14,81,97" hai2="132,34,21,11,56,121,123,67,0,99,129,126,31" hai3="96,88,50,90,76,124,9,134,53,54,8,65,61"/><U62/><E117/><V107/><F56/><W122/><G76/><T109/><D105/><U47/><E75/><V36/><F67/><W112/><G122/><T35/><D109/><U59/><E130/><V49/><F49/><W66/><G112/><T55/><D128/><U72/><E72/><V42/><F21/><W4/><G124/><T57/><D73/><U58/><E47/><V118/><F132/><W120/><G134/><T46/><D38/><U101/><E86/><V135/><F118/><W100/><G120/><T111/><D37/><U1/><E1/><V77/><F77/><W85/><G4/><T106/><D106/><U116/><E116/><V23/><F23/><W16/><G9/><T26/><D35/><U32/><E32/><V103/><F126/><W10/><G10/><T25/><D111/><U27/><E27/><N who="0" m="10313" /><D64/><N who="3" m="24681" /><G85/><T110/><D110/><U119/><E119/><V80/><F129/><W33/><G33/><T22/><D79/><U131/><E131/><V20/><F135/><W113/><G61/><T45/><D45/><U15/><E5/><N who="2" m="1447" /><F123/><W51/><G113/><T115/><D115/><U63/><E62/><V102/><F121/><W114/><G114/><T94/><D94/><U125/><E125/><V30/><F34/><W12/><G51/><T68/><D68/><U104/><REACH who="1" step="1"/><E63/><REACH who="1" ten="250,266,224,250" step="2"/><V91/><F36/><W41/><G41/><T84/><D84/><U95/><E95/><N who="2" m="56831" /><F42/><W108/><G108/><T17/><D92/><U2/><E2/><V52/><F107/><N who="3" m="63879" /><G50/><T133/><D87/><U28/><E28/><V48/><F31/><W3/><G3/><RYUUKYOKU ba="0,1" sc="250,-15,266,15,224,-15,250,15" hai1="13,14,15,58,59,70,71,81,82,83,97,101,104" hai3="8,12,16,53,54,88,90" /><INIT seed="1,1,1,5,4,130" ten="235,281,209,265" oya="1" hai0="96,13,19,1,99,90,66,62,10,134,23,8,123" hai1="38,81,110,74,119,64,104,120,58,5,80,85,42" hai2="122,49,127,51,107,53,50,22,75,24,41,105,11" hai3="40,67,35,18,103,86,94,44,72,46,128,124,39"/><U98/><E119/><V125/><F75/><W87/><G35/><T6/><D123/><U113/><E113/><V54/><F11/><W68/><G72/><T57/><D134/><U102/><E120/><V21/><F41/><W116/><G128/><T70/><D90/><U32/><E32/><V95/><F95/><W83/><G116/><T79/><D79/><U73/><E80/><V91/><F91/><W15/><G124/><N who="2" m="47689" /><F24/><W20/><G46/><T59/><D70/><U43/><E5/><V76/><F76/><W133/><G133/><T89/><D89/><U65/><E42/><V71/><F71/><W7/><G67/><T129/><D129/><U114/><E114/><V132/><F132/><W9/><G68/><T31/><D31/><U109/><E43/><V88/><F88/><W60/><G60/><T48/><D48/><U61/><E38/><V55/><F122/><W4/><G103/><T27/><D10/><U16/><E65/><V135/><F135/><W30/><G39/><T29/><D1/><U33/><E33/><V45/><F45/><W106/><G106/><AGARI ba="1,1" hai="21,22,49,50,51,53,54,55,105,106,107" m="47689" machi="106" ten="40,5200,0" yaku="28,2,18,1" doraHai="130" who="2" fromWho="3" sc="235,0,281,0,209,65,265,-55" /><INIT seed="2,0,0,3,4,15" ten="235,281,274,210" oya="2" hai0="88,108,29,84,94,59,11,77,41,134,37,56,72" hai1="30,123,99,114,133,25,66,28,107,127,126,20,80" hai2="19,42,92,135,26,27,81,9,5,102,71,8,90" hai3="76,54,125,23,36,4,115,21,79,98,68,110,75"/><V38/><F71/><W74/><G110/><T63/><D108/><U24/><E114/><V49/><F38/><W10/><G125/><N who="1" m="47626" /><E66/><V7/><F102/><W62/><G115/><T113/><D113/><U64/><E64/><V82/><F135/><W91/><G36/><T33/><D134/><U17/><E133/><V86/><F42/><W55/><G68/><T132/><D132/><U93/><E107/><V53/><F27/><W51/><G75/><T95/><D72/><U1/><E1/><V69/><F69/><W118/><G118/><T0/><D77/><U2/><E2/><V22/><F9/><W73/><G73/><T14/><D0/><U3/><E3/><V45/><REACH who="2" step="1"/><F8/><REACH who="2" ten="235,281,264,210" step="2"/><W39/><G39/><T89/><D41/><U96/><E123/><V119/><F119/><W70/><G70/><T103/><D37/><U47/><E25/><V13/><F13/><W44/><G74/><T129/><D103/><U83/><E24/><V6/><AGARI ba="0,1" hai="5,6,7,19,22,26,45,49,53,81,82,86,90,92" machi="6" ten="30,11700,0" yaku="1,1,0,1,8,1,52,1,53,0" doraHai="15" doraHaiUra="57" who="2" fromWho="2" sc="235,-39,281,-39,264,127,210,-39" /><INIT seed="2,1,0,0,3,36" ten="196,242,391,171" oya="2" hai0="45,63,41,127,128,61,17,76,95,54,80,75,125" hai1="85,18,25,103,124,96,108,93,4,81,122,72,111" hai2="88,33,56,59,24,26,91,46,50,109,58,23,74" hai3="90,78,20,84,10,121,27,57,38,68,86,21,135"/><V71/><F71/><W31/><G121/><T132/><D128/><U120/><E4/><V0/><F74/><W133/><G68/><T62/><D132/><N who="3" m="50761" /><G38/><T8/><D95/><U7/><E7/><V73/><F73/><W64/><G78/><T48/><D17/><U97/><E72/><V79/><F0/><W40/><G10/><T123/><D8/><U9/><E9/><V32/><F109/><N who="1" m="42057" /><E25/><V52/><F79/><W94/><G21/><T30/><D30/><U3/><E3/><V67/><F67/><W83/><G40/><T114/><D114/><U53/><E53/><V89/><REACH who="2" step="1"/><F26/><REACH who="2" ten="196,242,381,171" step="2"/><W107/><G107/><T15/><D123/><U12/><E120/><V35/><F35/><W11/><G64/><T110/><D110/><U99/><E122/><V115/><F115/><W34/><G34/><T70/><D70/><U129/><E129/><V13/><F13/><W6/><G27/><T69/><D69/><U65/><E65/><V37/><F37/><W126/><G20/><T42/><D15/><U16/><E12/><V44/><F44/><W117/><G117/><T28/><D28/><AGARI ba="1,1" hai="23,24,28,32,33,46,50,52,56,58,59,88,89,91" machi="28" ten="40,7700,0" yaku="1,1,54,2,53,0" doraHai="36" doraHaiUra="104" who="2" fromWho="0" sc="196,-80,242,0,381,90,171,0" /><INIT seed="2,2,0,1,0,30" ten="116,242,471,171" oya="2" hai0="51,106,46,50,13,86,95,73,45,60,31,134,68" hai1="2,122,91,69,76,14,62,135,58,10,39,71,90" hai2="4,8,115,21,20,98,107,9,101,29,84,63,47" hai3="3,81,7,53,72,48,108,74,133,118,105,6,15"/><V123/><F123/><W87/><G118/><T83/><D106/><U96/><E39/><V55/><F115/><W80/><G105/><T127/><D127/><U66/><E2/><V111/><F9/><W93/><G133/><T41/><D134/><U25/><E135/><V117/><F117/><W0/><G108/><T119/><D119/><U40/><E40/><V37/><F111/><W65/><G65/><T78/><D13/><U56/><E76/><V92/><F29/><W28/><G28/><T89/><D31/><U27/><E122/><V57/><F37/><W18/><G74/><T1/><D1/><U124/><E124/><V128/><F128/><W5/><G72/><T33/><D60/><U100/><E69/><V97/><F84/><W32/><G32/><T16/><D68/><U85/><E90/><V104/><F47/><N who="3" m="27807" /><G3/><T94/><D16/><U70/><E58/><V52/><F55/><W64/><G64/><T120/><D120/><U114/><E70/><V22/><REACH who="2" step="1"/><F98/><REACH who="2" ten="116,242,461,171" step="2"/><W75/><G75/><T79/><D73/><U54/><E114/><V109/><F109/><W12/><G0/><AGARI ba="2,1" hai="0,4,8,20,21,22,52,57,63,92,97,101,104,107" machi="0" ten="40,3900,0" yaku="1,1,54,1,53,0" doraHai="30" doraHaiUra="131" who="2" fromWho="3" sc="116,0,242,0,461,55,171,-45" /><INIT seed="2,3,0,2,3,68" ten="116,242,516,126" oya="2" hai0="90,80,10,87,92,48,110,55,16,38,93,88,0" hai1="125,15,98,32,63,72,73,1,35,34,123,94,14" hai2="46,133,47,124,128,59,64,86,97,127,43,103,104" hai3="26,5,28,25,56,118,111,52,29,105,78,113,30"/><V4/><F4/><W101/><G118/><T51/><D110/><U2/><E125/><N who="2" m="48203" /><F128/><W85/><G111/><T27/><D38/><U112/><E112/><V76/><F133/><W62/><G113/><T107/><D107/><U135/><E135/><V11/><F11/><W129/><G129/><T134/><D134/><U24/><E24/><V77/><F47/><W69/><G5/><T42/><D42/><U115/><E115/><V119/><F86/><W117/><G117/><T3/><D51/><U75/><E63/><N who="2" m="38015" /><F119/><W23/><G69/><T37/><D37/><AGARI ba="3,0" hai="37,43,46,76,77,97,103,104" m="38015,48203" machi="37" ten="30,2900,0" yaku="18,1,52,1" doraHai="68" who="2" fromWho="0" sc="116,-38,242,0,516,38,126,0" /><INIT seed="2,4,0,2,4,129" ten="78,242,554,126" oya="2" hai0="55,0,47,13,77,108,127,60,7,4,104,87,106" hai1="122,51,85,35,133,6,70,34,72,84,75,49,25" hai2="76,103,121,17,58,83,52,44,66,126,21,9,27" hai3="118,78,57,15,80,2,1,59,101,43,92,20,95"/><V67/><F121/><W48/><G118/><T120/><D120/><U98/><E70/><V19/><F126/><W100/><G1/><T40/><D127/><U71/><E71/><V132/><F103/><N who="3" m="39499" /><G2/><T65/><D0/><U3/><E3/><V61/><F132/><W63/><G78/><T135/><D55/><U23/><E122/><V79/><F44/><N who="3" m="25631" /><G80/><T96/><D108/><U5/><E98/><V18/><F9/><W131/><G131/><T39/><D135/><U89/><E25/><V112/><F112/><W81/><G81/><T90/><D77/><N who="2" m="29770" /><F83/><W128/><G128/><T53/><D39/><U8/><E8/><V46/><F46/><W74/><G74/><T24/><D47/><U115/><E23/><V125/><F125/><W54/><G59/><T22/><D106/><U16/><E115/><V64/><AGARI ba="4,0" hai="17,18,19,21,27,52,58,61,64,66,67" m="29770" machi="64" ten="30,3000,0" yaku="8,1,54,1" doraHai="129" who="2" fromWho="2" sc="78,-14,242,-14,554,42,126,-14" /><INIT seed="2,5,0,5,3,97" ten="64,228,596,112" oya="2" hai0="96,86,64,50,56,9,5,120,70,6,25,8,125" hai1="37,62,29,18,34,55,22,111,80,102,1,54,41" hai2="35,74,69,42,84,60,92,27,94,110,78,33,49" hai3="89,31,24,109,127,10,88,2,122,20,79,7,52"/><V47/><F74/><W57/><G122/><T23/><D120/><U39/><E1/><V77/><F110/><W132/><G132/><T100/><D70/><U4/><E4/><V131/><F131/><W95/><G127/><T105/><D86/><U40/><E80/><V116/><F116/><W28/><G109/><T65/><D125/><U59/><E29/><V15/><F35/><W68/><G68/><T61/><D50/><U75/><E34/><V67/><F15/><W71/><G71/><T117/><D117/><U128/><E75/><V113/><F113/><W101/><G79/><T103/><D65/><U115/><E111/><V44/><F47/><W63/><G31/><T58/><D58/><U32/><E32/><V13/><F13/><W121/><G121/><T72/><D72/><U107/><E128/><V126/><F126/><W119/><G119/><T26/><D103/><U135/><E102/><V0/><F0/><W112/><G112/><T21/><D26/><U17/><E107/><V3/><F3/><W11/><G10/><T114/><D114/><U76/><E115/><V134/><F134/><W14/><G2/><T46/><D46/><U45/><E45/><V82/><F78/><W93/><G95/><T30/><REACH who="0" step="1"/><D23/><REACH who="0" ten="54,228,596,112" step="2"/><U53/><E22/><V133/><F133/><W130/><G130/><T66/><D66/><U123/><E135/><V91/><F77/><W48/><G48/><T104/><D104/><U81/><E76/><V38/><F49/><W83/><G83/><T36/><D36/><U99/><E123/><V51/><F38/><W129/><G129/><RYUUKYOKU ba="5,1" sc="54,10,228,-30,596,10,112,10" hai0="5,6,8,9,21,25,30,56,61,64,96,100,105" hai2="27,33,42,44,51,60,67,69,82,84,91,92,94" hai3="7,11,14,20,24,28,52,57,63,88,89,93,101" /><INIT seed="2,6,1,1,1,16" ten="64,198,606,122" oya="2" hai0="10,30,90,35,127,93,121,102,66,6,38,37,50" hai1="21,2,67,29,120,43,116,59,87,41,96,117,18" hai2="11,55,86,56,36,122,134,40,15,88,79,17,0" hai3="68,34,22,1,5,131,119,12,98,69,104,91,57"/><V105/><F122/><W125/><G119/><T89/><D121/><U24/><E2/><V109/><F105/><W44/><G34/><T26/><D127/><U103/><E120/><V14/><F0/><W60/><G125/><T72/><D72/><U54/><E67/><V49/><F134/><W106/><G131/><T135/><D135/><U52/><E54/><V23/><F109/><W9/><G44/><T32/><D32/><U28/><E87/><V124/><F124/><W118/><G118/><T101/><D66/><U81/><E81/><N who="2" m="49231" /><F36/><W33/><G33/><T94/><D50/><U78/><E78/><V83/><F40/><W27/><G1/><T128/><D128/><U45/><E41/><V58/><F83/><W92/><G69/><T100/><D90/><U108/><E108/><V97/><F97/><W20/><G68/><T84/><REACH who="0" step="1"/><D93/><REACH who="0" ten="54,198,606,122" step="2"/><N who="1" m="58767" /><E117/><V46/><F79/><W51/><G51/><T53/><D53/><U133/><E133/><V73/><F73/><W61/><G106/><T123/><D123/><U4/><E116/><V64/><F64/><W74/><G104/><T63/><D63/><N who="1" m="36327" /><E4/><AGARI ba="6,2" hai="4,11,14,15,17,23,46,49,55,56,58" m="49231" machi="4" ten="30,5800,0" yaku="8,1,52,1,54,1" doraHai="16" who="2" fromWho="1" sc="54,0,198,-76,606,96,122,0" /><INIT seed="2,7,0,2,3,47" ten="54,122,702,122" oya="2" hai0="28,51,58,61,115,89,105,64,135,86,100,99,42" hai1="30,74,108,32,69,94,4,5,48,134,31,39,44" hai2="45,26,109,102,68,60,25,27,132,122,34,29,90" hai3="56,95,9,57,88,19,85,113,82,10,53,1,41"/><V84/><F122/><W49/><G113/><T80/><D115/><U81/><E69/><V37/><F102/><W43/><G1/><T15/><D135/><U87/><E74/><V131/><F131/><W78/><G57/><T133/><D133/><U93/><E39/><V62/><F132/><W123/><G123/><T2/><D2/><U70/><E70/><V104/><F104/><W97/><G10/><T76/><D28/><N who="1" m="10795" /><E32/><V75/><F75/><W106/><G106/><T13/><REACH who="0" step="1"/><D76/><REACH who="0" ten="44,122,702,122" step="2"/><N who="1" m="46503" /><E108/><V20/><F109/><W0/><G0/><T118/><D118/><U23/><E134/><V127/><F29/><W79/><REACH who="3" step="1"/><G78/><REACH who="3" ten="44,122,702,112" step="2"/><T91/><D91/><U12/><E4/><V116/><F90/><W35/><G35/><T117/><D117/><U121/><E121/><V33/><F116/><W111/><G111/><T112/><D112/><U73/><E73/><V71/><F34/><W130/><G130/><T54/><D54/><N who="1" m="29959" /><E5/><V14/><F33/><W83/><G83/><T11/><D11/><U72/><E72/><V103/><F71/><W120/><G120/><T24/><D24/><U63/><E23/><V101/><F20/><W126/><G126/><T6/><D6/><U125/><E125/><V119/><F127/><W67/><G67/><T50/><D50/><U46/><E12/><AGARI ba="7,2" hai="9,12,19,41,43,49,53,56,79,82,85,88,95,97" machi="12" ten="40,8000,1" yaku="1,1,8,1,52,1,54,1,53,0" doraHai="47" doraHaiUra="96" who="3" fromWho="1" sc="44,0,122,-101,702,0,112,121" /><INIT seed="3,0,0,4,0,115" ten="44,21,702,233" oya="3" hai0="106,89,87,70,61,81,123,49,20,125,35,55,45" hai1="133,59,69,43,78,50,62,135,33,28,51,102,103" hai2="67,119,120,36,101,74,26,39,130,82,17,14,83" hai3="97,105,117,44,84,16,127,10,110,66,7,23,57"/><W131/><G117/><T48/><D123/><U109/><E69/><V4/><F4/><W71/><G127/><T91/><D125/><U19/><E109/><V100/><F26/><W118/><G118/><T108/><D108/><U94/><E78/><V53/><F67/><W75/><G110/><T90/><D35/><U112/><E112/><V104/><F53/><W5/><G131/><T76/><D106/><U128/><E128/><V116/><F130/><W13/><G75/><T12/><D70/><U121/><E121/><V11/><F120/><W34/><G71/><T9/><D20/><U42/><E19/><V132/><F132/><N who="1" m="50761" /><E28/><V124/><F124/><W31/><G105/><T27/><D27/><U86/><E33/><V134/><F134/><W25/><G97/><T60/><REACH who="0" step="1"/><D49/><REACH who="0" ten="34,21,702,233" step="2"/><U58/><E51/><V38/><F104/><W41/><G34/><T129/><D129/><U68/><E68/><V111/><F111/><W3/><G23/><T113/><D113/><U99/><E50/><V88/><F119/><W92/><G25/><T15/><D15/><U32/><E32/><V6/><F116/><W54/><G13/><T47/><D47/><U64/><E58/><V30/><F39/><W8/><G57/><T65/><D65/><U40/><E103/><V80/><F101/><W0/><G44/><T107/><D107/><U18/><E18/><AGARI ba="0,1" hai="9,12,18,45,48,55,60,61,76,81,87,89,90,91" machi="18" ten="40,2600,0" yaku="1,1,8,1,53,0" doraHai="115" doraHaiUra="114" who="0" fromWho="1" sc="34,36,21,-26,702,0,233,0" owari="70,-33.0,-5,-50.5,702,80.2,233,3.3" /></mjloggm>