<mjloggm ver="2.3"><GO type="137" lobby="0"/><UN n0="%43%41%4B%45" n1="%E3%81%8F%E3%81%AE%E3%81%8C%E3%82%8B" n2="%E2%93%9D%4C%75%63%6B%79%4A" n3="%E7%94%B0%E4%B8%AD%61%64%64" dan="13,12,11,15" rate="1744.14,1679.09,1838.41,1878.22" sx="M,M,M,M"/><TAIKYOKU oya="0"/><INIT seed="0,0,0,4,2,65" ten="250,250,250,250" oya="0" hai0="3,81,74,33,78,87,130,67,10,49,30,48,15" hai1="4,111,38,14,120,43,62,124,126,100,57,89,76" hai2="9,29,1,95,59,118,32,12,58,53,20,134,116" hai3="99,122,68,26,84,6,91,106,37,83,61,36,55"/><T73/><D3/><U60/><E76/><V21/><F95/><W44/><G122/><T23/><D130/><U52/><E100/><V92/><F59/><W102/><G6/><T109/><D33/><U105/><E105/><V63/><F134/><W40/><G26/><T79/><D109/><U94/><E111/><V133/><F133/><W97/><G97/><T42/><D67/><U54/><E38/><V115/><F115/><W77/><G37/><T50/><D79/><U114/><E43/><V28/><F92/><W2/><G2/><T66/><D66/><U11/><E114/><V107/><F107/><W90/><REACH who="3" step="1"/><G55/><REACH who="3" ten="250,250,250,240" step="2"/><T16/><D42/><U75/><E120/><V7/><F1/><W71/><G71/><T104/><D104/><U72/><E126/><V129/><F129/><W31/><G31/><N who="2" m="11849" /><F32/><W121/><G121/><T132/><D132/><U103/><E124/><V34/><F34/><W45/><G45/><T93/><D30/><U98/><E103/><V101/><F101/><W69/><G69/><T135/><D135/><U85/><E98/><V119/><AGARI ba="0,1" hai="7,9,12,20,21,53,58,63,116,118,119" m="11849" machi="119" ten="40,1500,0" yaku="12,1" doraHai="65" who="2" fromWho="2" sc="250,-7,250,-4,250,25,240,-4" /><INIT seed="1,0,0,3,2,32" ten="243,246,275,236" oya="1" hai0="70,65,110,29,9,114,21,119,105,92,8,79,2" hai1="73,6,103,14,81,76,127,66,130,112,53,0,34" hai2="77,94,90,26,98,4,40,87,62,30,80,60,128" hai3="43,59,37,120,89,100,44,95,121,129,55,57,96"/><U126/><E34/><V74/><F128/><W133/><G133/><T23/><D114/><U108/><E66/><V135/><F135/><W99/><G59/><T1/><D105/><U18/><E103/><V123/><F123/><W15/><G15/><T109/><D79/><U61/><E112/><V64/><F40/><W47/><G47/><T25/><D92/><U78/><E78/><V16/><F4/><W118/><G129/><T46/><D70/><U28/><E28/><V17/><F74/><W82/><G82/><T48/><D65/><U41/><E41/><V54/><F54/><W85/><G85/><T12/><D119/><U33/><E33/><V50/><F50/><W75/><G75/><T104/><D104/><U38/><E38/><V58/><REACH who="2" step="1"/><F62/><REACH who="2" ten="243,246,265,236" step="2"/><W83/><G118/><T69/><D48/><U20/><E130/><V27/><F27/><W102/><G121/><T22/><D46/><U72/><E108/><N who="0" m="41577" /><D69/><U122/><E122/><V101/><F101/><W11/><G102/><T56/><D56/><U86/><E53/><V67/><F67/><W124/><G100/><T107/><D107/><U52/><E52/><V91/><F91/><W68/><G89/><T93/><D93/><U115/><E61/><V113/><F113/><W31/><G57/><T5/><D9/><N who="1" m="2247" /><E115/><V13/><F13/><W36/><G55/><T42/><D42/><U7/><E7/><V39/><F39/><W3/><G37/><T117/><D117/><U134/><E134/><V88/><F88/><W51/><G36/><T10/><D10/><U45/><E45/><V111/><F111/><RYUUKYOKU ba="0,1" sc="243,10,246,10,265,10,236,-30" hai0="1,2,5,8,12,21,22,23,25,29" hai1="14,18,20,72,73,76,81,86,126,127" hai2="16,17,26,30,58,60,64,77,80,87,90,94,98" /><INIT seed="1,1,1,3,4,1" ten="253,256,275,206" oya="1" hai0="14,124,99,35,54,127,80,13,100,39,23,90,108" hai1="101,96,89,19,56,0,65,107,22,125,95,60,77" hai2="126,84,53,78,129,12,7,93,76,3,102,28,71" hai3="91,119,10,43,118,29,17,88,128,131,16,11,83"/><U57/><E0/><V68/><F3/><W114/><G43/><T50/><D35/><U109/><E77/><V112/><F126/><N who="0" m="48170" /><D39/><U66/><E125/><V111/><F28/><W135/><G29/><T121/><D121/><U37/><E37/><V26/><F26/><W74/><G74/><T52/><D108/><U31/><E109/><V103/><F129/><N who="3" m="49739" /><G114/><T36/><D36/><U117/><E117/><N who="3" m="44554" /><G135/><T55/><D50/><U45/><E45/><V69/><F112/><W123/><G123/><T105/><D23/><U94/><E31/><V18/><F71/><W6/><G83/><T110/><D110/><U47/><E47/><V59/><F69/><W49/><G49/><T34/><D34/><U2/><E2/><V104/><F68/><W132/><G132/><T30/><D30/><U9/><E9/><N who="3" m="3082" /><G6/><T21/><D21/><U67/><E107/><V122/><F104/><W97/><G97/><T70/><D70/><U46/><E46/><V38/><F38/><W15/><G15/><T58/><D58/><U73/><E73/><V92/><F59/><W25/><G25/><T4/><D4/><U120/><E120/><V134/><F122/><W41/><G41/><T130/><D130/><U51/><E51/><V61/><F111/><W62/><G62/><T40/><D40/><U87/><E57/><V20/><F61/><W113/><G113/><T72/><D72/><U27/><AGARI ba="1,1" hai="19,22,27,56,60,65,66,67,87,89,94,95,96,101" machi="27" ten="20,3900,0" yaku="0,1,7,1,8,1" doraHai="1" who="1" fromWho="1" sc="253,-14,256,52,275,-14,206,-14" /><INIT seed="1,2,0,5,1,14" ten="239,308,261,192" oya="1" hai0="7,62,66,124,33,55,27,75,114,85,127,51,121" hai1="11,37,16,47,3,32,123,97,129,132,69,115,9" hai2="0,2,12,23,4,100,39,5,53,41,92,44,29" hai3="25,40,71,113,50,73,80,107,15,45,76,35,70"/><U17/><E69/><V64/><F64/><W63/><G107/><T10/><D75/><U122/><E37/><V105/><F105/><W65/><G113/><T1/><D121/><U98/><E115/><V24/><F53/><W74/><G15/><T128/><D114/><U130/><E47/><V81/><F81/><W88/><G88/><T99/><D128/><N who="1" m="49259" /><E32/><V118/><F118/><W135/><G135/><T52/><D85/><U96/><E3/><V26/><F26/><W59/><REACH who="3" step="1"/><G73/><REACH who="3" ten="239,308,261,182" step="2"/><T101/><D27/><U60/><E132/><V134/><F134/><W117/><G117/><T90/><D90/><U28/><E28/><AGARI ba="2,1" hai="25,28,35,40,45,50,59,63,65,70,71,74,76,80" machi="28" ten="40,1300,0" yaku="1,1,53,0" doraHai="14" doraHaiUra="126" who="3" fromWho="1" sc="239,0,308,-19,261,0,182,29" /><INIT seed="2,0,0,2,3,94" ten="239,289,261,211" oya="2" hai0="92,106,117,81,63,110,134,114,58,42,93,133,116" hai1="64,111,43,11,34,90,37,0,50,27,118,35,80" hai2="26,5,36,122,18,127,69,44,66,19,6,3,16" hai3="13,119,124,47,57,104,101,132,8,105,95,59,32"/><V29/><F122/><W33/><G119/><N who="0" m="45643" /><D42/><U73/><E64/><V79/><F79/><W113/><G113/><T85/><D58/><U23/><E118/><V72/><F72/><W75/><G75/><T53/><D53/><U41/><E41/><V15/><F36/><W4/><G132/><N who="0" m="50795" /><D63/><U89/><E89/><V21/><F127/><W30/><G124/><T115/><D106/><U126/><E126/><V38/><F38/><W48/><G33/><T130/><D110/><U108/><E50/><V55/><F69/><W20/><G32/><T112/><D130/><U83/><E83/><V7/><F66/><W71/><G71/><T74/><D74/><U61/><E61/><V46/><F3/><W45/><G45/><T77/><AGARI ba="0,0" hai="77,81,85,92,93,112,114,115" m="50795,45643" machi="77" ten="40,8000,1" yaku="12,1,20,1,34,2" doraHai="94" who="0" fromWho="0" sc="239,80,289,-20,261,-40,211,-20" /><INIT seed="3,0,0,2,3,64" ten="319,269,221,191" oya="3" hai0="101,47,38,99,126,131,105,94,53,15,123,57,114" hai1="8,65,108,125,20,56,48,18,68,83,31,58,54" hai2="89,112,100,81,84,49,82,22,87,73,33,97,132" hai3="111,46,72,26,66,25,98,93,16,106,69,14,122"/><W116/><G72/><T129/><D123/><U115/><E115/><V9/><F33/><W21/><G116/><T88/><D114/><U78/><E31/><V86/><F9/><W28/><G106/><T36/><D15/><U11/><E108/><V2/><F2/><W43/><G122/><T127/><D47/><U24/><E125/><N who="0" m="47625" /><D101/><U118/><E118/><V37/><F37/><N who="0" m="14442" /><D105/><U10/><E68/><V52/><F132/><W109/><G46/><T119/><D119/><U23/><E23/><V70/><F70/><W77/><G77/><T103/><D103/><U80/><E78/><V59/><F112/><W95/><G43/><T51/><AGARI ba="0,0" hai="51,53,57,88,94,99,129,131" m="14442,47625" machi="51" ten="40,2700,0" yaku="18,1,54,1" doraHai="64" who="0" fromWho="0" sc="319,27,269,-7,221,-7,191,-13" /><INIT seed="4,0,0,3,4,14" ten="346,262,214,178" oya="0" hai0="70,93,32,118,123,11,17,81,43,49,79,71,65" hai1="58,48,37,7,68,90,61,91,9,106,101,110,76" hai2="87,6,38,27,125,59,98,46,69,45,83,121,111" hai3="78,73,129,16,26,40,47,12,97,80,108,35,126"/><T112/><D118/><U77/><E37/><V13/><F111/><W119/><G108/><T92/><D123/><U34/><E34/><V86/><F69/><W104/><G126/><T84/><D32/><U134/><E106/><V120/><F38/><W66/><G66/><T23/><D112/><U22/><E101/><V42/><F98/><W25/><G129/><T62/><D71/><U131/><E110/><V1/><F1/><W133/><G133/><T124/><D11/><U127/><E68/><V94/><F27/><W2/><G2/><T33/><D33/><U15/><E134/><V107/><F107/><W102/><G35/><T72/><D72/><U96/><E48/><V67/><F42/><W39/><REACH who="3" step="1"/><G119/><REACH who="3" ten="346,262,214,168" step="2"/><T44/><D44/><U88/><E127/><V122/><F46/><W29/><G29/><T128/><D128/><U0/><E131/><V105/><F125/><W55/><G55/><T109/><D109/><U24/><E0/><V95/><F67/><W114/><G114/><T130/><D130/><U103/><E77/><V3/><F3/><W54/><G54/><T41/><D41/><U115/><E76/><V8/><F122/><W117/><G117/><T30/><D30/><U100/><E115/><V113/><F121/><W50/><G50/><T53/><D53/><U51/><E51/><V82/><F120/><W4/><G4/><T5/><D5/><U99/><E99/><V28/><F113/><W135/><G135/><T116/><D116/><U75/><E96/><V52/><F6/><W57/><G57/><T85/><D85/><N who="2" m="32266" /><F59/><W10/><AGARI ba="0,1" hai="10,12,16,25,26,39,40,47,73,78,80,97,102,104" machi="10" ten="20,12000,2" yaku="1,1,5,1,0,1,7,1,52,1,54,1,53,0" doraHai="14" doraHaiUra="18" who="3" fromWho="3" sc="346,-60,262,-30,214,-30,168,130" /><INIT seed="5,0,0,5,5,5" ten="286,232,184,298" oya="1" hai0="24,70,102,37,13,113,28,107,85,11,110,27,116" hai1="91,35,97,83,66,20,78,2,106,1,127,79,50" hai2="53,125,36,77,112,21,122,67,42,131,111,18,103" hai3="61,71,60,57,90,23,38,94,73,52,130,95,41"/><U87/><E35/><V14/><F122/><W133/><G73/><T93/><D93/><U44/><E66/><V0/><F111/><W81/><G133/><T45/><D45/><U33/><E33/><V115/><F0/><W96/><G130/><T12/><D116/><U123/><E123/><V16/><F125/><W89/><G81/><T75/><D75/><U22/><E127/><V135/><F67/><W6/><G23/><T92/><D92/><U59/><E59/><V58/><F103/><W46/><G6/><T55/><D55/><U65/><E65/><V104/><F104/><W56/><G71/><T43/><D43/><U31/><E31/><V64/><F77/><W48/><REACH who="3" step="1"/><G57/><REACH who="3" ten="286,232,184,288" step="2"/><T132/><D70/><U39/><E22/><V105/><F131/><W29/><G29/><T68/><D132/><U118/><E20/><V74/><F74/><W63/><G63/><T26/><D68/><U88/><E118/><V4/><F135/><W86/><AGARI ba="0,1" hai="38,41,46,48,52,56,60,61,86,89,90,94,95,96" machi="86" ten="20,8000,1" yaku="1,1,0,1,7,1,54,1,53,1" doraHai="5" doraHaiUra="54" who="3" fromWho="3" sc="286,-20,232,-40,184,-20,288,90" /><INIT seed="6,0,0,0,5,23" ten="266,192,164,378" oya="2" hai0="60,32,18,77,17,67,135,48,57,95,124,46,19" hai1="54,21,52,115,66,70,30,97,119,12,90,75,31" hai2="128,100,25,68,9,71,28,132,33,43,96,34,49" hai3="65,118,125,86,27,110,37,91,26,55,8,89,130"/><V15/><F128/><W134/><G37/><T111/><D32/><U131/><E75/><V41/><F34/><W7/><G110/><T44/><D135/><U3/><E3/><V74/><F74/><W4/><G118/><T64/><D111/><U78/><E78/><V88/><F132/><W126/><G134/><T10/><D124/><N who="3" m="47721" /><G65/><T85/><D67/><U129/><E66/><V11/><F11/><W29/><G130/><N who="1" m="49674" /><E70/><V92/><F100/><W50/><G29/><N who="1" m="10762" /><E115/><V24/><F25/><N who="3" m="9227" /><G86/><T79/><D46/><U103/><E90/><N who="3" m="34314" /><G8/><T53/><D85/><U84/><E84/><V112/><F112/><W58/><AGARI ba="0,0" hai="4,7,50,55,58" m="34314,9227,47721" machi="58" ten="30,7900,0" yaku="18,1,52,3" doraHai="23" who="3" fromWho="3" sc="266,-20,192,-20,164,-39,378,79" /><INIT seed="7,0,0,1,0,83" ten="246,172,125,457" oya="3" hai0="121,45,9,85,115,117,93,114,33,65,36,91,134" hai1="66,90,127,7,37,3,2,12,104,32,13,107,8" hai2="38,48,109,40,10,1,46,26,18,16,11,29,64" hai3="0,30,120,131,19,88,52,57,47,101,5,60,76"/><W50/><G131/><T69/><D117/><U42/><E32/><V77/><F109/><W25/><G76/><T102/><D121/><U118/><E118/><V103/><F103/><W122/><G101/><T84/><D33/><U73/><E73/><V21/><F38/><W20/><G5/><T87/><D102/><U110/><E110/><V34/><F64/><W82/><G0/><T4/><D65/><U98/><E66/><V61/><F61/><W44/><G44/><T24/><D24/><U71/><E71/><V17/><F77/><W53/><REACH who="3" step="1"/><G30/><REACH who="3" ten="246,172,125,447" step="2"/><T67/><D69/><U23/><E2/><V116/><F116/><W112/><G112/><N who="0" m="43051" /><D67/><U55/><E3/><V41/><F41/><W130/><G130/><T80/><D134/><U89/><E7/><V78/><F78/><W135/><G135/><T132/><D132/><U81/><E42/><V119/><F119/><W63/><G63/><T14/><D80/><U124/><E81/><V28/><REACH who="2" step="1"/><F1/><REACH who="2" ten="246,172,115,447" step="2"/><W15/><G15/><T125/><D36/><U74/><E37/><V133/><F133/><W94/><G94/><T22/><D93/><U92/><E13/><V43/><F43/><W86/><AGARI ba="0,2" hai="19,20,25,47,50,52,53,57,60,82,86,88,120,122" machi="86" ten="30,12000,1" yaku="1,1,0,1,52,1,54,2,53,0" doraHai="83" doraHaiUra="129" who="3" fromWho="3" sc="246,-40,172,-40,115,-40,447,140" owari="206,0.6,132,-26.8,75,-42.5,587,68.7" /></mjloggm>