<mjloggm ver="2.3"><GO type="137" lobby="0"/><UN n0="%E3%81%B2%E3%82%8D%E3%81%8F%E3%82%93%35%35%30%30" n1="%6B%61%72%75%72%61%30%36" n2="%E6%96%8E%E8%97%A4%E7%A7%80%E9%9B%84" n3="%E2%93%9D%4C%75%63%6B%79%4A" dan="14,13,11,12" rate="1812.71,1725.97,1671.87,1881.60" sx="M,M,M,M"/><TAIKYOKU oya="0"/><INIT seed="0,0,0,1,0,35" ten="250,250,250,250" oya="0" hai0="25,40,38,106,63,81,111,30,132,8,118,48,37" hai1="135,85,95,128,113,77,72,125,59,43,97,27,19" hai2="93,121,22,31,23,75,134,21,39,52,4,133,104" hai3="46,83,119,122,33,115,130,16,90,126,44,11,110"/><T76/><D118/><U56/><E135/><V78/><F104/><W73/><G115/><T101/><D132/><N who="2" m="50794" /><F121/><W28/><G119/><T74/><D111/><U68/><E128/><V80/><F39/><W17/><G110/><T131/><D131/><U1/><E68/><V57/><F93/><W65/><G28/><T69/><D8/><U36/><E125/><V114/><F114/><W50/><G33/><N who="0" m="20687" /><D48/><U41/><E85/><V79/><F79/><W6/><G126/><T116/><D40/><U62/><E113/><V64/><F64/><W2/><G65/><N who="0" m="41151" /><D116/><U108/><E108/><V34/><F4/><W47/><G122/><T14/><D14/><U98/><E36/><V120/><F120/><W58/><G130/><T60/><D60/><U127/><E127/><V20/><N who="2" m="5120" /><DORA hai="86" /><V53/><F57/><W0/><G58/><T32/><D32/><U55/><E59/><V103/><F103/><W105/><G50/><T24/><D24/><AGARI ba="0,0" hai="24,31,34,52,53,75,78,80" m="5120,50794" machi="24" ten="50,3200,0" yaku="20,1,54,1" doraHai="35,86" who="2" fromWho="0" sc="250,-32,250,0,250,32,250,0" /><INIT seed="1,0,0,2,0,73" ten="218,250,282,250" oya="1" hai0="83,14,9,135,112,116,11,87,18,93,99,37,120" hai1="35,60,13,46,89,31,126,64,54,20,82,84,67" hai2="34,71,12,58,105,57,111,95,2,115,15,48,8" hai3="110,44,119,125,25,10,118,92,81,74,70,42,121"/><U40/><E35/><V47/><F105/><W6/><G121/><T101/><D116/><N who="3" m="44585" /><G92/><T53/><D112/><U77/><E126/><V88/><F34/><W32/><G70/><T124/><D37/><U5/><E54/><V49/><F71/><W50/><G110/><T3/><D124/><U4/><E67/><V68/><F68/><W108/><G108/><T128/><D128/><U109/><E109/><V28/><F28/><N who="3" m="19471" /><G125/><T96/><D135/><U41/><E41/><V78/><F2/><N who="3" m="343" /><G81/><T39/><D39/><U23/><E46/><V79/><F115/><W132/><G74/><T19/><D120/><U129/><E40/><N who="2" m="24679" /><F111/><W36/><G50/><T0/><D53/><U22/><E31/><V45/><F79/><W98/><G98/><T117/><D99/><U97/><E97/><N who="2" m="57575" /><F78/><W80/><G80/><T66/><D117/><U131/><E89/><V75/><F75/><W51/><G51/><T33/><D66/><U30/><E30/><V21/><F45/><W43/><G43/><T123/><D123/><U107/><E107/><V104/><F104/><W27/><G27/><T91/><D33/><U106/><E106/><V102/><F102/><W127/><G127/><T7/><D83/><U90/><E131/><V134/><F49/><W130/><G130/><T63/><D101/><U38/><E129/><V103/><F103/><W17/><G132/><T65/><D96/><U1/><E38/><V69/><F69/><W56/><G56/><T113/><D113/><U55/><E64/><V100/><F134/><W122/><G122/><T72/><D65/><U59/><E59/><RYUUKYOKU ba="0,0" sc="218,-10,250,-10,282,-10,250,30" hai3="17,36,42,44" /><INIT seed="2,1,0,0,1,47" ten="208,240,272,280" oya="2" hai0="59,120,25,4,18,55,98,115,66,16,27,20,125" hai1="71,86,30,68,44,15,129,101,67,134,117,14,69" hai2="95,124,21,29,45,57,17,127,1,49,94,82,2" hai3="72,13,41,10,46,91,0,112,106,54,3,11,109"/><V78/><F29/><W31/><G106/><T40/><D120/><U48/><E117/><V93/><F57/><W23/><G72/><T76/><D115/><U126/><E134/><V9/><F1/><W60/><G109/><T132/><D132/><U96/><E129/><V79/><F2/><W88/><G112/><T89/><D125/><N who="2" m="48202" /><F9/><W33/><G33/><T104/><D66/><U92/><E126/><V64/><F64/><W97/><G97/><T90/><D76/><N who="2" m="29226" /><F82/><W73/><G3/><T107/><D4/><U131/><E131/><V130/><F130/><W75/><G11/><T37/><D37/><U85/><E67/><V32/><F32/><W103/><G0/><T70/><D70/><U51/><E44/><V5/><F5/><W133/><G46/><T52/><D20/><U128/><E128/><V62/><F62/><W111/><G60/><T80/><D80/><U99/><E30/><V36/><F36/><W83/><G83/><T65/><D65/><U100/><E71/><V22/><F17/><W38/><G31/><T26/><D26/><U123/><E92/><N who="2" m="23555" /><V42/><AGARI ba="1,0" hai="21,22,42,45,49" m="23555,29226,48202" machi="42" ten="40,7800,0" yaku="4,1,18,1,52,1" doraHai="47" who="2" fromWho="2" sc="208,-27,240,-27,272,81,280,-27" /><INIT seed="2,2,0,0,0,9" ten="181,213,353,253" oya="2" hai0="7,11,74,22,111,58,105,76,98,95,121,61,39" hai1="109,73,43,78,80,15,116,62,5,19,16,2,51" hai2="65,28,50,3,103,12,125,94,88,52,70,6,113" hai3="25,13,49,124,23,29,40,81,31,132,64,54,66"/><V130/><F113/><W57/><G132/><T83/><D121/><U128/><E116/><V55/><F28/><W97/><G124/><T101/><D111/><U82/><E109/><V41/><F103/><W46/><G31/><T34/><D34/><U127/><E128/><V42/><F125/><W104/><G104/><T67/><D39/><U135/><E135/><V92/><F3/><W10/><G97/><T4/><D22/><U85/><E127/><V100/><F70/><W118/><G81/><T133/><D133/><U131/><E131/><V48/><F65/><W77/><G77/><T123/><D123/><U68/><E2/><V122/><F122/><W59/><G59/><T37/><D37/><U115/><E115/><V112/><F100/><W108/><G118/><T134/><D134/><U32/><E32/><V71/><F71/><W18/><REACH who="3" step="1"/><G108/><REACH who="3" ten="181,213,353,243" step="2"/><T126/><D126/><U93/><E93/><V120/><F130/><W72/><G72/><T75/><D75/><U69/><E80/><V110/><F120/><W8/><G8/><T79/><D79/><U56/><E73/><V30/><F112/><W45/><G45/><T63/><D105/><U53/><E69/><V86/><F30/><W90/><G90/><T17/><REACH who="0" step="1"/><D63/><AGARI ba="2,1" hai="10,13,18,23,25,29,40,46,49,54,57,63,64,66" machi="63" ten="30,7700,0" yaku="1,1,7,1,8,1,52,1,53,0" doraHai="9" doraHaiUra="102" who="3" fromWho="0" sc="181,-83,213,0,353,0,243,93" /><INIT seed="3,0,0,4,0,78" ten="98,213,353,336" oya="3" hai0="130,23,33,75,20,76,104,57,8,71,60,62,98" hai1="17,36,112,84,115,101,10,111,53,77,42,6,9" hai2="90,127,31,2,44,48,56,32,3,108,0,128,52" hai3="102,132,99,63,110,14,7,113,73,19,11,114,125"/><W18/><G73/><T58/><D33/><U89/><E111/><V118/><F118/><W91/><G110/><T97/><D71/><U49/><E77/><V134/><F108/><W67/><G132/><T107/><D76/><U43/><E101/><V117/><F117/><W79/><G125/><T46/><D46/><U15/><E36/><V65/><F127/><W85/><G114/><T24/><D8/><U39/><E39/><V22/><F32/><W28/><G28/><T131/><REACH who="0" step="1"/><D24/><REACH who="0" ten="88,213,353,336" step="2"/><U93/><E115/><V38/><F134/><W129/><G79/><T45/><D45/><U135/><E112/><V121/><F44/><W83/><G113/><T51/><D51/><U50/><E50/><V16/><F38/><W106/><REACH who="3" step="1"/><G129/><REACH who="3" ten="88,213,353,326" step="2"/><T95/><D95/><U100/><E135/><V1/><F128/><W12/><G12/><T26/><D26/><U74/><E93/><V64/><F0/><W13/><G13/><T4/><D4/><U47/><E6/><V29/><F1/><W87/><G87/><T82/><D82/><U119/><E84/><V92/><F2/><W61/><G61/><T30/><D30/><N who="2" m="11274" /><F3/><W54/><G54/><T27/><D27/><U105/><E53/><V120/><F120/><W21/><G21/><T133/><D133/><U59/><E10/><V55/><F121/><W109/><G109/><T40/><D40/><U124/><E43/><V94/><F55/><W41/><G41/><T25/><D25/><U116/><E42/><V72/><F72/><AGARI ba="0,2" hai="20,23,57,58,60,62,72,75,97,98,104,107,130,131" machi="72" ten="25,8000,1" yaku="1,1,22,2,53,2" doraHai="78" doraHaiUra="103" who="0" fromWho="2" sc="88,100,213,0,353,-80,326,0" /><INIT seed="4,0,0,4,0,80" ten="188,213,273,326" oya="0" hai0="6,115,68,55,54,111,66,101,57,79,41,33,64" hai1="52,63,4,120,25,5,130,108,113,27,102,107,67" hai2="72,11,2,8,21,118,24,75,56,23,61,126,97" hai3="90,51,76,82,100,20,132,104,39,37,14,15,48"/><T114/><D33/><U78/><E108/><V10/><F126/><W73/><G132/><T77/><D101/><U74/><E120/><V105/><F118/><W22/><G100/><T59/><D6/><U17/><E130/><V1/><F75/><W43/><G43/><T119/><D119/><U13/><E113/><N who="0" m="43017" /><D79/><U135/><E135/><V42/><F72/><W26/><G104/><T49/><D77/><U32/><E78/><V46/><F105/><W58/><G90/><T94/><D94/><U30/><E27/><V84/><F97/><W99/><G99/><T35/><D35/><U103/><E74/><V16/><F23/><W125/><G125/><T0/><D0/><U85/><E107/><V92/><F1/><W117/><G117/><T122/><D41/><U60/><E67/><N who="0" m="25641" /><D122/><U3/><E3/><V18/><F2/><W93/><G93/><T98/><D98/><U106/><E106/><V38/><F61/><W44/><G76/><T81/><D81/><U87/><E17/><V12/><REACH who="2" step="1"/><F56/><REACH who="2" ten="188,213,263,326" step="2"/><W62/><G58/><T127/><D127/><U112/><E112/><V88/><AGARI ba="0,1" hai="8,10,11,12,16,18,21,24,38,42,46,84,88,92" machi="88" ten="30,12000,2" yaku="1,1,2,1,0,1,52,1,54,2,53,0" doraHai="80" doraHaiUra="31" who="2" fromWho="2" sc="188,-60,213,-30,263,130,326,-30" /><INIT seed="5,0,0,2,2,97" ten="128,183,393,296" oya="1" hai0="52,39,6,36,107,2,41,70,130,108,106,27,65" hai1="26,23,53,132,89,32,16,35,101,117,87,99,111" hai2="125,45,133,94,9,8,47,74,131,71,20,93,124" hai3="81,135,3,128,48,67,79,68,134,31,29,43,119"/><U66/><E117/><V7/><F71/><W77/><G3/><T115/><D108/><U83/><E132/><N who="3" m="50730" /><G119/><T30/><D130/><U51/><E66/><V25/><F133/><W126/><G128/><T72/><D72/><U88/><E89/><V15/><F74/><W13/><G13/><T73/><D73/><U56/><REACH who="1" step="1"/><E111/><REACH who="1" ten="128,173,393,296" step="2"/><V113/><F131/><W17/><G67/><T12/><D65/><U61/><E61/><V90/><F113/><W104/><G79/><T112/><D115/><U11/><E11/><V114/><F114/><W102/><G77/><T69/><D112/><U14/><E14/><V116/><F116/><W44/><G68/><T62/><D62/><U5/><E5/><V10/><F7/><W110/><G110/><T103/><D6/><U121/><E121/><V33/><F15/><W63/><G63/><T42/><D12/><U57/><E57/><V37/><F90/><W78/><G78/><T100/><D2/><U18/><E18/><V54/><F47/><W98/><G17/><T85/><D30/><U40/><E40/><V92/><F54/><W1/><G1/><T55/><REACH who="0" step="1"/><D27/><REACH who="0" ten="118,173,393,296" step="2"/><U38/><E38/><V123/><F37/><W75/><G31/><T21/><D21/><U109/><E109/><V50/><F33/><W95/><G29/><T122/><D122/><U4/><E4/><V34/><F123/><W118/><G118/><T19/><D19/><U84/><E84/><AGARI ba="0,2" hai="36,39,41,42,52,55,69,70,84,85,100,103,106,107" machi="84" ten="25,16000,3" yaku="1,1,22,2,52,2,54,1,53,2" doraHai="97" doraHaiUra="80" who="0" fromWho="1" sc="118,180,173,-160,393,0,296,0" /><INIT seed="6,0,0,2,5,21" ten="298,13,393,296" oya="2" hai0="63,42,29,127,75,65,85,57,33,132,24,78,108" hai1="133,125,130,118,79,28,40,83,54,26,128,46,61" hai2="7,18,6,109,16,48,80,104,30,9,38,82,25" hai3="4,59,116,12,31,111,56,123,74,119,22,72,76"/><V92/><F104/><W121/><G4/><T37/><D108/><U122/><E118/><N who="3" m="45098" /><G22/><T67/><D132/><U114/><E114/><V3/><F38/><W53/><G53/><T77/><D127/><U100/><E100/><V69/><F69/><W64/><G12/><T99/><D75/><N who="3" m="28713" /><G31/><T60/><D37/><U23/><E61/><V86/><F109/><W101/><G101/><T43/><D99/><U17/><E54/><V44/><F7/><W52/><G52/><T2/><D2/><U88/><E122/><N who="3" m="46602" /><G76/><T39/><D39/><U90/><E28/><V19/><F48/><W107/><G107/><T106/><D106/><U62/><E62/><V70/><F70/><W51/><G51/><T73/><D73/><N who="1" m="43503" /><E46/><V98/><F44/><W95/><G95/><T66/><D77/><U115/><E115/><V1/><F1/><W35/><G35/><T27/><D33/><U91/><E40/><N who="0" m="15401" /><D29/><U96/><E96/><V41/><F41/><W13/><G111/><T15/><D15/><U103/><E103/><V84/><F30/><W55/><G13/><T50/><D50/><U8/><E8/><V34/><F34/><W131/><G55/><N who="0" m="33855" /><D63/><U32/><E32/><V58/><F92/><W68/><G68/><T45/><D45/><U117/><E117/><V134/><F98/><W135/><G59/><T102/><D102/><U71/><E71/><V89/><F58/><W0/><G56/><T124/><D67/><U120/><E120/><V113/><F113/><W10/><G64/><T87/><D66/><U112/><E112/><V47/><F47/><W126/><G0/><RYUUKYOKU ba="0,0" sc="298,0,13,0,393,0,296,0" /><INIT seed="7,1,0,5,0,26" ten="298,13,393,296" oya="3" hai0="60,68,129,119,113,30,18,28,76,74,72,99,32" hai1="81,118,105,127,111,59,122,1,50,87,91,132,31" hai2="29,93,124,7,35,130,11,34,3,102,134,71,40" hai3="70,58,23,115,131,112,57,9,104,83,8,6,89"/><W20/><G70/><T85/><D119/><U116/><E111/><V15/><F71/><W48/><G104/><T27/><D32/><U65/><E122/><V90/><F102/><W49/><G83/><T94/><D129/><U84/><E1/><V100/><F100/><W88/><G6/><T133/><D74/><U80/><E105/><V106/><F106/><W82/><G82/><N who="0" m="47303" /><D68/><U114/><E114/><V75/><F75/><W42/><G42/><T4/><D72/><U0/><E0/><V39/><F130/><AGARI ba="1,0" hai="8,9,20,23,48,49,57,58,88,89,112,115,130,131" machi="130" ten="25,4800,0" yaku="22,2,54,1" doraHai="26" who="3" fromWho="2" sc="298,0,13,0,393,-51,296,51" owari="298,-10.2,13,-48.7,342,14.2,347,44.7" /></mjloggm>