<mjloggm ver="2.3"><GO type="41" lobby="0"/><UN n0="%E2%98%86%E3%83%92%E3%82%B2%E9%AD%94%E4%BA%BA%E2%98%86" n1="%52%79%61%6E%31%35%38" n2="%E3%81%98%E3%82%83%E3%82%93%E3%81%99%E3%81%8D%E3%81%8A%E3%81%97%E3%81%92" n3="%E2%93%9D%4C%75%63%6B%79%4A" dan="15,13,13,16" rate="2024.18,1989.57,1807.21,2148.32" sx="M,M,M,M"/><TAIKYOKU oya="0"/><INIT seed="0,0,0,5,3,25" ten="250,250,250,250" oya="0" hai0="42,13,44,104,56,12,82,100,134,94,126,99,107" hai1="17,69,117,68,75,123,98,55,108,83,79,52,96" hai2="38,129,37,32,51,62,118,8,110,57,49,58,28" hai3="133,115,11,78,60,4,66,24,47,6,102,73,111"/><T15/><D134/><U130/><E117/><V112/><F112/><W50/><G115/><T29/><D126/><U21/><E123/><V81/><F118/><W109/><G102/><T97/><D82/><U106/><E108/><N who="3" m="41546" /><G133/><T7/><D7/><U48/><E130/><V1/><F110/><W71/><G24/><T85/><D85/><U116/><E55/><V0/><F129/><W63/><G63/><T64/><D99/><U43/><E43/><V120/><F120/><W127/><G127/><T131/><D131/><U2/><E2/><V46/><F81/><N who="3" m="45263" /><G11/><T5/><D5/><U114/><E114/><V33/><F8/><W72/><G72/><T14/><N who="0" m="3072" /><DORA hai="80" /><T90/><D100/><U23/><E116/><V77/><F1/><W20/><G20/><T19/><D19/><U18/><E21/><V41/><F0/><W89/><G89/><T135/><D135/><U3/><E3/><V59/><F77/><W65/><G66/><T91/><D91/><U105/><E23/><V86/><F33/><W36/><G36/><T95/><D95/><U31/><E75/><V54/><F32/><W125/><G125/><T101/><D101/><U27/><E79/><V103/><F103/><W45/><G47/><T39/><REACH who="0" step="1"/><D29/><REACH who="0" ten="240,250,250,250" step="2"/><U22/><E31/><V93/><F28/><W34/><G34/><T61/><AGARI ba="0,1" hai="39,42,44,56,61,64,90,94,97,104,107" m="3072" machi="61" ten="40,12000,1" yaku="1,1,2,1,0,1,53,2" doraHai="25,80" doraHaiUra="88,92" who="0" fromWho="0" sc="240,130,250,-40,250,-40,250,-40" /><INIT seed="0,1,0,4,4,10" ten="370,210,210,210" oya="0" hai0="121,91,6,100,51,102,45,27,81,61,126,117,55" hai1="7,48,87,58,33,75,92,90,129,5,54,113,111" hai2="14,30,26,1,60,93,2,65,78,109,101,38,22" hai3="19,74,50,103,72,80,18,115,37,46,99,28,70"/><T4/><D121/><U124/><E75/><V15/><F38/><W31/><G37/><T112/><D117/><U43/><E111/><V116/><F116/><W56/><G70/><T17/><D112/><U98/><E113/><V86/><F109/><W104/><G115/><T85/><D126/><U68/><E68/><V20/><F20/><W16/><G56/><T134/><D134/><U36/><E33/><V12/><F78/><W23/><G80/><T118/><D118/><U73/><E73/><V57/><F86/><W67/><G67/><T47/><D47/><U11/><E129/><V8/><F8/><W130/><G130/><T122/><D122/><U94/><E124/><V105/><REACH who="2" step="1"/><F105/><REACH who="2" ten="370,210,200,210" step="2"/><W24/><REACH who="3" step="1"/><G31/><REACH who="3" ten="370,210,200,200" step="2"/><T34/><D34/><U42/><E36/><V32/><F32/><W76/><G76/><T59/><D27/><U97/><E92/><V71/><F71/><W0/><G0/><T132/><D132/><U3/><E94/><V135/><F135/><W53/><AGARI ba="1,2" hai="16,18,19,23,24,28,46,50,53,72,74,99,103,104" machi="53" ten="30,7900,0" yaku="1,1,0,1,54,1,53,1" doraHai="10" doraHaiUra="25" who="3" fromWho="3" sc="370,-40,210,-21,200,-21,200,102" /><INIT seed="1,0,0,3,4,26" ten="330,189,179,302" oya="1" hai0="38,123,12,10,124,74,21,23,95,62,41,135,103" hai1="130,27,122,1,19,55,28,11,119,75,93,89,69" hai2="57,47,35,53,44,85,31,14,48,4,59,87,96" hai3="134,65,110,5,79,127,112,50,118,9,77,37,115"/><U39/><E119/><V56/><F96/><W67/><G37/><T54/><D74/><U90/><E122/><V76/><F76/><W86/><G110/><T7/><D123/><U84/><E75/><V82/><F47/><W66/><G127/><T132/><D124/><U73/><E73/><V6/><F35/><W133/><G50/><T3/><D38/><U114/><E114/><N who="3" m="43562" /><G86/><T15/><D41/><U121/><E121/><V126/><F126/><W105/><G105/><T0/><D103/><U80/><E39/><V101/><F101/><W8/><G5/><T131/><D95/><U128/><E69/><V98/><F98/><W61/><G61/><T30/><D54/><U32/><E55/><V81/><F31/><W46/><G46/><T64/><D131/><N who="1" m="50219" /><E19/><V116/><F116/><W91/><G91/><T25/><D64/><U102/><E102/><V71/><F71/><W99/><G99/><T97/><D97/><N who="1" m="57519" /><E11/><N who="3" m="4170" /><G118/><T49/><D62/><U22/><E1/><N who="0" m="585" /><D49/><U33/><AGARI ba="0,0" hai="22,27,28,32,33,80,84,90" m="57519,50219" machi="33" ten="30,3000,0" yaku="19,1,52,1" doraHai="26" who="1" fromWho="1" sc="330,-10,189,30,179,-10,302,-10" /><INIT seed="1,1,0,4,3,96" ten="320,219,169,292" oya="1" hai0="107,11,99,31,106,113,16,118,8,2,39,134,110" hai1="68,48,54,95,43,124,7,53,90,13,130,105,34" hai2="88,79,55,18,12,57,103,82,45,37,26,33,66" hai3="23,10,30,63,3,35,131,108,40,9,44,102,58"/><U14/><E105/><V101/><F66/><W92/><G35/><T84/><D118/><U27/><E68/><V65/><F65/><W116/><G108/><T5/><D113/><U98/><E124/><V114/><F114/><W24/><G131/><T46/><D110/><U86/><E130/><V93/><F37/><W109/><G3/><T125/><D125/><U94/><E27/><V32/><F45/><W4/><G4/><T120/><D120/><U117/><E34/><V25/><F33/><W60/><G63/><T100/><D134/><U67/><E67/><V17/><F32/><W115/><G116/><T72/><D72/><U71/><E71/><V121/><F121/><W77/><G77/><T73/><D73/><U6/><E117/><V89/><F79/><W20/><G23/><T135/><D135/><U61/><E43/><V0/><F0/><W127/><G109/><T28/><D106/><U129/><E129/><V74/><F74/><W112/><G115/><T38/><D84/><U15/><E61/><N who="2" m="36031" /><F82/><W36/><G127/><T119/><D119/><U52/><REACH who="1" step="1"/><E48/><REACH who="1" ten="320,209,169,292" step="2"/><V83/><F26/><W104/><G112/><T133/><D133/><U1/><E1/><V56/><F25/><W50/><G104/><T81/><D38/><U62/><E62/><V64/><F64/><N who="3" m="38935" /><G36/><T97/><D39/><U22/><E22/><V49/><F49/><W51/><G51/><T123/><D123/><U80/><BYE who="0" /><E80/><V91/><F12/><W19/><G30/><T87/><D87/><U21/><E21/><V75/><F75/><W126/><G126/><T29/><D29/><RYUUKYOKU ba="1,1" sc="320,-15,209,15,169,-15,292,15" hai1="6,7,13,14,15,52,53,54,86,90,94,95,98" hai3="9,10,19,20,24,40,44,50,92,102" /><INIT seed="1,2,1,3,1,63" ten="305,224,154,307" oya="1" hai0="36,121,82,69,3,26,78,42,47,22,106,13,104" hai1="109,57,90,107,85,108,100,96,55,132,15,93,103" hai2="128,34,9,66,25,0,24,81,27,7,126,88,94" hai3="19,119,28,52,80,124,118,76,114,133,65,135,73"/><U54/><E132/><N who="3" m="50762" /><G28/><T123/><D123/><U5/><E100/><V58/><F128/><W35/><G35/><T4/><D4/><U86/><E86/><V111/><F111/><N who="1" m="42569" /><E57/><V8/><F126/><W10/><G114/><T89/><D89/><U20/><E20/><UN n0="%E2%98%86%E3%83%92%E3%82%B2%E9%AD%94%E4%BA%BA%E2%98%86" /><V50/><F9/><AGARI ba="2,1" hai="5,9,15,54,55,85,90,93,96,103,107" m="42569" machi="9" ten="30,2900,0" yaku="14,1,10,1" doraHai="63" who="1" fromWho="2" sc="305,0,224,45,154,-35,307,0" /><INIT seed="1,3,0,1,5,25" ten="305,269,119,307" oya="1" hai0="35,112,54,56,36,82,63,134,115,117,21,129,102" hai1="77,48,125,10,74,97,26,8,68,106,81,99,51" hai2="59,33,130,107,122,2,128,32,89,100,28,46,52" hai3="84,92,127,62,20,64,75,119,118,40,83,133,79"/><U108/><E68/><V78/><F122/><W120/><G120/><T109/><D117/><N who="3" m="44553" /><G40/><T22/><D36/><U34/><E125/><V98/><F2/><W50/><G50/><T124/><D35/><U121/><E121/><V104/><F78/><W86/><G127/><T4/><D124/><U126/><E126/><V73/><F73/><W76/><G133/><T0/><D134/><U70/><E70/><V53/><F89/><N who="3" m="53303" /><G20/><T29/><D102/><U88/><E108/><V15/><F15/><W123/><G123/><T90/><D109/><U95/><E48/><N who="2" m="28695" /><F107/><W6/><G6/><T45/><D45/><U94/><E106/><V24/><F59/><N who="3" m="36959" /><G79/><T105/><D105/><U13/><E51/><V67/><F67/><W103/><G103/><T38/><D38/><U9/><E34/><N who="2" m="20743" /><F53/><W19/><G19/><T60/><D60/><U55/><E55/><V43/><F43/><W131/><G75/><T18/><D63/><U41/><E41/><V91/><F91/><W66/><G66/><T37/><D37/><U116/><E116/><V114/><F114/><W1/><G1/><T27/><D90/><U44/><E44/><V80/><F80/><W42/><G42/><T17/><D82/><U57/><E57/><V72/><F72/><W31/><G83/><T61/><D112/><U101/><REACH who="1" step="1"/><E26/><REACH who="1" ten="305,259,119,307" step="2"/><V111/><F111/><W3/><G76/><T47/><D27/><U49/><E49/><V110/><F110/><W87/><G3/><T93/><D61/><U23/><E23/><V65/><F65/><W12/><G12/><AGARI ba="3,1" hai="8,9,10,12,13,74,77,81,88,94,95,97,99,101" machi="12" ten="40,3900,0" yaku="1,1,54,1,53,0" doraHai="25" doraHaiUra="39" who="1" fromWho="3" sc="305,0,259,58,119,0,307,-48" /><INIT seed="1,4,0,4,2,77" ten="305,317,119,259" oya="1" hai0="63,127,3,110,114,64,102,90,103,8,79,130,52" hai1="24,21,132,66,10,40,14,73,17,49,60,115,126" hai2="118,125,124,131,45,121,94,9,105,69,96,4,76" hai3="58,92,134,67,39,57,26,122,50,38,93,82,1"/><U37/><E115/><V113/><F69/><W31/><G1/><T11/><D114/><U116/><E116/><V30/><F30/><W89/><G122/><T91/><D130/><U35/><E73/><V100/><F45/><W84/><G134/><T47/><D127/><N who="2" m="48714" /><F113/><W46/><G39/><T88/><D110/><U51/><E126/><V61/><F61/><W36/><G38/><T107/><D107/><U29/><E132/><V20/><F20/><N who="3" m="15815" /><G36/><T19/><D3/><U54/><BYE who="0" /><E54/><UN n0="%E2%98%86%E3%83%92%E3%82%B2%E9%AD%94%E4%BA%BA%E2%98%86" /><V85/><F9/><N who="0" m="3658" /><D79/><U111/><E111/><V117/><F4/><W43/><G58/><N who="0" m="36983" /><D19/><U101/><E101/><V78/><F121/><W0/><G0/><T28/><D28/><U34/><E37/><V129/><F105/><W16/><G16/><T71/><D71/><U48/><REACH who="1" step="1"/><E40/><REACH who="1" ten="305,307,119,259" step="2"/><V6/><F6/><W86/><G43/><T32/><D32/><U123/><E123/><V12/><F118/><W13/><G67/><T97/><D97/><U23/><E23/><V72/><F117/><W42/><G42/><T22/><D22/><U104/><E104/><N who="2" m="63495" /><F131/><W120/><G120/><T53/><D53/><U98/><E98/><V74/><F129/><W59/><G50/><AGARI ba="4,1" hai="47,50,52,88,90,91,102,103" m="36983,3658" machi="50" ten="30,3900,0" yaku="8,1,54,2" doraHai="77" who="0" fromWho="3" sc="305,61,307,0,119,0,259,-51" /><INIT seed="2,0,0,1,3,94" ten="366,307,119,208" oya="2" hai0="34,104,1,105,93,4,16,55,133,14,132,107,25" hai1="91,21,35,8,116,9,88,79,49,62,115,43,109" hai2="128,31,5,22,122,30,81,6,19,106,66,36,112" hai3="101,28,26,72,63,37,120,97,12,123,126,131,57"/><V13/><F36/><W134/><G72/><T3/><D4/><N who="2" m="1642" /><F106/><W125/><G12/><T118/><D118/><U52/><E116/><V27/><F66/><W111/><G111/><T113/><D113/><U0/><E109/><V78/><F81/><W117/><G131/><T74/><D74/><U77/><E115/><V70/><F78/><W46/><G134/><N who="0" m="51819" /><D55/><U127/><E35/><V2/><F70/><W65/><G46/><T135/><N who="0" m="51827" /><T64/><DORA hai="33" /><D64/><U29/><E127/><N who="3" m="48650" /><G37/><T17/><D93/><U69/><E43/><V68/><F68/><W61/><G63/><T73/><D73/><U103/><E103/><V129/><F112/><W85/><G85/><T47/><D47/><U82/><E91/><V67/><F67/><W20/><G117/><T86/><D86/><N who="1" m="50263" /><E0/><N who="0" m="73" /><D14/><U23/><E69/><V130/><F2/><W42/><G42/><T99/><D99/><U110/><E110/><V39/><F39/><W84/><G84/><T87/><D87/><U7/><E62/><V11/><F122/><W59/><G59/><T90/><D90/><U45/><E77/><V71/><F71/><W100/><G101/><T102/><D102/><U60/><E79/><V92/><F92/><AGARI ba="0,0" hai="20,26,28,57,61,65,92,97,100,120,123" m="48650" machi="92" ten="30,3900,0" yaku="25,1,18,1,52,1" doraHai="94,33" who="3" fromWho="2" sc="366,0,307,0,119,-39,208,39" /><INIT seed="3,0,0,4,1,27" ten="366,307,80,247" oya="3" hai0="51,15,73,47,120,3,75,82,70,4,21,34,105" hai1="86,103,71,37,61,74,26,72,52,101,111,109,46" hai2="128,48,40,18,58,65,43,98,23,0,123,106,56" hai3="22,131,13,8,90,121,89,126,119,117,63,17,31"/><W55/><G121/><T24/><D120/><U132/><E132/><V66/><F123/><W100/><G100/><T110/><D110/><N who="1" m="41995" /><E86/><V41/><F0/><W88/><G126/><T92/><D105/><U134/><E134/><V135/><F135/><W104/><G104/><T6/><D70/><U36/><E71/><V2/><F2/><W50/><G63/><T133/><D133/><U83/><E26/><V130/><F106/><W33/><G131/><N who="2" m="50217" /><F98/><W11/><G33/><T25/><D3/><U95/><E95/><V49/><F23/><W81/><G81/><T64/><D64/><N who="2" m="24682" /><F18/><W68/><G68/><T107/><D107/><U99/><E99/><V9/><F9/><W102/><G102/><N who="1" m="38922" /><E83/><V5/><F5/><W118/><REACH who="3" step="1"/><G31/><REACH who="3" ten="366,307,80,237" step="2"/><T53/><D82/><U12/><E61/><V60/><F60/><W7/><G7/><T54/><D34/><U94/><E94/><V38/><F38/><W127/><G127/><T62/><D92/><U85/><E37/><V112/><F112/><W115/><G115/><T19/><D6/><U78/><E36/><V35/><F35/><W1/><G1/><T44/><D4/><U59/><E72/><N who="0" m="27721" /><D62/><N who="1" m="36199" /><E74/><V80/><F80/><W91/><N who="3" m="22528" /><DORA hai="114" /><W39/><G39/><T79/><D79/><U77/><E78/><V57/><AGARI ba="0,1" hai="40,41,43,48,49,56,57,58" m="24682,50217" machi="57" ten="40,8000,1" yaku="28,2,19,1,34,2" doraHai="27,114" who="2" fromWho="2" sc="366,-20,307,-20,80,90,237,-40" /><INIT seed="4,0,0,3,4,59" ten="346,287,170,197" oya="0" hai0="134,57,112,22,130,15,36,53,72,103,109,8,38" hai1="0,96,17,61,11,113,91,77,10,70,92,125,127" hai2="89,81,52,43,94,34,120,12,67,56,115,28,51" hai3="66,7,118,129,40,73,42,116,82,58,26,135,102"/><T101/><D112/><U114/><E77/><V46/><F120/><W27/><G7/><T90/><D72/><U85/><E0/><V49/><F115/><N who="1" m="44041" /><E17/><V132/><F132/><W21/><G102/><T124/><D134/><U9/><E96/><V69/><F81/><W80/><G135/><T63/><D130/><U123/><E123/><V117/><F117/><W39/><G39/><T16/><D124/><N who="1" m="47691" /><E9/><V14/><F34/><W79/><G129/><T126/><D126/><U35/><E35/><V37/><F28/><W104/><G104/><T31/><D109/><U87/><E85/><V20/><F51/><W2/><G2/><T19/><D36/><U71/><E71/><V100/><F100/><W106/><G106/><T41/><D90/><U133/><E133/><V75/><F75/><W55/><G73/><T60/><D31/><U131/><E131/><V47/><F20/><W13/><G21/><T95/><D38/><U29/><E29/><V5/><F5/><W99/><G99/><N who="0" m="59647" /><D103/><U128/><E128/><V78/><F78/><W3/><G79/><T33/><D33/><U68/><E68/><V50/><F69/><W30/><G30/><T32/><D32/><U88/><E91/><V83/><F83/><W76/><G82/><T65/><D41/><U74/><E74/><V119/><F67/><AGARI ba="0,0" hai="10,11,61,67,70,87,88,92" m="47691,44041" machi="67" ten="30,8000,1" yaku="15,1,11,1,18,1,52,1,54,1" doraHai="59" who="1" fromWho="2" sc="346,0,287,80,170,-80,197,0" /><INIT seed="5,0,0,2,3,88" ten="346,367,90,197" oya="1" hai0="9,37,54,103,2,76,64,87,77,116,79,6,120" hai1="59,118,112,34,135,58,61,91,56,20,18,121,106" hai2="130,44,83,108,51,72,125,113,38,92,74,3,98" hai3="48,24,29,129,89,0,99,105,124,110,123,36,49"/><U14/><E121/><V73/><F108/><W122/><G110/><T65/><D116/><U42/><E118/><V35/><F35/><W132/><G36/><T82/><D120/><U75/><E106/><V96/><F3/><W46/><G49/><T28/><D28/><U23/><E112/><V63/><F38/><W80/><G0/><T31/><D31/><U109/><E109/><V84/><F130/><W39/><G39/><T66/><D37/><U41/><E75/><V11/><F125/><W71/><G71/><T8/><D103/><U104/><E104/><V55/><F113/><W62/><G62/><T50/><REACH who="0" step="1"/><D8/><REACH who="0" ten="336,367,90,197" step="2"/><U133/><E34/><V102/><F11/><W17/><G29/><T27/><D27/><U4/><E23/><V78/><F98/><W7/><G99/><T111/><D111/><U47/><E20/><V94/><REACH who="2" step="1"/><F63/><REACH who="2" ten="336,367,80,197" step="2"/><W32/><G123/><T45/><AGARI ba="0,2" hai="2,6,9,45,50,54,64,65,66,76,77,79,82,87" machi="45" ten="30,2000,0" yaku="1,1,0,1,53,0" doraHai="88" doraHaiUra="128" who="0" fromWho="0" sc="336,40,367,-10,80,-5,197,-5" /><INIT seed="6,0,0,3,0,78" ten="376,357,75,192" oya="2" hai0="117,94,52,21,17,85,32,48,80,114,28,109,88" hai1="51,35,76,128,108,100,14,131,99,16,39,118,12" hai2="81,30,8,125,45,54,65,57,96,34,19,40,103" hai3="122,66,6,7,61,82,110,46,79,104,121,127,83"/><V133/><F125/><W97/><G127/><T0/><D109/><U101/><E108/><V84/><F133/><W29/><G110/><T68/><D0/><U22/><E118/><V15/><F65/><W130/><G29/><T111/><D111/><U71/><E39/><V25/><F103/><W67/><G79/><T135/><D68/><U5/><E35/><V98/><F45/><W47/><G97/><T70/><D70/><U72/><E71/><V23/><F40/><W58/><G58/><N who="0" m="33031" /><D32/><U20/><E51/><N who="2" m="30943" /><F34/><W86/><G86/><T37/><D37/><U41/><E41/><V129/><F129/><N who="1" m="49737" /><E99/><V31/><F30/><W91/><G130/><T73/><D73/><U9/><E22/><V112/><F112/><W42/><G42/><T116/><D114/><U126/><E126/><V38/><F38/><W106/><G91/><AGARI ba="0,0" hai="8,15,19,23,25,31,81,84,91,96,98" m="30943" machi="91" ten="30,2900,0" yaku="8,1,52,1" doraHai="78" who="2" fromWho="3" sc="376,0,357,0,75,29,192,-29" /><INIT seed="6,1,0,5,0,61" ten="376,357,104,163" oya="2" hai0="122,68,64,12,128,90,5,56,87,132,24,9,131" hai1="86,28,71,14,103,30,51,104,52,93,63,101,129" hai2="77,113,85,38,112,118,35,6,135,0,107,21,42" hai3="106,69,96,19,46,22,114,32,25,115,65,78,134"/><V50/><F35/><W8/><G78/><T40/><D122/><U116/><E116/><V99/><F118/><W4/><G46/><T48/><D132/><U95/><E104/><V80/><F135/><W121/><G134/><T117/><D117/><U97/><E129/><N who="0" m="49737" /><D68/><U26/><E14/><V36/><F21/><W100/><G121/><T11/><D24/><U62/><E71/><V84/><F84/><W53/><G53/><T33/><D33/><U60/><E26/><V92/><F107/><W18/><G32/><T45/><D11/><U88/><E103/><N who="2" m="60903" /><F0/><W37/><G37/><T31/><D31/><U120/><E120/><V66/><F6/><W54/><G4/><T133/><D133/><U17/><E17/><V27/><F27/><W55/><G19/><T67/><D56/><AGARI ba="1,0" hai="28,30,51,52,56,60,62,63,86,88,93,95,97,101" machi="56" ten="40,5200,0" yaku="8,1,54,2" doraHai="61" who="1" fromWho="0" sc="376,-55,357,55,104,0,163,0" /><INIT seed="7,0,0,5,4,75" ten="321,412,104,163" oya="3" hai0="19,127,12,73,133,67,40,134,38,111,32,125,77" hai1="3,48,97,42,49,115,83,0,34,58,54,43,123" hai2="66,39,7,106,41,105,78,14,114,81,87,1,121" hai3="82,80,69,128,122,130,57,76,116,70,119,88,92"/><W17/><G122/><T85/><D32/><U53/><E123/><V60/><F121/><W9/><G57/><T107/><D107/><U4/><E34/><V16/><F114/><W52/><G17/><T90/><D67/><U72/><E97/><V74/><F87/><N who="3" m="52255" /><G9/><T44/><D111/><U51/><E4/><V36/><F36/><W23/><G23/><T104/><D104/><U50/><E72/><V27/><F27/><W108/><G52/><T118/><D118/><N who="3" m="45097" /><G108/><T56/><D56/><U2/><E115/><V29/><F29/><W47/><G47/><T94/><D12/><U100/><E54/><V102/><F102/><W62/><G62/><T84/><D73/><U45/><E100/><V6/><F6/><W46/><G46/><T124/><REACH who="0" step="1"/><D19/><REACH who="0" ten="311,412,104,163" step="2"/><U71/><E58/><V129/><F16/><W117/><G117/><T31/><D31/><U103/><E43/><V24/><F24/><W59/><G59/><T68/><D68/><N who="3" m="26217" /><G76/><T113/><D113/><U112/><E112/><V132/><F14/><W15/><G15/><T86/><D86/><U33/><E71/><N who="2" m="42439" /><F129/><AGARI ba="0,1" hai="80,82,128,129,130" m="26217,45097,52255" machi="129" ten="40,3900,0" yaku="19,1,54,1" doraHai="75" who="3" fromWho="2" sc="311,0,412,0,104,-39,163,49" /><INIT seed="7,1,0,0,5,101" ten="311,412,65,212" oya="3" hai0="87,33,24,8,78,37,99,117,80,5,48,35,110" hai1="70,125,7,107,108,92,22,30,113,16,111,134,19" hai2="56,104,2,38,126,93,31,45,109,41,59,68,4" hai3="81,60,26,3,130,120,135,100,1,128,97,36,32"/><W84/><G120/><T116/><D110/><U20/><E107/><V39/><F68/><W83/><G36/><T43/><D37/><U12/><E70/><V53/><F109/><W119/><G119/><T34/><D24/><U67/><E125/><V61/><F126/><W71/><G135/><T63/><D63/><U27/><E113/><V90/><F31/><N who="3" m="19575" /><G84/><T129/><D129/><N who="3" m="49769" /><G83/><T102/><D99/><U118/><E67/><V94/><F39/><W114/><G81/><T51/><D51/><U25/><E92/><V86/><F2/><W18/><G18/><N who="1" m="6698" /><E134/><V28/><F4/><W76/><G76/><T40/><D40/><U82/><E82/><V73/><F73/><W10/><G10/><T64/><D102/><U49/><E49/><V66/><F28/><W21/><G21/><N who="1" m="8298" /><E118/><V79/><F79/><W54/><G114/><T55/><D116/><U112/><E112/><V72/><F72/><W123/><G123/><T127/><D127/><U77/><E77/><V88/><F104/><N who="3" m="63503" /><G54/><T115/><D55/><U131/><E131/><V122/><F122/><W23/><G23/><T74/><D115/><U42/><E30/><V121/><F121/><W133/><G133/><T14/><D117/><U89/><E42/><V13/><F13/><W17/><G17/><T9/><D9/><N who="1" m="4159" /><E89/><V50/><REACH who="2" step="1"/><F90/><REACH who="2" ten="311,412,55,212" step="2"/><W85/><G85/><T46/><REACH who="0" step="1"/><D74/><REACH who="0" ten="301,412,55,212" step="2"/><U0/><E111/><V57/><F57/><W62/><G71/><T75/><D75/><U106/><E108/><V6/><F6/><W52/><G62/><T47/><D47/><U124/><E124/><V65/><F65/><AGARI ba="1,2" hai="5,8,14,33,34,35,43,46,48,64,65,78,80,87" machi="65" ten="40,8000,1" yaku="1,1,6,1,25,2,53,0" doraHai="101" doraHaiUra="96" who="0" fromWho="2" sc="301,103,412,0,55,-83,212,0" owari="404,20.4,412,51.2,-28,-52.8,212,-18.8" /></mjloggm>