<mjloggm ver="2.3"><GO type="41" lobby="0"/><UN n0="%E5%B7%AE%E6%8A%BC" n1="%E2%93%9D%4C%75%63%6B%79%4A" n2="%E3%81%8A%E3%81%95%E3%81%A3%E3%81%A1%E3%82%87" n3="%E8%A5%BF%E7%93%9C" dan="14,18,15,13" rate="1859.19,2172.51,1986.44,1873.05" sx="M,M,M,M"/><TAIKYOKU oya="0"/><INIT seed="0,0,0,3,3,58" ten="250,250,250,250" oya="0" hai0="43,96,66,109,56,82,118,16,33,6,1,24,76" hai1="122,4,88,65,36,111,101,18,93,52,121,115,86" hai2="107,79,0,77,95,99,74,92,116,104,134,29,50" hai3="120,127,108,31,26,8,84,20,87,38,30,34,59"/><T110/><D118/><U97/><E36/><V7/><F29/><W53/><G38/><T73/><D43/><U78/><E4/><V19/><F7/><W80/><G108/><N who="0" m="41579" /><D96/><U5/><E5/><V69/><F19/><W13/><G127/><T21/><D33/><U17/><E65/><V47/><F69/><W72/><G120/><T62/><D6/><U27/><E115/><V44/><F0/><AGARI ba="0,0" hai="0,1,16,21,24,56,62,66,73,76,82" m="41579" machi="0" ten="30,11600,0" yaku="14,1,10,1,52,1,54,1" doraHai="58" who="0" fromWho="2" sc="250,116,250,0,250,-116,250,0" /><INIT seed="0,1,0,3,5,38" ten="366,250,134,250" oya="0" hai0="101,4,2,120,119,57,76,56,70,14,39,33,64" hai1="72,75,132,53,44,36,90,114,22,35,112,3,100" hai2="58,37,131,65,15,135,26,82,79,103,0,129,24" hai3="42,34,124,81,61,10,27,130,94,32,30,134,49"/><T104/><D120/><U117/><E35/><V109/><F0/><W85/><G124/><T92/><D119/><U45/><E100/><V96/><F109/><W59/><G130/><N who="2" m="49673" /><F15/><W95/><G134/><T97/><D39/><U60/><E90/><V87/><F135/><W126/><G126/><T6/><D33/><U83/><E83/><V66/><F37/><W47/><G10/><T113/><D113/><U128/><E117/><V11/><F11/><W84/><G32/><T116/><D116/><U23/><E128/><V5/><F5/><W51/><G49/><T28/><D28/><U115/><E3/><V62/><F65/><W31/><G30/><T102/><D2/><U48/><E60/><V110/><F110/><W127/><G127/><T68/><D68/><U125/><E125/><V91/><F79/><W7/><G7/><T21/><D102/><U67/><E67/><V50/><F50/><W99/><G99/><T118/><D104/><AGARI ba="1,0" hai="24,26,58,62,66,82,87,91,96,103,104" m="49673" machi="104" ten="30,1000,0" yaku="19,1" doraHai="38" who="2" fromWho="0" sc="366,-13,250,0,134,13,250,0" /><INIT seed="1,0,0,4,2,53" ten="353,250,147,250" oya="1" hai0="66,98,63,58,77,35,38,78,120,85,110,51,103" hai1="7,83,116,1,106,0,102,95,93,132,36,125,128" hai2="28,99,101,96,84,97,5,23,8,17,118,104,111" hai3="70,112,62,27,25,113,69,2,16,15,122,117,40"/><U29/><E116/><V64/><F111/><W130/><G122/><T60/><D35/><U57/><E36/><V115/><F118/><W37/><G117/><T124/><D38/><U31/><E106/><V3/><F115/><W56/><G2/><T71/><D110/><U34/><E34/><V126/><F126/><W133/><G130/><T81/><D124/><U127/><E83/><V46/><F46/><W108/><G108/><T105/><D51/><U9/><E102/><V88/><F64/><W75/><G75/><T24/><D120/><U90/><E128/><V76/><F28/><W129/><G129/><T74/><D24/><U82/><E82/><V119/><F76/><W87/><G133/><T43/><D43/><U12/><E132/><V49/><F49/><W11/><G87/><T52/><D74/><U39/><E39/><V92/><REACH who="2" step="1"/><F119/><REACH who="2" ten="353,250,137,250" step="2"/><W13/><G112/><T135/><D135/><U65/><E31/><V20/><F20/><W55/><G113/><T6/><REACH who="0" step="1"/><D6/><REACH who="0" ten="343,250,137,250" step="2"/><U134/><E7/><V54/><F54/><W59/><G37/><T94/><D94/><U26/><E95/><V45/><F45/><W79/><G55/><T123/><D123/><U67/><E127/><V86/><F86/><W22/><G40/><T47/><D47/><U61/><E125/><V42/><F42/><W109/><G109/><T72/><D72/><U48/><E134/><V91/><F91/><AGARI ba="0,2" hai="52,58,60,63,66,71,77,78,81,85,91,98,103,105" machi="91" ten="30,7700,0" yaku="1,1,7,1,52,1,54,1,53,0" doraHai="53" doraHaiUra="41" who="0" fromWho="2" sc="343,97,250,0,137,-77,250,0" /><INIT seed="2,0,0,4,4,110" ten="440,250,60,250" oya="2" hai0="80,13,8,55,52,32,99,60,68,4,127,53,91" hai1="78,42,93,85,135,27,21,35,50,97,90,124,26" hai2="61,45,133,86,88,113,19,41,106,105,46,122,74" hai3="71,123,82,17,128,43,57,100,58,103,49,31,59"/><V118/><F118/><W38/><G123/><T96/><D32/><U24/><E35/><V9/><F74/><W20/><G71/><T34/><D34/><U2/><E2/><V87/><F122/><W14/><G38/><T120/><D120/><U101/><E124/><V44/><F133/><W33/><G128/><T126/><D68/><U28/><E135/><V81/><F113/><W76/><G33/><T98/><D60/><U37/><E37/><V109/><F109/><W22/><G43/><T102/><D102/><U115/><E78/><V40/><F106/><W56/><G49/><T18/><D4/><U6/><E6/><V11/><F105/><W12/><N who="3" m="14336" /><DORA hai="1" /><W10/><G31/><T116/><D116/><U104/><REACH who="1" step="1"/><E115/><REACH who="1" ten="440,240,60,250" step="2"/><V3/><F61/><W62/><G62/><T16/><D127/><U23/><E23/><V51/><F41/><W95/><G20/><T5/><D126/><U92/><E92/><V64/><F64/><W69/><G95/><T121/><D121/><U30/><E30/><V111/><F111/><W25/><G69/><T0/><D0/><U114/><E114/><V132/><F132/><W125/><G125/><T63/><D63/><U29/><E29/><V107/><F107/><W77/><G76/><T84/><AGARI ba="0,1" hai="5,8,13,16,18,52,53,55,80,84,91,96,98,99" machi="84" ten="40,8000,1" yaku="0,1,8,1,52,1,54,2" doraHai="110,1" who="0" fromWho="0" sc="440,90,240,-20,60,-40,250,-20" /><INIT seed="3,0,0,4,3,74" ten="530,220,20,230" oya="3" hai0="68,130,37,31,45,41,24,49,52,32,19,135,120" hai1="46,119,122,129,90,79,70,103,84,99,20,76,59" hai2="40,7,61,109,38,62,2,36,114,48,131,69,88" hai3="91,67,33,54,58,44,80,34,29,78,43,117,98"/><W123/><G117/><T124/><D120/><U128/><E70/><V92/><F109/><W118/><G118/><T1/><D135/><U116/><E59/><V65/><F114/><W96/><G123/><T110/><D130/><N who="1" m="50283" /><E20/><V57/><F131/><W51/><G67/><T133/><D124/><U42/><E122/><V127/><F127/><W97/><G91/><T64/><D133/><U10/><E10/><V89/><F89/><W8/><G8/><T27/><D1/><U18/><E18/><V25/><F7/><W86/><REACH who="3" step="1"/><G29/><REACH who="3" ten="530,220,20,220" step="2"/><T14/><D64/><U28/><E28/><V30/><F2/><W85/><G85/><T77/><D31/><U16/><E119/><V56/><F69/><W115/><G115/><T12/><D68/><U94/><E116/><V23/><F40/><W3/><G3/><T17/><D110/><U102/><E16/><V100/><F100/><N who="1" m="38441" /><E84/><V81/><F81/><W104/><G104/><T11/><D19/><U6/><E6/><V95/><F95/><W82/><G82/><T75/><D17/><U66/><E66/><V21/><F21/><W13/><G13/><T55/><D12/><U53/><E53/><V105/><F105/><W125/><G125/><T108/><D14/><U35/><E35/><V60/><F38/><AGARI ba="0,1" hai="33,34,38,43,44,51,54,58,78,80,86,96,97,98" machi="38" ten="40,3900,0" yaku="1,1,52,1,53,0" doraHai="74" doraHaiUra="121" who="3" fromWho="2" sc="530,0,220,0,20,-39,220,49" /><AGARI ba="0,0" hai="38,42,46,76,79,90,94,99" m="38441,50283" machi="38" ten="30,3900,0" yaku="19,1,52,2" doraHai="74" who="1" fromWho="2" sc="530,0,220,39,-19,-39,269,0" owari="530,63.0,259,-14.1,-58,-55.8,269,6.9" /></mjloggm>