<mjloggm ver="2.3"><GO type="41" lobby="0"/><UN n0="%E6%9C%AA%E5%8B%9D%E5%88%A9%E5%B0%82" n1="%E2%93%9D%4C%75%63%6B%79%4A" n2="%E3%82%B0%E3%83%AB%E3%83%BC%E3%83%9F%E3%83%BC%E5%85%88%E8%BC%A9" n3="%E3%82%B4%E3%83%AC%E3%83%B3%E3%82%B8%E3%83%A3%E3%82%A4" dan="15,17,14,14" rate="2005.71,2164.05,1994.78,1930.35" sx="M,M,M,M"/><TAIKYOKU oya="0"/><INIT seed="0,0,0,4,0,82" ten="250,250,250,250" oya="0" hai0="54,122,61,108,81,109,90,93,100,37,50,89,62" hai1="15,39,95,105,92,80,131,21,115,88,123,20,71" hai2="19,14,91,55,31,2,46,43,65,23,60,129,45" hai3="27,3,96,135,73,133,119,83,38,63,121,70,120"/><T110/><D37/><U6/><E105/><V35/><F2/><W76/><G38/><T48/><D122/><U94/><E123/><N who="3" m="47178" /><G27/><T98/><D48/><U42/><E71/><V4/><F129/><W113/><G96/><T101/><D90/><U103/><E115/><V84/><F4/><W9/><G113/><T85/><REACH who="0" step="1"/><D101/><REACH who="0" ten="240,250,250,250" step="2"/><U51/><E103/><V30/><F35/><W87/><G119/><T78/><D78/><U36/><E39/><V124/><F124/><W59/><G70/><T106/><D106/><U97/><E36/><V79/><F79/><W0/><G73/><T17/><D17/><U111/><E51/><V127/><F127/><W12/><G63/><T41/><D41/><U24/><E42/><V68/><F43/><W1/><G59/><AGARI ba="0,1" hai="50,54,59,61,62,81,85,89,93,98,100,108,109,110" machi="59" ten="40,12000,1" yaku="1,1,14,1,10,1,52,1,53,0" doraHai="82" doraHaiUra="130" who="0" fromWho="3" sc="240,130,250,0,250,0,250,-120" /><INIT seed="0,1,0,2,5,115" ten="370,250,250,130" oya="0" hai0="32,98,78,64,71,113,62,55,114,36,59,67,85" hai1="68,2,42,121,84,48,76,82,21,77,97,28,110" hai2="99,100,123,18,109,124,8,72,119,75,3,134,4" hai3="131,41,129,43,30,83,44,81,47,33,56,122,61"/><T58/><D32/><U11/><E121/><V96/><F123/><W126/><G122/><T103/><D36/><U39/><E68/><V26/><F109/><W73/><G33/><T112/><D71/><U116/><E39/><V37/><F37/><W1/><G1/><T118/><D118/><U120/><E116/><V13/><F124/><W101/><G101/><T52/><D85/><U90/><E110/><V65/><F134/><W51/><G30/><T27/><D27/><U9/><E2/><V135/><F135/><W74/><G51/><T130/><D78/><N who="1" m="30315" /><E97/><V88/><F65/><W25/><G25/><T128/><D98/><U70/><E70/><V34/><F119/><W117/><G117/><T15/><D15/><U19/><E28/><V17/><F17/><W87/><G87/><T20/><D20/><U86/><E86/><V31/><F96/><W80/><G80/><T91/><D91/><U35/><E35/><V40/><F40/><W14/><G14/><T125/><D103/><U5/><E5/><V23/><REACH who="2" step="1"/><F88/><REACH who="2" ten="370,250,240,130" step="2"/><W133/><G133/><T0/><D125/><U16/><E120/><V93/><AGARI ba="1,1" hai="3,4,8,13,18,23,26,31,34,72,75,93,99,100" machi="93" ten="20,12000,2" yaku="1,1,2,1,0,1,7,1,24,2,53,0" doraHai="115" doraHaiUra="102" who="2" fromWho="2" sc="370,-61,250,-31,240,133,130,-31" /><INIT seed="1,0,0,0,2,122" ten="309,219,373,99" oya="1" hai0="25,22,107,9,98,129,128,78,101,4,85,31,96" hai1="21,88,32,23,135,115,76,105,90,5,48,34,94" hai2="132,50,81,117,58,87,24,123,62,27,52,92,42" hai3="72,86,18,28,102,45,75,36,116,99,83,41,126"/><U133/><E105/><V40/><F117/><W118/><G28/><T71/><D71/><U106/><E106/><V54/><F132/><N who="1" m="50761" /><E76/><V65/><F92/><W55/><G126/><T120/><D98/><U69/><E69/><V30/><F123/><W51/><G18/><T56/><D120/><U84/><E115/><V124/><F54/><W61/><G61/><T17/><D56/><U109/><E5/><V63/><F63/><W100/><G100/><T12/><D78/><U16/><E23/><V97/><F97/><W113/><G113/><T44/><D85/><N who="1" m="52559" /><E48/><V125/><F124/><W11/><G11/><T74/><D74/><U35/><E109/><V67/><F67/><W130/><G118/><T64/><D64/><U20/><E16/><V13/><F13/><W77/><G116/><T43/><REACH who="0" step="1"/><D17/><REACH who="0" ten="299,219,373,99" step="2"/><U26/><E26/><V19/><F19/><W68/><G68/><T0/><D0/><U104/><E104/><V91/><F125/><W60/><G77/><T70/><D70/><U37/><E37/><AGARI ba="0,1" hai="4,9,12,22,25,31,37,43,44,96,101,107,128,129" machi="37" ten="40,2600,0" yaku="1,1,53,1" doraHai="122" doraHaiUra="2" who="0" fromWho="1" sc="299,36,219,-26,373,0,99,0" /><INIT seed="2,0,0,3,1,73" ten="335,193,373,99" oya="2" hai0="0,42,131,3,30,57,5,63,88,12,28,125,61" hai1="124,116,135,112,23,89,39,111,45,76,86,72,15" hai2="87,66,58,50,49,38,4,108,70,113,85,51,13" hai3="21,47,1,105,82,34,25,31,109,122,11,16,115"/><V101/><F4/><W7/><G105/><T46/><D131/><U104/><E112/><V94/><F13/><W52/><G115/><T118/><D125/><U20/><E116/><V106/><F113/><W117/><G117/><T123/><D123/><U62/><E111/><V90/><F106/><W14/><G122/><T8/><D118/><U120/><E135/><V110/><F101/><W44/><G109/><N who="2" m="42089" /><F38/><W55/><REACH who="3" step="1"/><G82/><REACH who="3" ten="335,193,373,89" step="2"/><T6/><D0/><U121/><E104/><V22/><F70/><W134/><G134/><T99/><D3/><U36/><E121/><V71/><F71/><W54/><AGARI ba="0,1" hai="1,7,11,14,16,21,25,31,34,44,47,52,54,55" machi="54" ten="30,12000,2" yaku="1,1,0,1,24,2,54,2,53,1" doraHai="73" doraHaiUra="2" who="3" fromWho="3" sc="335,-30,193,-30,373,-60,89,130" /><INIT seed="3,0,0,3,3,96" ten="305,163,313,219" oya="3" hai0="10,81,30,21,93,100,75,27,116,50,128,113,33" hai1="11,41,1,18,20,86,85,95,39,120,4,69,0" hai2="133,123,7,132,43,40,122,71,102,16,72,91,117" hai3="80,46,32,26,74,109,130,55,127,59,99,94,58"/><W17/><G130/><T47/><D116/><U38/><E69/><V83/><F117/><W98/><G127/><T70/><D70/><U87/><E120/><N who="2" m="46123" /><F71/><W129/><G129/><T115/><D128/><U52/><E1/><V88/><F7/><W45/><G99/><T34/><D10/><U67/><E67/><V31/><F31/><W48/><G109/><T134/><D134/><N who="2" m="51818" /><F72/><W97/><G97/><N who="0" m="59439" /><D81/><U106/><E106/><V54/><F54/><W44/><G74/><T42/><D75/><U103/><E41/><N who="2" m="15947" /><F83/><W15/><G80/><T65/><D65/><U82/><E82/><V78/><F78/><W79/><G79/><T49/><D49/><U19/><E39/><V2/><F2/><W29/><G44/><T131/><D131/><U92/><E38/><V62/><F62/><W61/><G61/><T124/><D124/><U35/><E0/><V66/><F66/><W73/><G73/><T14/><D14/><U9/><E87/><V56/><F56/><W25/><G45/><T57/><D57/><U13/><E86/><V119/><F119/><W121/><G25/><T6/><D6/><U8/><E4/><V101/><F16/><W60/><G60/><T37/><D37/><U90/><E19/><V125/><F125/><W68/><G68/><T24/><D27/><U89/><E18/><V64/><F64/><W22/><G121/><T112/><AGARI ba="0,0" hai="21,24,30,33,34,42,47,50,112,113,115" m="59439" machi="112" ten="30,2000,0" yaku="11,1,52,1" doraHai="96" who="0" fromWho="0" sc="305,20,163,-5,313,-5,219,-10" /><INIT seed="4,0,0,1,0,90" ten="325,158,308,209" oya="0" hai0="36,108,130,128,4,117,118,135,35,15,100,55,120" hai1="9,27,26,20,109,87,119,7,105,50,79,59,80" hai2="66,123,65,102,54,10,2,13,30,74,53,91,0" hai3="46,132,11,25,56,1,22,115,77,41,134,32,113"/><T5/><D55/><U17/><E109/><V106/><F74/><W64/><G77/><T28/><D100/><U129/><E129/><N who="0" m="49769" /><D36/><U42/><E119/><N who="0" m="45577" /><D120/><U38/><E105/><V84/><F123/><W19/><G64/><T127/><D108/><U92/><E38/><V51/><F30/><N who="3" m="19535" /><G56/><T85/><D85/><U21/><E59/><V121/><F121/><W75/><G75/><T125/><D15/><U101/><E42/><V83/><F106/><W82/><G41/><T88/><D88/><U14/><E50/><V99/><F54/><W45/><G82/><T71/><D71/><U97/><REACH who="1" step="1"/><E21/><REACH who="1" ten="325,148,308,209" step="2"/><V29/><F65/><W48/><G48/><T81/><D35/><U89/><E89/><V107/><F66/><W24/><G46/><T116/><D116/><U124/><E124/><V44/><REACH who="2" step="1"/><F29/><REACH who="2" ten="325,148,298,209" step="2"/><W69/><G69/><T62/><D28/><U31/><E31/><V34/><F34/><W61/><G45/><T52/><D127/><U93/><E93/><V39/><F39/><W47/><G47/><T112/><D125/><U16/><E16/><AGARI ba="0,2" hai="0,2,10,13,16,44,51,53,83,84,91,99,102,107" machi="16" ten="30,8000,1" yaku="1,1,7,1,25,2,54,1,53,0" doraHai="90" doraHaiUra="131" who="2" fromWho="1" sc="325,0,148,-80,298,100,209,0" /><INIT seed="5,0,0,3,3,89" ten="325,68,398,209" oya="1" hai0="16,37,102,52,43,124,51,96,123,120,18,127,62" hai1="32,47,97,119,38,63,77,106,95,10,129,70,67" hai2="44,131,80,100,14,134,55,34,65,30,45,71,72" hai3="61,39,40,60,90,84,46,79,112,8,17,4,121"/><U48/><E119/><V83/><F131/><W31/><G121/><N who="0" m="46667" /><D62/><U114/><E129/><V104/><F134/><W130/><G130/><T24/><D43/><U1/><E114/><V12/><F71/><W69/><G112/><T103/><D37/><U125/><E125/><N who="0" m="48201" /><D24/><U2/><E106/><V22/><F65/><W93/><G31/><T21/><D21/><U66/><E38/><V13/><F34/><W35/><G35/><T87/><D87/><U113/><E113/><V135/><F135/><W107/><G107/><N who="0" m="63943" /><D103/><U49/><E67/><V64/><F100/><W132/><G132/><T27/><D27/><U105/><E105/><V11/><F104/><W36/><G39/><T85/><D85/><U6/><E32/><V20/><F72/><W76/><G61/><T50/><D50/><U75/><E2/><V68/><F64/><W133/><G133/><T99/><D99/><U118/><E49/><V82/><F68/><W88/><G69/><T92/><D92/><U94/><E97/><V116/><F30/><W5/><G60/><T115/><D115/><U101/><E101/><V81/><F81/><W54/><G54/><T58/><AGARI ba="0,0" hai="16,18,51,52,58" m="63943,48201,46667" machi="58" ten="30,7900,0" yaku="13,1,18,1,54,2" doraHai="89" who="0" fromWho="0" sc="325,79,68,-39,398,-20,209,-20" /><INIT seed="6,0,0,1,0,107" ten="404,29,378,189" oya="2" hai0="94,85,53,117,40,113,20,73,130,65,131,135,95" hai1="87,106,122,66,29,80,18,101,92,114,91,134,23" hai2="14,46,121,99,10,45,24,110,15,68,33,60,124" hai3="62,5,86,77,88,96,84,76,1,27,56,54,12"/><V55/><F121/><W129/><G129/><N who="0" m="49163" /><D113/><U97/><E122/><V93/><F124/><W9/><G1/><T78/><D135/><U119/><E134/><V50/><F110/><W28/><G96/><T11/><D117/><U35/><E114/><V3/><F3/><W7/><G84/><T6/><D40/><U105/><E66/><V61/><F68/><W123/><G123/><T38/><D38/><U16/><E119/><V21/><F46/><W34/><REACH who="3" step="1"/><G5/><REACH who="3" ten="404,29,378,179" step="2"/><T43/><D85/><U118/><E118/><V98/><F98/><W128/><G128/><T8/><D6/><U42/><E42/><V41/><F41/><W81/><AGARI ba="0,1" hai="7,9,12,27,28,34,54,56,62,76,77,81,86,88" machi="81" ten="20,8000,1" yaku="1,1,0,1,7,1,54,1,53,1" doraHai="107" doraHaiUra="79" who="3" fromWho="3" sc="404,-20,29,-20,378,-40,179,90" /><INIT seed="7,0,0,5,0,95" ten="384,9,338,269" oya="3" hai0="61,17,38,114,79,85,101,70,113,28,129,19,53" hai1="63,54,116,7,81,72,71,50,14,92,93,56,121" hai2="47,69,27,57,87,73,31,35,119,108,90,91,98" hai3="60,22,43,55,67,10,74,46,49,127,97,122,75"/><W120/><G127/><T23/><D38/><U26/><E121/><V24/><F108/><W18/><G10/><T42/><D42/><U12/><E72/><V88/><F119/><W84/><G43/><T126/><D129/><U65/><E81/><V40/><F73/><W77/><G97/><T110/><D110/><U128/><E128/><V124/><F124/><W131/><G131/><T123/><D101/><U32/><E7/><V48/><F69/><W109/><G109/><T21/><D123/><U135/><E135/><V37/><F37/><W78/><G122/><T103/><D103/><U9/><E32/><V100/><F57/><W62/><G120/><T16/><D126/><U68/><E71/><V13/><F13/><N who="1" m="5225" /><E9/><V39/><F27/><W51/><G62/><T66/><D53/><N who="1" m="31799" /><E26/><V30/><F30/><W133/><G133/><T4/><D4/><U58/><E68/><V20/><F39/><W111/><G111/><T106/><D28/><U5/><E5/><V41/><F41/><W130/><G130/><T15/><D106/><U2/><E2/><V80/><REACH who="2" step="1"/><F35/><REACH who="2" ten="384,9,328,269" step="2"/><W112/><G75/><T29/><D29/><U86/><E116/><V115/><F115/><N who="0" m="44042" /><D15/><U36/><E36/><V118/><F118/><W89/><G112/><T1/><D1/><U59/><E86/><V25/><F25/><N who="3" m="14551" /><G74/><T8/><D8/><U34/><E34/><V105/><AGARI ba="0,1" hai="20,24,31,40,47,48,80,87,88,90,91,98,100,105" machi="105" ten="20,8000,1" yaku="1,1,0,1,7,1,52,1,54,1,53,0" doraHai="95" doraHaiUra="11" who="2" fromWho="2" sc="384,-20,9,-20,328,90,269,-40" owari="364,16.4,-11,-51.1,418,51.8,229,-17.1" /></mjloggm>