<mjloggm ver="2.3"><GO type="41" lobby="0"/><UN n0="%E2%93%9D%4C%75%63%6B%79%4A" n1="%7A%68%6F%75%7A%68%6F%75" n2="%7A%32%50%48%75%76" n3="%50%75%77%65%66%61%6E%73" dan="17,13,15,14" rate="2138.76,1849.90,1914.05,1957.87" sx="M,M,M,F"/><TAIKYOKU oya="0"/><INIT seed="0,0,0,4,4,62" ten="250,250,250,250" oya="0" hai0="67,49,84,1,61,89,45,63,31,77,130,119,129" hai1="95,40,52,94,113,9,28,101,24,42,13,115,69" hai2="88,14,87,112,92,98,68,72,66,81,36,103,15" hai3="91,38,32,53,56,50,135,33,39,22,127,76,104"/><T74/><D1/><U100/><E69/><V65/><F112/><W0/><G0/><T70/><D74/><U12/><E9/><V80/><F36/><W25/><G104/><T122/><D77/><U47/><E47/><V2/><F2/><W7/><G7/><T48/><D31/><U29/><E24/><V8/><F68/><W64/><G76/><T132/><D122/><U111/><E111/><V59/><F72/><W17/><G135/><T44/><D89/><U131/><REACH who="1" step="1"/><E52/><REACH who="1" ten="250,240,250,250" step="2"/><V3/><F3/><W105/><G25/><T11/><D11/><U5/><E5/><V30/><F30/><W121/><G121/><T118/><D132/><U108/><E108/><V54/><F14/><W114/><G114/><T126/><D70/><U133/><E133/><V90/><F15/><W86/><G32/><T134/><D134/><U78/><E78/><V83/><F8/><W128/><G33/><T46/><D46/><U102/><E102/><V85/><REACH who="2" step="1"/><F83/><REACH who="2" ten="250,240,240,250" step="2"/><W16/><G17/><T71/><D71/><U82/><E82/><V58/><F58/><W34/><G16/><T35/><D45/><U21/><E21/><V124/><F124/><W23/><G22/><T4/><D126/><U117/><E117/><V27/><F27/><W106/><G23/><T26/><D26/><U123/><E123/><V109/><F109/><W41/><G127/><T37/><D119/><U6/><E6/><V97/><F97/><W60/><G34/><T99/><D35/><U116/><E116/><V20/><F20/><W18/><G18/><T96/><D118/><U110/><E110/><RYUUKYOKU ba="0,2" sc="250,-15,240,15,240,15,250,-15" hai1="12,13,28,29,40,42,94,95,100,101,113,115,131" hai2="54,59,65,66,80,81,85,87,88,90,92,98,103" /><INIT seed="1,1,2,4,5,3" ten="235,255,255,235" oya="1" hai0="68,135,47,84,107,99,62,129,128,2,121,55,42" hai1="79,82,120,106,69,52,32,46,102,13,63,67,126" hai2="26,65,25,122,112,16,64,10,34,72,125,41,83" hai3="36,0,23,31,117,134,89,108,49,96,70,1,133"/><U118/><E118/><V100/><F122/><W132/><G36/><T39/><D84/><U18/><E120/><V104/><F125/><W54/><G70/><T56/><D2/><U66/><E126/><V113/><F41/><W87/><G96/><T45/><D121/><U124/><E124/><V77/><F100/><W40/><G40/><N who="0" m="22943" /><D99/><U20/><E67/><V4/><F104/><W81/><G117/><T60/><D107/><U59/><E32/><V17/><F26/><N who="3" m="16863" /><G108/><T95/><D95/><U6/><E6/><V53/><F53/><W35/><G35/><T61/><D135/><N who="3" m="34561" /><W37/><DORA hai="11" /><G37/><N who="0" m="21711" /><D68/><U130/><E106/><V21/><F34/><W24/><G24/><T114/><D114/><N who="2" m="44138" /><F17/><W58/><AGARI ba="1,2" hai="0,1,49,54,58,81,87,89" m="34561,16863" machi="58" ten="40,1500,0" yaku="20,1" doraHai="3,11" who="3" fromWho="3" sc="235,-5,255,-8,255,-5,235,38" /><INIT seed="2,0,0,4,1,66" ten="230,247,250,273" oya="2" hai0="95,127,22,120,114,32,58,100,47,13,111,80,28" hai1="53,43,132,34,12,84,135,65,21,23,36,25,133" hai2="106,11,69,129,71,61,75,134,56,123,8,38,85" hai3="7,30,31,99,68,77,78,102,117,52,113,17,128"/><V98/><F123/><W107/><G117/><T51/><D114/><U121/><E121/><V4/><F75/><W109/><G109/><T3/><D3/><U122/><E122/><V41/><F38/><W115/><G7/><T5/><D32/><U130/><E34/><V105/><F41/><W93/><G128/><T125/><D58/><U97/><E130/><V15/><F129/><W126/><G126/><T16/><D120/><U88/><E53/><V67/><F134/><W49/><G107/><T60/><D28/><N who="3" m="10793" /><G68/><T44/><D5/><U104/><E43/><V55/><F85/><W42/><G42/><T18/><D60/><U45/><E45/><V70/><F11/><W27/><G113/><T73/><D18/><N who="1" m="12471" /><E36/><V10/><F10/><W64/><G64/><T86/><D111/><U9/><E65/><V91/><REACH who="2" step="1"/><F67/><REACH who="2" ten="230,247,240,273" step="2"/><W89/><G115/><T63/><D73/><U81/><E9/><V110/><F110/><W39/><G39/><T131/><D131/><U92/><E23/><V50/><F50/><W82/><G49/><T119/><D51/><U54/><E54/><V48/><F48/><W83/><G52/><T108/><D108/><U112/><E112/><V79/><F79/><W72/><G72/><T29/><D47/><U46/><E46/><V2/><F2/><W76/><G77/><T1/><D44/><U90/><E12/><V62/><F62/><W24/><G76/><N who="0" m="46343" /><D63/><U116/><E116/><V74/><F74/><W124/><G78/><T19/><D119/><U33/><E33/><V20/><F20/><W6/><G24/><N who="0" m="16535" /><D1/><U118/><E118/><RYUUKYOKU ba="0,1" sc="230,-15,247,15,240,15,273,-15" hai1="81,84,88,90,92,97,104,132,133,135" hai2="4,8,15,55,56,61,69,70,71,91,98,105,106" /><INIT seed="2,1,1,4,4,14" ten="215,262,255,258" oya="2" hai0="133,75,4,3,29,114,27,0,89,38,112,35,72" hai1="134,115,16,45,87,42,40,58,122,22,64,125,19" hai2="55,25,73,119,126,104,8,41,17,83,6,67,120" hai3="118,21,91,93,81,131,97,71,113,9,31,1,85"/><V36/><F119/><W77/><G118/><T47/><D89/><U48/><E115/><N who="0" m="44073" /><D4/><U51/><E134/><V127/><F120/><W123/><G123/><T117/><D117/><U76/><E122/><V116/><F116/><W101/><G113/><T32/><D133/><U20/><E125/><V98/><F67/><W128/><G71/><T69/><D69/><U30/><E30/><V13/><F41/><W11/><G1/><N who="0" m="587" /><D35/><U66/><E87/><V10/><F36/><W12/><G77/><T57/><D57/><U53/><E76/><V99/><F99/><W59/><G59/><T129/><D129/><N who="3" m="49737" /><G31/><T132/><D132/><U2/><E2/><V130/><F130/><W100/><G100/><T111/><D111/><U95/><E95/><V62/><F98/><W39/><G39/><T106/><D106/><U108/><E108/><V78/><F104/><W28/><G28/><T37/><D38/><U61/><E40/><AGARI ba="1,1" hai="27,29,32,37,40,47,72,75" m="587,44073" machi="40" ten="30,1000,0" yaku="23,1" doraHai="14" who="0" fromWho="1" sc="215,23,262,-13,255,0,258,0" /><INIT seed="3,0,0,3,2,91" ten="238,249,255,258" oya="3" hai0="96,126,127,101,84,44,55,12,102,105,107,6,0" hai1="93,118,27,87,97,103,134,130,111,129,92,125,108" hai2="80,65,74,47,21,79,11,104,49,106,70,88,82" hai3="34,51,45,99,40,135,24,15,75,124,89,83,20"/><W62/><G135/><T114/><D0/><U100/><E27/><V64/><F11/><W119/><G119/><T35/><D35/><U69/><E69/><V61/><F65/><W57/><G124/><N who="0" m="47659" /><D44/><U28/><E28/><V3/><F3/><W13/><G34/><T48/><D48/><U131/><E125/><V50/><F21/><W53/><G75/><T121/><D55/><U8/><E8/><V63/><F63/><W41/><G40/><T17/><D6/><U10/><E10/><V109/><F109/><N who="1" m="42057" /><E87/><V58/><F70/><W113/><G113/><T128/><D84/><U25/><E25/><V73/><F74/><W31/><REACH who="3" step="1"/><G83/><REACH who="3" ten="238,249,255,248" step="2"/><T132/><D114/><U112/><E112/><V43/><F80/><W90/><G90/><T115/><D115/><U56/><E134/><V46/><REACH who="2" step="1"/><F88/><REACH who="2" ten="238,249,245,248" step="2"/><W16/><G16/><T14/><D17/><U86/><E118/><V29/><F29/><W120/><G120/><T59/><D121/><U38/><E131/><V7/><F7/><W18/><G18/><T71/><D132/><U66/><E130/><V122/><F122/><W110/><G110/><T54/><D128/><U30/><E30/><V4/><F4/><W72/><G72/><T76/><D102/><U2/><E103/><V39/><F39/><W32/><G32/><T19/><D101/><U81/><E100/><V67/><F67/><W78/><G78/><T68/><D76/><U85/><E81/><V22/><F22/><W117/><G117/><T52/><D19/><U133/><E129/><V116/><F116/><W123/><G123/><T33/><D33/><RYUUKYOKU ba="0,2" sc="238,-15,249,-15,245,15,248,15" hai2="43,46,47,49,50,58,61,64,73,79,82,104,106" hai3="13,15,20,24,31,41,45,51,53,57,62,89,99" /><INIT seed="3,1,2,2,5,38" ten="223,234,260,263" oya="3" hai0="33,11,58,91,118,6,19,14,121,131,123,32,27" hai1="3,115,46,116,108,87,15,124,30,125,94,120,110" hai2="77,63,99,50,65,100,37,132,42,5,97,74,7" hai3="88,73,35,59,44,61,8,56,52,39,48,36,41"/><W64/><G73/><T90/><D58/><U51/><E3/><V16/><F37/><W85/><G35/><N who="0" m="13387" /><D91/><N who="1" m="53631" /><E30/><V119/><F119/><W107/><G107/><T113/><D90/><U43/><E116/><V21/><F132/><W89/><G39/><T130/><D118/><U60/><E120/><N who="0" m="46153" /><D113/><U122/><E122/><V40/><F77/><W81/><G8/><T83/><D83/><U47/><E15/><V103/><F50/><W54/><REACH who="3" step="1"/><G89/><REACH who="3" ten="223,234,260,253" step="2"/><T53/><D53/><AGARI ba="1,3" hai="36,41,44,48,52,53,54,56,59,61,64,81,85,88" machi="53" ten="40,12000,1" yaku="1,1,2,1,52,1,54,2,53,0" doraHai="38" doraHaiUra="117" who="3" fromWho="0" sc="223,-123,234,0,260,0,253,153" /><INIT seed="3,2,0,4,3,35" ten="100,234,260,406" oya="3" hai0="1,130,22,107,121,55,19,44,48,0,114,88,94" hai1="15,10,23,81,47,30,95,68,119,99,45,104,124" hai2="100,53,86,14,92,103,36,6,51,69,39,41,101" hai3="97,3,37,42,2,28,7,116,102,29,89,111,17"/><W26/><G116/><T98/><D121/><U27/><E68/><V109/><F109/><W84/><G111/><T57/><D114/><U76/><E119/><V21/><F69/><W67/><G67/><T106/><D130/><U74/><E104/><V65/><F65/><W134/><G134/><T54/><D107/><U63/><E63/><V117/><F41/><W79/><G79/><T13/><REACH who="0" step="1"/><D106/><REACH who="0" ten="90,234,260,406" step="2"/><U33/><E124/><V11/><F117/><W31/><G31/><T113/><D113/><U40/><E40/><V56/><F36/><W93/><G28/><T96/><D96/><U118/><E118/><V128/><F39/><W120/><G120/><T9/><D9/><U133/><E133/><V108/><F128/><W20/><G29/><T12/><D12/><U25/><E33/><V77/><F108/><W73/><G42/><T127/><D127/><U131/><E25/><V90/><F21/><W125/><G125/><T4/><D4/><U129/><E131/><V70/><F70/><W105/><G7/><T43/><D43/><U112/><E112/><V71/><F71/><W61/><G37/><T62/><AGARI ba="2,1" hai="0,1,13,19,22,44,48,54,55,57,62,88,94,98" machi="62" ten="20,12000,2" yaku="1,1,0,1,7,1,52,2,54,1,53,0" doraHai="35" doraHaiUra="72" who="0" fromWho="0" sc="90,136,234,-32,260,-32,406,-62" /><INIT seed="4,0,0,4,5,8" ten="226,202,228,344" oya="0" hai0="131,5,109,52,115,68,67,25,57,48,37,24,86" hai1="95,74,30,122,9,133,43,55,127,92,4,66,113" hai2="73,107,27,35,111,3,135,45,123,6,41,51,47" hai3="21,120,31,56,36,58,103,11,28,126,79,118,20"/><T19/><D37/><U65/><E122/><V83/><F123/><W29/><G118/><T64/><D68/><U18/><E74/><V117/><F111/><W106/><G36/><T33/><D109/><U39/><E127/><V72/><F107/><W93/><G106/><T14/><D131/><U50/><E133/><V110/><F110/><W87/><G126/><T91/><D5/><U38/><E30/><V125/><F125/><W34/><G34/><T132/><D115/><U112/><E18/><V23/><F35/><W7/><G120/><T59/><D132/><U105/><E105/><V102/><F102/><W17/><G103/><T108/><D108/><U121/><E121/><V100/><F100/><W77/><G93/><N who="1" m="35914" /><E43/><V70/><F70/><W69/><G69/><T75/><D75/><U85/><E85/><V82/><F6/><W116/><G116/><T78/><D78/><U96/><E96/><V134/><F117/><W71/><G71/><T84/><D86/><U124/><E124/><V128/><F41/><W54/><G56/><T13/><D59/><N who="1" m="33271" /><E38/><V49/><F3/><W26/><G87/><T101/><D101/><U89/><E89/><V62/><F128/><W1/><REACH who="3" step="1"/><G21/><REACH who="3" ten="226,202,228,334" step="2"/><N who="0" m="13503" /><D33/><U61/><E39/><V32/><F32/><W81/><G81/><N who="0" m="49551" /><D24/><U99/><E99/><V94/><F27/><W42/><G42/><T63/><D63/><AGARI ba="0,1" hai="1,7,11,17,20,26,28,29,31,54,58,63,77,79" machi="63" ten="40,1300,0" yaku="1,1,53,0" doraHai="8" doraHaiUra="114" who="3" fromWho="0" sc="226,-13,202,0,228,0,334,23" /><INIT seed="5,0,0,3,2,86" ten="213,202,228,357" oya="1" hai0="93,102,35,118,24,79,104,57,20,67,82,106,110" hai1="87,0,18,132,27,22,99,47,3,63,123,9,97" hai2="90,64,44,100,65,58,131,31,26,117,88,89,109" hai3="40,54,127,43,120,101,42,60,34,48,30,2,95"/><U37/><E123/><V5/><F117/><W38/><G120/><T124/><D35/><U76/><E132/><V113/><F109/><W75/><G75/><T122/><D110/><U115/><E115/><V45/><F113/><W121/><G2/><T108/><D108/><U56/><E37/><V59/><F100/><W84/><G121/><T13/><D13/><U107/><E47/><N who="2" m="17995" /><F5/><W116/><G38/><T83/><D124/><U114/><E114/><V92/><F131/><W69/><G127/><T36/><D36/><U96/><E107/><V33/><F33/><W91/><G101/><T14/><D106/><U28/><E87/><V15/><F15/><W19/><G19/><T126/><D14/><U70/><E76/><V62/><F92/><W73/><G73/><T21/><D93/><U134/><E134/><V125/><F125/><W130/><G130/><T8/><D104/><U105/><E105/><V39/><F39/><W55/><G116/><T61/><D118/><U46/><E0/><V85/><F85/><W17/><G17/><T133/><D133/><U49/><E3/><V16/><F31/><W98/><G84/><T1/><D122/><U94/><E28/><V50/><F50/><W80/><G48/><T78/><D126/><U119/><E94/><V4/><F4/><W7/><G7/><N who="0" m="1135" /><D102/><U128/><E119/><V11/><F11/><W51/><G51/><T32/><D79/><U74/><E9/><V112/><F112/><W103/><G103/><T53/><D78/><U10/><E10/><V52/><F59/><W29/><G34/><T135/><D135/><RYUUKYOKU ba="0,0" sc="213,-10,202,-10,228,30,357,-10" hai2="16,26,52,58,62,64,65,88,89,90" /><INIT seed="6,1,0,2,4,44" ten="203,192,258,347" oya="2" hai0="27,8,100,133,120,43,98,80,128,70,53,23,101" hai1="99,123,95,119,0,103,13,45,75,129,76,108,7" hai2="61,5,122,55,135,72,49,46,15,34,89,107,82" hai3="57,79,12,134,29,117,114,105,91,68,90,115,97"/><V24/><F122/><W131/><G68/><T92/><D120/><U2/><E108/><V132/><F107/><W125/><G117/><T112/><D70/><U111/><E111/><V11/><F61/><W78/><G131/><T88/><D112/><N who="3" m="43049" /><G134/><T83/><D43/><U109/><E109/><V3/><F3/><W28/><G12/><T59/><D8/><U9/><E123/><V74/><F24/><W77/><G57/><T116/><D116/><U47/><E119/><V104/><F104/><W84/><G125/><T66/><D66/><U124/><E124/><V130/><F34/><W58/><G58/><T118/><D133/><N who="2" m="51274" /><F130/><W62/><G62/><N who="0" m="36207" /><D128/><U30/><E129/><V37/><F37/><W69/><G69/><T18/><D118/><U20/><E0/><V4/><F5/><W16/><G16/><T48/><D48/><U93/><E2/><V50/><F50/><W6/><G6/><T1/><D1/><U71/><E71/><V86/><AGARI ba="1,0" hai="4,11,15,46,49,55,72,74,82,86,89" m="51274" machi="86" ten="30,3000,0" yaku="20,1,52,1" doraHai="44" who="2" fromWho="2" sc="203,-11,192,-11,258,33,347,-11" /><INIT seed="6,2,0,5,4,75" ten="192,181,291,336" oya="2" hai0="62,15,28,103,88,104,4,68,117,129,95,124,116" hai1="77,17,125,120,9,53,131,30,23,80,63,39,89" hai2="20,10,47,51,86,60,19,105,35,111,101,52,97" hai3="71,115,70,31,7,128,93,85,0,74,55,94,92"/><V91/><F35/><W43/><G74/><T96/><D28/><U108/><E108/><V130/><F111/><W65/><G128/><T66/><D129/><U126/><E39/><V40/><F130/><W26/><G43/><T21/><D124/><U114/><E131/><V69/><F10/><W41/><G41/><T109/><D109/><U79/><E114/><V121/><F121/><W6/><G115/><T132/><D132/><U73/><E120/><V107/><F40/><W45/><G85/><T13/><D4/><U133/><E133/><V11/><F11/><W27/><G0/><T22/><D22/><U82/><E89/><V8/><F8/><W50/><G27/><T123/><D21/><U34/><E34/><V36/><F36/><W25/><G26/><T2/><D2/><U102/><E102/><V14/><F107/><W64/><G70/><T87/><REACH who="0" step="1"/><D123/><REACH who="0" ten="182,181,291,336" step="2"/><U5/><E30/><V42/><F20/><N who="3" m="15783" /><G71/><T112/><D112/><U44/><E23/><V57/><F69/><W110/><G110/><T16/><D16/><U113/><E17/><V83/><F19/><W106/><G106/><T1/><D1/><U3/><E113/><V46/><F14/><AGARI ba="2,1" hai="13,14,15,62,66,68,87,88,95,96,103,104,116,117" machi="14" ten="40,5200,0" yaku="1,1,54,1,53,1" doraHai="75" doraHaiUra="61" who="0" fromWho="2" sc="182,68,181,0,291,-58,336,0" /><INIT seed="7,0,0,5,0,115" ten="250,181,233,336" oya="3" hai0="66,22,5,68,102,69,74,17,3,109,21,44,96" hai1="98,40,53,100,18,61,90,43,108,97,16,59,95" hai2="14,119,0,4,54,133,71,92,94,20,87,131,55" hai3="106,27,36,10,86,72,127,38,99,15,111,79,48"/><W134/><G72/><T34/><D22/><U39/><E108/><V51/><F71/><W45/><G134/><T49/><D34/><U50/><E39/><V88/><F133/><W28/><G127/><T29/><D29/><U118/><E118/><V112/><F112/><W93/><G111/><T83/><D5/><U128/><E128/><V11/><F131/><W78/><G106/><T19/><D19/><U41/><REACH who="1" step="1"/><E61/><REACH who="1" ten="250,171,233,336" step="2"/><V85/><F119/><W110/><G36/><T24/><D109/><U64/><E64/><V26/><F0/><W2/><G38/><T42/><D3/><U33/><E33/><V123/><F123/><W62/><G62/><T82/><D66/><U8/><E8/><V77/><F51/><W135/><G10/><T124/><D49/><U101/><E101/><V32/><F32/><W9/><G9/><T84/><D102/><U122/><E122/><V89/><F77/><W81/><G78/><T107/><D124/><U60/><E60/><V129/><F129/><W37/><G37/><T13/><D69/><U116/><E116/><V67/><F67/><W91/><G2/><T121/><D121/><U126/><E126/><V63/><F63/><W58/><G48/><T56/><D68/><U70/><E70/><V132/><F132/><W103/><G103/><T125/><D125/><U114/><E114/><V104/><F104/><AGARI ba="0,1" hai="16,18,40,41,43,50,53,59,90,95,97,98,100,104" machi="104" ten="40,2600,0" yaku="1,1,54,1,53,0" doraHai="115" doraHaiUra="7" who="1" fromWho="2" sc="250,0,171,36,233,-26,336,0" owari="250,5.0,207,-19.3,207,-29.3,336,43.6" /></mjloggm>