<mjloggm ver="2.3"><GO type="41" lobby="0"/><UN n0="%E2%93%9D%4C%75%63%6B%79%4A" n1="%E3%81%97%E3%81%AB%E3%81%8B%E3%81%91" n2="%E5%B0%8F%E6%AC%A1%E9%83%8E" n3="%44%2E%43%2E" dan="17,13,14,15" rate="2161.71,1883.47,1845.27,1973.07" sx="M,F,M,M"/><TAIKYOKU oya="0"/><INIT seed="0,0,0,0,3,57" ten="250,250,250,250" oya="0" hai0="24,50,6,78,3,133,107,77,82,47,37,69,41" hai1="8,13,68,27,104,106,11,132,14,76,30,70,36" hai2="134,96,1,26,89,58,54,19,61,16,71,31,39" hai3="111,45,40,93,100,23,59,67,7,88,65,98,46"/><T124/><D124/><U108/><E36/><V48/><F134/><W75/><G111/><T34/><D78/><U0/><E108/><V62/><F1/><W51/><G75/><T105/><D50/><U43/><E43/><V44/><F39/><W2/><G23/><T109/><D109/><U25/><E76/><V52/><F71/><W60/><G46/><T99/><D99/><U87/><E87/><V83/><F62/><W21/><G21/><T74/><D133/><U84/><E84/><N who="2" m="50335" /><F96/><W121/><G121/><T12/><D12/><U117/><E0/><V18/><F31/><W20/><G20/><AGARI ba="0,0" hai="16,18,19,20,26,44,48,52,54,58,61" m="50335" machi="20" ten="30,7700,0" yaku="8,1,52,1,54,2" doraHai="57" who="2" fromWho="3" sc="250,0,250,0,250,77,250,-77" /><INIT seed="1,0,0,3,4,40" ten="250,250,327,173" oya="1" hai0="33,100,51,4,59,27,21,95,80,125,106,52,11" hai1="109,66,69,56,81,68,44,87,58,47,28,20,97" hai2="124,32,112,126,105,90,57,5,79,6,86,15,26" hai3="130,0,132,98,104,103,54,118,120,128,49,63,35"/><U14/><E97/><V115/><F105/><W22/><G120/><T110/><D110/><U119/><E119/><V55/><F79/><W31/><G35/><T94/><D33/><U64/><E69/><V73/><F73/><W23/><G132/><T60/><D125/><N who="2" m="48234" /><F32/><W131/><G0/><T91/><D106/><U82/><E68/><V1/><F26/><W2/><G2/><T50/><D80/><N who="1" m="30827" /><E87/><V83/><F15/><W37/><G37/><T76/><D100/><U88/><E88/><N who="2" m="51295" /><F1/><W16/><G118/><T53/><D76/><U123/><E123/><V107/><F90/><W38/><G38/><T8/><D4/><N who="2" m="1642" /><F107/><W7/><G7/><T39/><D39/><U41/><E14/><V93/><F93/><W67/><G23/><T24/><D95/><U17/><E20/><V61/><AGARI ba="0,0" hai="55,57,61,112,115" m="1642,51295,48234" machi="61" ten="30,2000,0" yaku="18,1,54,1" doraHai="40" who="2" fromWho="2" sc="250,-5,250,-10,327,20,173,-5" /><INIT seed="2,0,0,2,5,28" ten="245,240,347,168" oya="2" hai0="133,21,45,76,0,100,46,41,101,106,55,103,75" hai1="65,9,95,71,134,130,50,88,112,90,43,131,35" hai2="24,92,1,61,91,27,94,42,102,87,49,53,80" hai3="129,86,84,44,111,40,33,5,2,116,4,48,36"/><V81/><F1/><W127/><G111/><T7/><D133/><U62/><E134/><V37/><F37/><W125/><G116/><T124/><D106/><U114/><E9/><V34/><F34/><W120/><G120/><T69/><D69/><U30/><E90/><V113/><F113/><W51/><G129/><N who="1" m="49162" /><E43/><V8/><F8/><W13/><G13/><T32/><D21/><U123/><E50/><V17/><F42/><W83/><G83/><N who="2" m="31817" /><F17/><W135/><G135/><T77/><D41/><U14/><E14/><V56/><F94/><W122/><G40/><T29/><D0/><U11/><E11/><V110/><F102/><W64/><G2/><T119/><D103/><U60/><E60/><V3/><F3/><W121/><G64/><T89/><D101/><U72/><E72/><V132/><F110/><W107/><G107/><T79/><D100/><U59/><E71/><V58/><F132/><W68/><G68/><T16/><D75/><U99/><E123/><V104/><F104/><W47/><REACH who="3" step="1"/><G36/><REACH who="3" ten="245,240,347,158" step="2"/><T23/><D119/><U74/><E74/><V38/><F38/><W15/><G15/><T20/><D79/><U98/><E98/><V93/><F27/><AGARI ba="0,1" hai="27,30,35,59,62,65,88,95,99,112,114" m="49162" machi="27" ten="30,3900,0" yaku="19,1,52,1,54,1" doraHai="28" who="1" fromWho="2" sc="245,0,240,49,347,-39,158,0" /><INIT seed="3,0,0,3,3,37" ten="245,289,308,158" oya="3" hai0="109,53,71,41,99,14,66,64,18,70,110,115,75" hai1="84,6,68,100,0,81,130,120,131,19,123,28,108" hai2="112,65,107,9,35,79,31,43,122,23,26,29,55" hai3="52,94,80,116,32,90,125,91,56,98,121,62,86"/><W77/><G121/><T93/><D75/><U36/><E68/><N who="0" m="26153" /><D18/><U54/><E28/><V129/><F112/><W83/><G125/><T74/><D74/><U22/><E100/><V117/><F117/><W27/><G116/><T48/><D14/><U101/><E101/><V126/><F107/><W40/><G40/><T135/><D93/><U134/><E6/><V97/><F126/><W17/><G32/><T4/><D99/><U89/><E0/><V50/><F129/><W47/><G47/><N who="0" m="25711" /><D4/><U78/><E78/><V33/><F122/><W46/><G46/><T1/><D1/><U119/><E119/><V106/><F79/><W49/><G49/><T67/><D135/><U133/><E22/><V11/><F97/><W114/><G114/><T15/><D15/><U44/><E19/><V12/><F106/><W76/><REACH who="3" step="1"/><G80/><REACH who="3" ten="245,289,308,148" step="2"/><T113/><D115/><U87/><E81/><V7/><F35/><W103/><G103/><T24/><D113/><U102/><E102/><V111/><F33/><W10/><G10/><T105/><D105/><U72/><E123/><V13/><F11/><W51/><G51/><T63/><D24/><U88/><E120/><V118/><F26/><W5/><G5/><T95/><D95/><U58/><E131/><V127/><F9/><W92/><G92/><T39/><D39/><U42/><E36/><V30/><F7/><W38/><G38/><T104/><D104/><U57/><E130/><V69/><F127/><W128/><G128/><T124/><D124/><U132/><E134/><V2/><F118/><W3/><G3/><T45/><D45/><RYUUKYOKU ba="0,1" sc="245,15,289,-15,308,-15,148,15" hai0="53,63,64,66,67,109,110" hai3="17,27,52,56,62,76,77,83,86,90,91,94,98" /><INIT seed="3,1,1,2,1,49" ten="260,274,293,163" oya="3" hai0="43,6,42,72,25,7,44,97,86,82,105,34,78" hai1="126,81,58,127,69,1,119,36,123,87,120,53,100" hai2="56,70,52,30,23,31,0,116,62,28,17,13,114" hai3="3,26,33,99,124,76,61,63,112,66,68,94,85"/><W115/><G124/><N who="1" m="47658" /><E1/><V48/><F114/><W132/><G132/><T102/><D43/><U135/><E69/><V125/><F116/><W71/><G3/><T24/><D72/><U91/><E36/><V108/><F108/><W74/><G74/><T101/><D102/><U60/><E135/><V51/><F0/><W131/><G131/><T27/><REACH who="0" step="1"/><D34/><REACH who="0" ten="250,274,293,163" step="2"/><U18/><E100/><V14/><F125/><W118/><G118/><T20/><D20/><U57/><E119/><V84/><F23/><W121/><G121/><T38/><AGARI ba="1,2" hai="6,7,24,25,27,38,42,44,78,82,86,97,101,105" machi="38" ten="30,2000,0" yaku="1,1,0,1,53,0" doraHai="49" doraHaiUra="117" who="0" fromWho="0" sc="250,43,274,-6,293,-6,163,-11" /><INIT seed="4,0,0,1,2,99" ten="293,268,287,152" oya="0" hai0="8,133,77,66,7,80,93,65,82,10,35,68,39" hai1="100,75,30,108,29,67,11,104,69,6,53,25,120" hai2="91,127,125,1,21,121,34,0,24,118,76,113,122" hai3="97,33,111,134,92,37,41,13,17,57,27,130,5"/><T87/><D35/><U38/><E108/><V129/><F76/><W19/><G111/><T15/><D39/><U110/><E75/><V71/><F71/><W115/><G115/><T12/><D133/><U44/><E30/><N who="2" m="19783" /><F91/><W16/><G130/><T50/><D68/><U22/><E53/><V4/><F113/><W106/><G106/><T58/><D82/><U52/><E120/><N who="2" m="46187" /><F129/><W61/><G134/><T70/><D70/><U105/><E100/><V101/><F101/><N who="3" m="60583" /><G37/><T48/><D93/><U102/><E105/><V126/><F21/><N who="3" m="13735" /><G41/><T88/><D77/><U95/><E104/><V3/><F118/><W90/><G90/><T2/><D2/><U54/><E69/><V116/><F116/><W64/><G33/><T98/><D98/><U132/><E132/><V14/><F14/><W31/><G31/><T135/><D135/><U59/><E29/><V109/><F109/><W60/><G60/><T79/><D79/><U42/><E38/><V78/><F78/><W103/><G103/><T85/><D87/><U18/><E42/><V96/><F96/><W43/><G43/><T51/><REACH who="0" step="1"/><D58/><REACH who="0" ten="283,268,287,152" step="2"/><U56/><E56/><V9/><AGARI ba="0,1" hai="0,1,3,4,9,125,126,127" m="46187,19783" machi="9" ten="40,8000,1" yaku="18,1,23,1,34,2" doraHai="99" who="2" fromWho="2" sc="283,-40,268,-20,287,90,152,-20" /><INIT seed="5,0,0,3,4,29" ten="243,248,377,132" oya="1" hai0="114,11,41,86,131,12,7,60,58,135,14,105,2" hai1="88,104,56,4,9,128,33,68,71,65,83,81,24" hai2="8,89,13,97,50,132,107,46,82,34,42,18,21" hai3="130,73,103,69,119,116,98,22,80,51,124,100,55"/><U72/><E104/><V0/><F132/><W23/><G69/><T52/><D135/><U3/><E128/><V90/><F34/><W47/><G130/><T40/><D131/><U49/><E72/><V95/><F0/><W15/><G124/><T70/><D105/><U64/><E64/><V30/><F107/><W93/><G100/><T67/><D114/><U48/><E48/><V126/><F126/><W115/><G115/><T134/><D134/><U44/><E83/><V96/><F82/><W133/><G15/><T123/><D123/><U61/><E24/><N who="2" m="16655" /><F89/><W45/><G45/><T59/><D70/><U43/><REACH who="1" step="1"/><E33/><REACH who="1" ten="243,238,377,132" step="2"/><V53/><F50/><W110/><G133/><T20/><D67/><U74/><E74/><V35/><F35/><W79/><REACH who="3" step="1"/><G110/><REACH who="3" ten="243,238,377,122" step="2"/><T106/><D106/><U26/><E26/><V113/><F113/><W77/><G77/><T19/><D2/><U87/><AGARI ba="0,2" hai="3,4,9,43,44,49,56,61,65,68,71,81,87,88" machi="87" ten="30,11700,0" yaku="1,1,0,1,54,1,53,1" doraHai="29" doraHaiUra="57" who="1" fromWho="1" sc="243,-39,238,137,377,-39,122,-39" /><INIT seed="5,1,0,1,5,74" ten="204,375,338,83" oya="1" hai0="116,121,83,0,44,26,25,10,56,84,118,75,105" hai1="135,19,11,104,61,89,96,36,38,29,40,70,49" hai2="31,14,123,71,16,60,73,101,86,27,6,7,113" hai3="103,98,115,24,4,99,69,125,129,23,53,65,85"/><U13/><E29/><V133/><F123/><W47/><G115/><T81/><D105/><U107/><E107/><V33/><F73/><W22/><G125/><T59/><D44/><U2/><E2/><V131/><F113/><W87/><G4/><T12/><D0/><U1/><E1/><V58/><F131/><W5/><G5/><T34/><D75/><U72/><E72/><V134/><F71/><W51/><G129/><T110/><D110/><U3/><E3/><V15/><F101/><W77/><G99/><T63/><D34/><U88/><E89/><V54/><F86/><W66/><G85/><T55/><D83/><U39/><E49/><V8/><REACH who="2" step="1"/><F7/><REACH who="2" ten="204,375,328,83" step="2"/><W132/><G69/><T57/><D121/><U67/><E70/><V37/><F37/><W80/><G132/><T42/><D118/><U17/><E39/><V97/><F97/><W28/><REACH who="3" step="1"/><G23/><AGARI ba="1,1" hai="6,8,14,15,16,23,27,31,33,54,58,60,133,134" machi="23" ten="40,2600,0" yaku="1,1,54,1,53,0" doraHai="74" doraHaiUra="35" who="2" fromWho="3" sc="204,0,375,0,328,39,83,-29" /><INIT seed="6,0,0,0,1,118" ten="204,375,367,54" oya="2" hai0="74,17,117,107,66,4,50,51,9,61,108,76,43" hai1="70,98,129,25,113,85,92,78,133,95,23,72,126" hai2="79,103,30,19,22,31,2,45,135,130,6,99,56" hai3="69,8,32,100,5,86,109,111,80,35,115,28,20"/><V52/><F130/><W77/><G69/><T73/><D107/><U55/><E70/><V112/><F112/><W11/><G115/><T21/><D108/><U42/><E42/><V60/><F135/><W37/><G37/><T41/><D76/><U116/><E116/><V119/><F119/><W53/><G100/><T96/><D96/><U94/><E133/><V134/><F134/><W46/><G11/><T132/><D74/><U57/><E72/><V40/><F79/><W89/><G20/><T84/><D84/><U124/><E129/><V38/><F6/><W3/><G89/><T82/><D82/><N who="1" m="47319" /><E113/><V121/><F121/><W91/><G91/><T62/><D62/><N who="1" m="36159" /><E126/><V120/><F120/><W125/><G125/><T88/><D73/><U106/><E106/><V123/><F2/><W49/><REACH who="3" step="1"/><G28/><REACH who="3" ten="204,375,367,44" step="2"/><T102/><D117/><U128/><E124/><V7/><F123/><W104/><G104/><T58/><D132/><U64/><E23/><V14/><REACH who="2" step="1"/><F7/><REACH who="2" ten="204,375,357,44" step="2"/><W131/><G131/><T110/><D4/><U93/><E128/><V18/><F18/><W127/><G127/><T29/><D17/><U1/><E98/><V15/><F15/><W87/><G87/><T48/><D29/><U97/><E97/><V81/><F81/><W26/><G26/><T39/><D9/><U59/><E25/><V13/><F13/><W90/><G90/><T12/><D88/><U101/><E101/><V10/><F10/><W16/><G16/><N who="0" m="10375" /><D102/><U47/><E1/><V24/><F24/><W83/><G83/><T75/><D75/><U65/><E95/><AGARI ba="0,2" hai="14,19,22,30,31,38,40,45,52,56,60,95,99,103" machi="95" ten="30,11600,0" yaku="1,1,7,1,54,1,53,1" doraHai="118" doraHaiUra="71" who="2" fromWho="1" sc="204,0,375,-116,357,136,44,0" /><INIT seed="6,1,0,5,0,122" ten="204,259,493,44" oya="2" hai0="135,21,110,53,16,60,78,117,101,11,120,111,69" hai1="34,92,79,118,95,106,116,115,81,22,56,59,84" hai2="4,19,74,31,49,123,109,103,29,99,129,119,105" hai3="130,33,114,68,41,12,42,134,62,52,6,66,50"/><V1/><F119/><W3/><G33/><T5/><D78/><U57/><E106/><V85/><F123/><W132/><G3/><T15/><D120/><U127/><E34/><V30/><F74/><W24/><G24/><T72/><D72/><U89/><E127/><V102/><F129/><W80/><G80/><T8/><D101/><U126/><E115/><V113/><F113/><W125/><G114/><T25/><D53/><U112/><E126/><V75/><F75/><W2/><G2/><N who="0" m="439" /><D60/><U47/><E47/><V97/><F49/><W55/><G125/><T45/><D69/><U128/><E128/><V27/><F85/><W58/><G12/><T88/><D45/><U40/><E40/><N who="3" m="15466" /><G6/><N who="0" m="3479" /><D88/><U94/><E112/><V124/><F124/><W131/><G55/><T13/><D117/><U107/><E107/><V67/><F105/><W96/><G96/><T32/><D135/><AGARI ba="1,0" hai="50,52,58,62,66,68,130,131,132,134,135" m="15466" machi="135" ten="30,7700,0" yaku="20,1,34,2,54,1" doraHai="122" who="3" fromWho="0" sc="204,-80,259,0,493,0,44,80" /><INIT seed="7,0,0,5,4,31" ten="124,259,493,124" oya="3" hai0="62,117,91,1,34,52,92,36,119,63,41,123,19" hai1="121,122,42,101,124,90,96,3,44,104,69,88,47" hai2="89,55,53,54,46,28,64,61,68,108,83,97,133" hai3="71,15,102,18,45,100,9,65,4,135,60,113,22"/><W24/><G113/><T80/><D1/><U74/><E69/><V78/><F108/><W16/><G135/><T105/><D105/><U26/><E74/><V118/><F133/><W2/><REACH who="3" step="1"/><G45/><REACH who="3" ten="124,259,493,114" step="2"/><T0/><D119/><U109/><E44/><V120/><F46/><W51/><G51/><T40/><D117/><U38/><E47/><V106/><F118/><W7/><G7/><T30/><D123/><U131/><E122/><V107/><F120/><W12/><G12/><T8/><D0/><U134/><E3/><V59/><F61/><W29/><G29/><T35/><D63/><U50/><E50/><V99/><F28/><W39/><G39/><T20/><D36/><U116/><E38/><V114/><F114/><W129/><G129/><T86/><D41/><U94/><E42/><V87/><F107/><W110/><G110/><T14/><D40/><U111/><E131/><V27/><F106/><W25/><G25/><T98/><D62/><U93/><E26/><V6/><F27/><W82/><G82/><T13/><D52/><U130/><E130/><V81/><F81/><W23/><AGARI ba="0,1" hai="2,4,9,15,16,18,22,23,24,60,65,71,100,102" machi="23" ten="20,7800,0" yaku="1,1,0,1,7,1,54,1,53,0" doraHai="31" doraHaiUra="72" who="3" fromWho="3" sc="124,-26,259,-26,493,-26,114,88" /><INIT seed="7,1,0,3,0,128" ten="98,233,467,202" oya="3" hai0="0,85,25,79,64,39,37,77,101,32,26,103,82" hai1="6,89,107,87,8,98,35,62,70,47,2,59,50" hai2="75,24,40,71,102,110,97,115,108,52,72,68,65" hai3="121,63,69,104,30,21,61,112,114,96,130,48,46"/><W1/><G121/><T116/><D0/><U36/><E36/><V55/><F115/><N who="3" m="44075" /><G130/><T15/><D64/><U95/><E35/><V123/><F24/><N who="3" m="16655" /><G69/><T57/><D32/><U28/><E70/><V3/><F123/><W91/><G1/><T45/><D57/><U31/><E2/><V58/><F3/><W67/><G67/><T12/><D82/><U7/><E7/><V90/><F65/><W73/><G73/><T125/><D85/><U83/><E6/><V119/><F68/><W134/><G134/><T17/><D17/><U41/><E87/><V93/><F71/><W99/><G91/><T38/><D39/><U88/><E89/><V27/><F90/><W43/><G104/><T4/><D4/><U53/><E107/><V131/><F72/><W113/><N who="3" m="44083" /><W9/><DORA hai="54" /><G9/><T5/><D5/><U29/><E8/><V127/><F75/><W129/><G129/><T60/><D125/><U10/><E10/><V66/><F127/><W92/><G92/><T20/><D20/><U78/><E78/><V86/><F93/><W109/><G109/><T122/><D122/><U111/><E111/><V133/><F108/><W49/><G48/><T132/><D60/><AGARI ba="1,0" hai="43,46,49,60,61,63,96,99" m="16655,44083" machi="60" ten="40,2000,0" yaku="15,1" doraHai="128,54" who="3" fromWho="0" sc="98,-23,233,0,467,0,202,23" /><INIT seed="7,2,0,2,1,85" ten="75,233,467,225" oya="3" hai0="39,104,40,108,48,63,124,19,105,0,96,66,51" hai1="135,81,72,46,73,114,62,130,121,132,16,24,97" hai2="65,78,52,134,23,125,29,79,57,54,80,112,44" hai3="119,70,21,111,109,47,129,37,69,60,17,8,67"/><W90/><G119/><T27/><D0/><U61/><E121/><V43/><F112/><W3/><G129/><T34/><D108/><U93/><E114/><V45/><F125/><W75/><G70/><T133/><D124/><U110/><E46/><V15/><F134/><N who="1" m="51241" /><E110/><V127/><F127/><W86/><G75/><N who="1" m="28746" /><E81/><V56/><F80/><W88/><G86/><T41/><D133/><U42/><E42/><V100/><F100/><W68/><G68/><T115/><D115/><U2/><E2/><V89/><F89/><W101/><G101/><T50/><D41/><U117/><E130/><V33/><F33/><W84/><G84/><T12/><D40/><U126/><E117/><V77/><F43/><W22/><G37/><T49/><N who="0" m="12288" /><DORA hai="35" /><T32/><D39/><U118/><E118/><V28/><F65/><W55/><G47/><T95/><D34/><U120/><E120/><V14/><F77/><W4/><G55/><T18/><D32/><U36/><E36/><V98/><F23/><W1/><G1/><T38/><D38/><U71/><E71/><V91/><F91/><W6/><G6/><T94/><D66/><U123/><E123/><V7/><F7/><W103/><G103/><T106/><D96/><AGARI ba="2,0" hai="14,15,28,29,44,45,52,54,56,57,78,79,96,98" machi="96" ten="25,6400,0" yaku="22,2,8,1,54,1" doraHai="85,35" who="2" fromWho="0" sc="75,-70,233,0,467,70,225,0" owari="5,-49.5,233,3.3,537,63.7,225,-17.5" /></mjloggm>