<mjloggm ver="2.3"><GO type="41" lobby="0"/><UN n0="%41%74%73%75%32%2E" n1="%E2%93%9D%4C%75%63%6B%79%4A" n2="%64%65%61%72%75%6B%61" n3="%E3%82%B8%E3%82%B0%E3%82%BD%E3%83%BC%E3%83%BC%E3%83%91%E3%82%BA%E3%83%AB" dan="14,16,15,13" rate="1958.18,2156.23,1995.52,1963.63" sx="M,M,M,M"/><TAIKYOKU oya="0"/><INIT seed="0,0,0,1,0,59" ten="250,250,250,250" oya="0" hai0="9,36,21,109,67,110,121,106,50,48,69,11,8" hai1="132,38,87,79,26,17,65,34,16,95,72,10,60" hai2="73,31,83,91,3,128,115,75,118,80,135,12,97" hai3="15,58,86,20,123,25,2,94,42,125,33,134,46"/><T63/><D121/><U93/><E38/><V32/><F115/><W52/><G2/><T56/><D106/><U78/><E72/><V98/><F3/><W1/><G1/><T129/><D36/><U88/><E132/><V5/><F135/><W130/><G134/><T127/><D129/><U100/><E34/><V40/><F128/><W28/><G123/><T44/><D127/><U43/><E43/><V82/><F118/><W74/><G74/><T133/><D133/><U76/><E26/><V122/><F122/><W120/><G120/><T96/><D96/><N who="1" m="59423" /><E10/><V54/><F40/><W124/><G130/><T53/><D21/><U102/><E102/><V6/><F31/><W70/><G70/><T39/><D39/><U105/><E105/><V66/><F32/><W7/><G46/><T55/><AGARI ba="0,0" hai="8,9,11,44,48,50,53,55,56,63,67,69,109,110" machi="55" ten="40,3900,0" yaku="0,1,52,1" doraHai="59" who="0" fromWho="0" sc="250,39,250,-13,250,-13,250,-13" /><INIT seed="0,1,0,4,5,117" ten="289,237,237,237" oya="0" hai0="57,99,135,11,34,124,126,119,59,72,58,116,95" hai1="16,71,88,102,25,26,43,103,69,30,133,1,127" hai2="109,22,61,0,5,60,81,125,111,2,83,79,80" hai3="53,24,4,107,131,8,50,82,106,7,101,44,123"/><T121/><D72/><U112/><E1/><V98/><F125/><N who="0" m="48234" /><D34/><U86/><E127/><V93/><F79/><W37/><G131/><T56/><D11/><U134/><E43/><V21/><F5/><W91/><G37/><T29/><D29/><U38/><E38/><V113/><F113/><W49/><G24/><T68/><D68/><U12/><E112/><V75/><F75/><W48/><G4/><T41/><D41/><U129/><E129/><V13/><F13/><W46/><G101/><N who="1" m="38410" /><E71/><V23/><F93/><W108/><G106/><T15/><D15/><U17/><E69/><V55/><F98/><W118/><G107/><T94/><D135/><N who="1" m="51723" /><E30/><V32/><F32/><W96/><G118/><N who="0" m="45099" /><D99/><U70/><E70/><V36/><F36/><W35/><G96/><T10/><N who="0" m="14336" /><DORA hai="47" /><T89/><D10/><N who="1" m="6295" /><E16/><V40/><F40/><W20/><G35/><T110/><D110/><N who="2" m="41994" /><F55/><W132/><G108/><T77/><D77/><U128/><E128/><V39/><F39/><W73/><G132/><T42/><D42/><U85/><E86/><V120/><F120/><W28/><G123/><T87/><D95/><AGARI ba="1,0" hai="25,26,85,88,95" m="6295,51723,38410" machi="95" ten="30,2000,0" yaku="20,1,54,1" doraHai="117,47" who="1" fromWho="0" sc="289,-23,237,23,237,0,237,0" /><INIT seed="1,0,0,4,1,26" ten="266,260,237,237" oya="1" hai0="31,52,30,125,25,21,66,98,39,10,43,36,122" hai1="108,124,130,63,132,99,32,29,13,88,14,1,57" hai2="123,106,131,23,61,75,0,89,48,102,86,40,117" hai3="46,79,5,93,109,56,87,72,78,73,104,115,2"/><U49/><E1/><V84/><F117/><W82/><G115/><T69/><D125/><U111/><E124/><V45/><F123/><W41/><G109/><N who="1" m="42058" /><E49/><V37/><F131/><W60/><G104/><T22/><D122/><U126/><E126/><V103/><F75/><W100/><G5/><T16/><D69/><U128/><E132/><V7/><F86/><W110/><G2/><T4/><D66/><N who="1" m="39279" /><E29/><V28/><F7/><W42/><G110/><T12/><D43/><U119/><E32/><V91/><F61/><W15/><G15/><N who="1" m="5642" /><E119/><V19/><F0/><W95/><G41/><T105/><D22/><U62/><E62/><V64/><F19/><W59/><G56/><T121/><D121/><U135/><E135/><V3/><F3/><W27/><G27/><T68/><D68/><U97/><E99/><V74/><F64/><W33/><G33/><T11/><D98/><U9/><E9/><V35/><F35/><W65/><G46/><T44/><D105/><U134/><E134/><V6/><F6/><W24/><G24/><T112/><D112/><U133/><E133/><V8/><F8/><W67/><G42/><T18/><D44/><U50/><E50/><V113/><F48/><W55/><G65/><T90/><D90/><U54/><E54/><V71/><F91/><W120/><G67/><T107/><D52/><U47/><E47/><V127/><F127/><W81/><G120/><T51/><D51/><U92/><AGARI ba="0,0" hai="88,92,97,128,130" m="5642,39279,42058" machi="92" ten="40,7800,0" yaku="14,1,10,1,54,1" doraHai="26" who="1" fromWho="1" sc="266,-26,260,78,237,-26,237,-26" /><INIT seed="1,1,0,1,4,120" ten="240,338,211,211" oya="1" hai0="1,101,0,25,98,97,74,26,73,122,61,86,81" hai1="115,83,48,93,70,95,57,109,67,68,88,121,123" hai2="99,104,49,66,84,16,28,124,62,20,134,36,132" hai3="118,82,29,46,100,78,43,75,10,27,59,111,18"/><U103/><E115/><V30/><F36/><W2/><G118/><T102/><D122/><U110/><E103/><N who="2" m="62591" /><F49/><W91/><G100/><T114/><D86/><U13/><E13/><V80/><F62/><W58/><G91/><T40/><D61/><N who="1" m="38319" /><E95/><V38/><F38/><W42/><G111/><N who="1" m="42506" /><E83/><V119/><F66/><W90/><G90/><T131/><D81/><U14/><E14/><N who="2" m="9239" /><F119/><W50/><G75/><T135/><D40/><U106/><E106/><V17/><F17/><W15/><G2/><T85/><D85/><N who="1" m="52367" /><E48/><V32/><F84/><W8/><G82/><T7/><D7/><U4/><E4/><V55/><F80/><W6/><G6/><T22/><D114/><U116/><E116/><V107/><F107/><W113/><G113/><T11/><D73/><U92/><E92/><V21/><F134/><W127/><G78/><T41/><D74/><U94/><E94/><V96/><F96/><W76/><G76/><T19/><D98/><U9/><E9/><V108/><F132/><W45/><G8/><T133/><D97/><U128/><E128/><V89/><F89/><W79/><G79/><T77/><D77/><U125/><E125/><V117/><F124/><W71/><G127/><T33/><D11/><U31/><E31/><V69/><F30/><W60/><G50/><T126/><D126/><U72/><E72/><V44/><F108/><W56/><G15/><T37/><D135/><U51/><E51/><N who="2" m="29159" /><F117/><W5/><G10/><T87/><D133/><U65/><E65/><V54/><F28/><W39/><G5/><T24/><D131/><U12/><E12/><RYUUKYOKU ba="1,0" sc="240,-10,338,30,211,-10,211,-10" hai1="68,70,121,123" /><INIT seed="1,2,0,5,1,84" ten="230,368,201,201" oya="1" hai0="107,24,30,58,27,25,119,122,134,80,41,61,131" hai1="63,42,115,104,28,54,76,26,114,83,71,132,75" hai2="47,106,112,29,68,118,117,91,4,82,128,37,38" hai3="101,89,10,7,48,129,36,35,20,62,103,23,18"/><U56/><E104/><V86/><F128/><W121/><G36/><T78/><D119/><U72/><E132/><V109/><F109/><W32/><G121/><T108/><D131/><U15/><E71/><V55/><F68/><W98/><G129/><T50/><D108/><U67/><E75/><V97/><F4/><W59/><G48/><T1/><D1/><U12/><E42/><V33/><F38/><W53/><G32/><T110/><D110/><U60/><E63/><V92/><F106/><W13/><G35/><T133/><D107/><U19/><E67/><V113/><F29/><W40/><G40/><T51/><D30/><U69/><E69/><V2/><F33/><W34/><G34/><T102/><D102/><U93/><E28/><V127/><F127/><W31/><G20/><T130/><D130/><U0/><E0/><V79/><F2/><W77/><G77/><T105/><D105/><U11/><E26/><V17/><F17/><W116/><G116/><T120/><D41/><U64/><E64/><V123/><F123/><N who="0" m="47146" /><D80/><U99/><REACH who="1" step="1"/><E15/><REACH who="1" ten="230,358,201,201" step="2"/><V95/><F37/><W65/><G65/><T74/><D134/><U49/><E49/><N who="2" m="29119" /><F118/><W135/><G135/><T5/><D133/><U3/><E3/><V46/><F117/><W87/><G31/><T85/><D74/><U111/><E111/><V16/><F46/><W90/><G87/><T81/><D51/><U94/><E94/><V70/><F95/><W73/><G73/><T57/><D50/><U96/><E96/><V22/><F70/><W21/><G98/><T44/><D61/><U14/><E14/><AGARI ba="2,1" hai="14,16,22,79,82,86,91,92,97,112,113" m="29119" machi="14" ten="30,3900,0" yaku="6,1,52,1,54,1" doraHai="84" who="2" fromWho="1" sc="230,0,358,-45,201,55,201,0" /><INIT seed="2,0,0,4,1,133" ten="230,313,256,201" oya="2" hai0="91,17,89,53,123,52,45,62,126,82,97,36,56" hai1="55,19,78,95,6,61,59,1,111,14,107,87,131" hai2="74,101,114,33,35,94,110,79,70,92,40,0,71" hai3="25,108,27,12,39,41,63,8,72,124,4,109,13"/><V119/><F114/><W5/><G72/><T134/><D123/><U10/><E131/><V20/><F119/><W118/><G41/><T117/><D134/><U96/><E111/><V9/><F40/><W31/><G39/><T66/><D117/><U100/><E78/><V23/><F9/><N who="3" m="4135" /><G118/><T115/><D115/><U102/><E87/><V83/><F79/><W11/><G63/><T120/><D17/><U46/><E107/><V37/><F83/><W75/><G75/><T29/><D29/><U135/><E135/><V26/><F26/><N who="3" m="9739" /><G31/><T68/><D91/><U127/><E102/><V105/><F74/><W2/><G124/><T76/><D36/><U57/><E127/><V43/><F43/><W28/><G28/><T60/><D126/><U86/><E86/><V88/><F37/><W77/><G77/><T93/><D45/><U132/><E132/><V7/><F7/><AGARI ba="0,0" hai="2,5,7,8,11,13,108,109" m="9739,4135" machi="7" ten="30,2000,0" yaku="34,2" doraHai="133" who="3" fromWho="2" sc="230,0,313,0,256,-20,201,20" /><INIT seed="3,0,0,0,1,63" ten="230,313,236,221" oya="3" hai0="16,71,4,114,3,121,135,8,42,90,66,86,74" hai1="20,125,40,22,95,84,77,14,91,61,115,103,81" hai2="97,130,112,15,21,55,25,37,57,129,44,17,87" hai3="0,47,38,128,51,100,53,2,83,127,110,132,13"/><W72/><G127/><T80/><D135/><U94/><E115/><V116/><F116/><W85/><G132/><T98/><D121/><U99/><E125/><V18/><F112/><W34/><G34/><T119/><D119/><U111/><E111/><V46/><F87/><W60/><G110/><T96/><D42/><U48/><E61/><V54/><F54/><W131/><G72/><T33/><D33/><U92/><E14/><V19/><F97/><W29/><G29/><T118/><D118/><U62/><E62/><V10/><F19/><W45/><G100/><T101/><D71/><U11/><E11/><V79/><F79/><W109/><G109/><T7/><D74/><U104/><E40/><V43/><F46/><W56/><G45/><T52/><D7/><U70/><E70/><V58/><REACH who="2" step="1"/><F55/><REACH who="2" ten="230,313,226,221" step="2"/><W12/><G38/><T69/><D52/><U23/><REACH who="1" step="1"/><E48/><REACH who="1" ten="230,303,226,221" step="2"/><V30/><F30/><W6/><G51/><T28/><D28/><U1/><E1/><V134/><F134/><W93/><G47/><T117/><D3/><U133/><E133/><V24/><F24/><W41/><G41/><T120/><D114/><U108/><E108/><V39/><F39/><W76/><G0/><T65/><D117/><U75/><AGARI ba="0,2" hai="20,22,23,75,77,81,84,91,92,94,95,99,103,104" machi="75" ten="30,8000,1" yaku="1,1,0,1,24,2,53,1" doraHai="63" doraHaiUra="105" who="1" fromWho="1" sc="230,-20,303,100,226,-20,221,-40" /><INIT seed="4,0,0,5,2,49" ten="210,403,206,181" oya="0" hai0="81,3,23,79,109,25,105,43,90,93,83,84,102" hai1="19,40,71,115,76,61,121,126,4,50,128,38,41" hai2="17,78,99,96,59,1,11,35,44,45,68,8,120" hai3="112,28,89,73,2,69,131,82,88,55,77,29,85"/><T10/><D43/><U123/><E4/><V64/><F120/><N who="1" m="46153" /><E76/><V67/><F35/><W48/><G2/><T98/><D83/><U5/><E19/><V70/><F17/><W80/><G69/><T63/><D109/><U124/><E5/><V56/><REACH who="2" step="1"/><F78/><REACH who="2" ten="210,403,196,181" step="2"/><W129/><G112/><T26/><D3/><AGARI ba="0,1" hai="1,3,8,11,44,45,56,59,64,67,68,70,96,99" machi="3" ten="25,6400,0" yaku="1,1,2,1,22,2,53,0" doraHai="49" doraHaiUra="20" who="2" fromWho="0" sc="210,-64,403,0,196,74,181,0" /><INIT seed="5,0,0,4,5,88" ten="146,403,270,181" oya="1" hai0="4,56,55,134,131,122,75,21,128,1,117,68,58" hai1="28,34,85,130,43,37,109,113,22,74,30,9,98" hai2="14,54,51,33,129,31,69,81,19,102,93,97,26" hai3="40,118,46,64,100,111,86,108,83,36,10,61,32"/><U110/><E74/><V133/><F129/><W92/><G32/><T8/><D75/><U41/><E34/><V99/><F133/><W124/><G118/><T7/><D117/><U77/><E37/><V82/><F69/><W59/><G124/><T73/><D73/><U17/><E9/><V20/><REACH who="2" step="1"/><F99/><REACH who="2" ten="146,403,260,181" step="2"/><W65/><G108/><T25/><D134/><U91/><E98/><V107/><F107/><W5/><G111/><T12/><D68/><U24/><E130/><V13/><F13/><W89/><G100/><T23/><D131/><U72/><E110/><V63/><F63/><W79/><G65/><T11/><D128/><U101/><E101/><V6/><F6/><W57/><G61/><T78/><D122/><U18/><E109/><V112/><F112/><W76/><G64/><T123/><D123/><U120/><E120/><V62/><F62/><W71/><G71/><T48/><D25/><U53/><E24/><V94/><F94/><W126/><G126/><T121/><D121/><U127/><E113/><V3/><F3/><W27/><G27/><T45/><D78/><U119/><E77/><V125/><F125/><W104/><G104/><T15/><D1/><U50/><E127/><V106/><F106/><W38/><G76/><T115/><D115/><U87/><E119/><V0/><F0/><W52/><G79/><T132/><D132/><U60/><E72/><V135/><F135/><W42/><G83/><T103/><D103/><U16/><E60/><V116/><F116/><W80/><G80/><T96/><D96/><U35/><E91/><V90/><F90/><RYUUKYOKU ba="0,1" sc="146,15,403,-15,260,15,181,-15" hai0="4,7,8,11,12,15,21,23,45,48,55,56,58" hai2="14,19,20,26,31,33,51,54,81,82,93,97,102" /><INIT seed="6,1,1,0,5,53" ten="161,388,275,166" oya="2" hai0="65,103,118,104,91,47,95,72,49,26,105,96,121" hai1="5,93,19,132,119,123,92,86,25,2,59,84,109" hai2="126,12,107,106,0,20,24,77,41,15,57,63,56" hai3="134,35,81,51,79,9,38,83,32,125,99,13,58"/><V23/><F126/><W135/><G38/><T64/><D118/><U62/><E109/><V33/><F0/><W14/><G125/><T54/><D121/><U131/><E119/><V74/><F74/><W71/><G71/><T48/><D105/><U98/><E131/><V10/><F77/><W122/><G122/><T39/><D39/><U66/><E123/><V90/><F41/><W27/><G99/><T4/><D72/><U100/><E132/><V87/><F33/><W22/><G32/><T108/><D4/><U73/><E73/><V52/><F57/><W31/><G35/><T115/><D115/><U50/><E5/><V37/><F37/><W82/><G79/><T28/><D49/><U89/><E2/><V69/><F69/><W133/><G9/><T70/><D70/><U7/><E7/><V111/><F111/><W61/><REACH who="3" step="1"/><G51/><REACH who="3" ten="161,388,275,156" step="2"/><T113/><D108/><U30/><E50/><V127/><F127/><W67/><AGARI ba="1,2" hai="13,14,22,27,31,58,61,67,81,82,83,133,134,135" machi="67" ten="40,12000,2" yaku="1,1,2,1,0,1,20,1,52,1,53,2" doraHai="53" doraHaiUra="11" who="3" fromWho="3" sc="161,-31,388,-31,275,-61,156,143" /><INIT seed="7,0,0,0,2,80" ten="130,357,214,299" oya="3" hai0="64,75,91,77,9,47,94,14,38,24,68,108,43" hai1="85,32,5,84,79,107,21,59,34,103,28,17,95" hai2="55,132,114,35,0,39,16,111,50,110,74,60,119" hai3="53,66,125,120,130,88,131,62,7,90,41,109,98"/><W93/><G120/><T128/><D108/><U112/><E107/><V25/><F119/><W70/><G109/><T76/><D128/><U106/><E106/><V126/><F111/><W58/><G7/><T61/><D24/><U56/><E28/><V1/><F110/><W69/><G41/><T52/><D75/><U86/><E112/><V44/><F114/><W49/><G125/><T36/><D36/><U6/><E34/><V15/><F132/><W8/><G8/><T96/><D14/><N who="1" m="9399" /><E79/><V78/><F39/><W82/><G69/><T22/><D22/><U29/><E29/><V122/><F122/><W133/><G133/><T63/><D9/><U19/><E19/><V127/><F60/><W12/><G12/><T27/><D27/><U67/><E32/><V33/><F33/><W92/><REACH who="3" step="1"/><G82/><REACH who="3" ten="130,357,214,289" step="2"/><T104/><D104/><U105/><E105/><V31/><F127/><W13/><G13/><T18/><D18/><U113/><E113/><V73/><F126/><W72/><G72/><T89/><D89/><U46/><E6/><V51/><F74/><W4/><G4/><T101/><REACH who="0" step="1"/><D101/><REACH who="0" ten="120,357,214,289" step="2"/><U116/><E5/><V81/><F0/><W30/><G30/><T23/><D23/><U115/><E115/><V45/><F1/><W54/><G54/><T87/><D87/><AGARI ba="0,2" hai="49,53,58,62,66,70,87,88,90,92,93,98,130,131" machi="87" ten="40,7700,0" yaku="1,1,52,1,54,1,53,0" doraHai="80" doraHaiUra="135" who="3" fromWho="0" sc="120,-77,357,0,214,0,289,97" owari="43,-45.7,357,15.7,214,-18.6,386,48.6" /></mjloggm>