<mjloggm ver="2.3"><GO type="137" lobby="0"/><UN n0="%31%36%38%31%33" n1="%E3%81%8B%E3%81%84%E3%81%96%E3%82%93" n2="%E2%93%9D%4C%75%63%6B%79%4A" n3="%54%41%43%4B" dan="13,12,12,13" rate="1772.32,1968.55,1873.21,1792.09" sx="M,M,M,M"/><TAIKYOKU oya="0"/><INIT seed="0,0,0,1,4,41" ten="250,250,250,250" oya="0" hai0="62,20,97,34,79,9,48,116,125,115,1,36,43" hai1="107,24,29,8,55,130,75,72,51,5,85,49,133" hai2="52,17,109,35,119,27,12,19,18,58,21,112,69" hai3="3,4,128,80,108,2,81,86,111,63,74,46,90"/><T59/><D116/><U123/><E107/><V60/><F119/><W78/><G128/><T42/><D34/><U73/><E123/><V83/><F112/><W94/><G63/><T37/><D115/><U71/><E71/><V117/><F117/><W106/><G4/><T122/><D122/><U88/><E133/><V16/><F109/><N who="3" m="42059" /><G2/><T30/><D1/><U13/><E130/><V110/><F110/><W135/><G3/><T120/><D120/><U54/><E51/><V114/><F114/><W92/><G46/><T0/><D79/><U102/><E102/><V25/><F69/><W66/><G66/><T67/><D125/><U57/><E55/><V70/><F70/><W101/><G135/><T96/><D0/><U56/><E56/><V132/><F132/><W76/><G76/><T126/><D126/><U7/><E7/><V39/><F39/><W61/><G61/><T38/><D9/><U82/><REACH who="1" step="1"/><E73/><REACH who="1" ten="250,240,250,250" step="2"/><V28/><REACH who="2" step="1"/><F83/><REACH who="2" ten="250,240,240,250" step="2"/><W103/><G106/><T50/><D42/><U14/><E14/><AGARI ba="0,2" hai="12,14,16,17,18,19,21,25,27,28,35,52,58,60" machi="14" ten="40,8000,1" yaku="1,1,2,1,54,2,53,0" doraHai="41" doraHaiUra="65" who="2" fromWho="1" sc="250,0,240,-80,240,100,250,0" /><INIT seed="1,0,0,4,4,15" ten="250,160,340,250" oya="1" hai0="50,3,38,131,98,19,78,81,103,66,21,0,45" hai1="101,1,72,70,2,80,97,135,52,20,68,132,49" hai2="117,54,25,64,28,39,133,88,115,23,108,118,51" hai3="112,29,93,58,85,7,73,111,69,11,107,61,8"/><U119/><E119/><V127/><F39/><W5/><G73/><T74/><D38/><U106/><E72/><V13/><F64/><W60/><G107/><T104/><D66/><U22/><E80/><V6/><F133/><N who="1" m="51273" /><E22/><V89/><F127/><W63/><G112/><T102/><D102/><U126/><E126/><V83/><F108/><W24/><G111/><T30/><D30/><U65/><E65/><V75/><F115/><W9/><G69/><N who="1" m="26730" /><E20/><V57/><F118/><W43/><G43/><T109/><D131/><U120/><E120/><V116/><F117/><W92/><G58/><AGARI ba="0,0" hai="1,2,49,52,58,97,101,106" m="26730,51273" machi="58" ten="30,2900,0" yaku="20,1,54,1" doraHai="15" who="1" fromWho="3" sc="250,0,160,29,340,0,250,-29" /><INIT seed="1,1,0,3,0,103" ten="250,189,340,221" oya="1" hai0="33,98,32,109,127,30,20,19,74,56,94,14,10" hai1="89,131,63,6,34,84,64,116,113,81,25,96,100" hai2="23,45,43,27,72,13,60,44,16,112,51,87,17" hai3="107,86,31,79,83,18,126,41,21,58,124,76,5"/><U40/><E116/><V73/><F112/><W130/><G5/><T36/><D74/><U8/><E131/><V99/><F60/><W52/><G41/><T91/><D36/><U123/><E123/><V134/><F134/><W0/><G0/><T47/><D127/><N who="3" m="48681" /><G31/><T12/><D109/><U59/><E113/><V70/><F70/><W15/><G130/><T97/><D47/><U125/><E40/><V53/><F99/><W85/><G107/><T102/><D56/><U54/><E125/><V4/><F4/><W29/><G29/><T104/><D30/><U129/><E129/><V95/><F95/><W49/><G76/><T35/><D35/><U24/><E64/><V121/><F87/><AGARI ba="1,0" hai="15,18,21,49,52,58,79,83,85,86,87" m="48681" machi="87" ten="30,2000,0" yaku="18,1,54,1" doraHai="103" who="3" fromWho="2" sc="250,0,189,0,340,-23,221,23" /><INIT seed="2,0,0,0,0,95" ten="250,189,317,244" oya="2" hai0="129,31,119,86,89,16,127,74,99,133,33,24,87" hai1="53,61,134,132,29,93,41,128,63,96,0,70,88" hai2="116,12,25,111,44,36,65,62,47,94,98,51,81" hai3="17,83,59,34,11,55,38,78,122,100,102,19,107"/><V135/><F116/><W5/><G34/><T46/><D74/><U110/><E0/><V14/><F135/><N who="1" m="51753" /><E29/><V75/><F36/><W85/><G38/><T30/><D133/><U26/><E70/><V82/><F111/><W123/><G19/><T60/><D119/><U20/><E110/><V120/><F120/><W67/><G67/><T49/><D127/><U84/><E128/><V48/><F25/><W106/><G17/><T23/><D129/><U4/><E4/><V112/><F112/><W109/><G109/><T108/><D108/><U40/><E84/><V121/><F121/><W72/><G85/><N who="0" m="32267" /><D33/><U66/><E66/><V115/><F115/><W43/><G43/><N who="0" m="24799" /><D60/><N who="1" m="23115" /><E53/><N who="2" m="29951" /><F62/><W21/><G107/><T97/><D89/><U69/><E69/><V9/><F75/><W28/><G106/><T1/><D1/><U71/><E71/><V76/><F65/><W91/><G123/><T124/><D124/><U103/><E103/><N who="2" m="60887" /><F76/><W39/><G102/><T56/><D56/><U18/><AGARI ba="0,0" hai="18,20,26,40,41,88,93,96" m="23115,51753" machi="18" ten="30,4000,0" yaku="20,1,52,1,54,1" doraHai="95" who="1" fromWho="1" sc="250,-10,189,40,317,-20,244,-10" /><INIT seed="3,0,0,4,2,97" ten="240,229,297,234" oya="3" hai0="25,35,18,130,6,121,120,99,98,1,16,21,42" hai1="114,80,104,50,71,112,88,10,0,77,102,68,69" hai2="133,13,73,62,105,12,48,135,27,85,101,57,109" hai3="100,2,83,5,15,116,53,128,70,22,49,131,125"/><W113/><G70/><T38/><D38/><U93/><E50/><V43/><F73/><W76/><G2/><T33/><D42/><U23/><E23/><V58/><F85/><W119/><G113/><T39/><D39/><U31/><E31/><V134/><F109/><W82/><G125/><T129/><D98/><N who="1" m="61527" /><E10/><V87/><F87/><W127/><G22/><N who="0" m="13511" /><D99/><U9/><E9/><V26/><F105/><W52/><G127/><T63/><D63/><U117/><E117/><V40/><F101/><W44/><G15/><N who="2" m="5705" /><F62/><W132/><G5/><T29/><D6/><U123/><E0/><V94/><F94/><W59/><G119/><T67/><D67/><U103/><E123/><N who="0" m="47177" /><D1/><U84/><E103/><V4/><F4/><W46/><G100/><T17/><D29/><U78/><E78/><V75/><F43/><W124/><G76/><T126/><D126/><U95/><E95/><V91/><F40/><W65/><G116/><T3/><D3/><U74/><AGARI ba="0,0" hai="68,69,71,74,77,80,84,88,93,112,114" m="61527" machi="74" ten="30,4000,0" yaku="24,1,52,1,54,1" doraHai="97" who="1" fromWho="1" sc="240,-10,229,40,297,-10,234,-20" /><INIT seed="4,0,0,3,0,92" ten="230,269,287,214" oya="0" hai0="53,22,26,73,64,94,118,93,65,3,32,132,61" hai1="44,27,47,34,45,54,119,0,91,42,17,89,9" hai2="120,19,30,102,69,117,31,11,131,128,62,101,75" hai3="76,85,95,124,12,87,84,104,24,72,109,20,106"/><T97/><D3/><U29/><E119/><V56/><F69/><W116/><G109/><T55/><D73/><U52/><E42/><V41/><F120/><W13/><G116/><T68/><D118/><U105/><E105/><V81/><F41/><W28/><G95/><T99/><D32/><U25/><E25/><V113/><F113/><W60/><G124/><T18/><D132/><U1/><E17/><V33/><F33/><W121/><G121/><T110/><D65/><U40/><E40/><V103/><F117/><W90/><G60/><T111/><D111/><U79/><E79/><N who="2" m="44287" /><F19/><W98/><G106/><T21/><D21/><U129/><E9/><V78/><F11/><W108/><G108/><T7/><D7/><U114/><E114/><V36/><F36/><W49/><G49/><T50/><D110/><U134/><E134/><V122/><F78/><W23/><G23/><T58/><D55/><U86/><E91/><V63/><F63/><W80/><REACH who="3" step="1"/><G90/><REACH who="3" ten="230,269,287,204" step="2"/><T51/><D51/><U2/><REACH who="1" step="1"/><E129/><REACH who="1" ten="230,259,287,204" step="2"/><N who="2" m="49739" /><F122/><W74/><G74/><T71/><D71/><U77/><E77/><V96/><F103/><AGARI ba="0,2" hai="12,13,20,24,28,72,76,80,84,85,87,98,103,104" machi="103" ten="40,2600,0" yaku="1,1,52,1,53,0" doraHai="92" doraHaiUra="14" who="3" fromWho="2" sc="230,0,259,0,287,-26,204,46" /><INIT seed="5,0,0,5,2,79" ten="230,259,261,250" oya="1" hai0="44,125,98,13,108,30,22,21,96,116,75,109,87" hai1="73,62,25,130,115,80,92,86,70,63,67,104,43" hai2="119,132,99,123,126,17,53,71,38,121,76,90,49" hai3="100,74,102,48,105,16,3,107,59,6,129,101,39"/><U31/><E115/><V42/><F76/><W118/><G39/><T131/><D75/><U47/><E130/><V24/><F119/><W15/><G129/><T2/><D2/><U68/><E92/><V14/><F71/><W5/><G3/><T1/><D1/><U124/><E124/><V60/><F60/><W37/><G37/><T127/><D131/><U91/><E73/><V77/><F77/><W128/><G118/><T81/><D116/><U61/><E104/><V135/><F24/><W114/><G114/><T26/><D44/><U19/><E19/><V36/><F99/><W93/><G74/><T27/><D13/><U9/><E9/><V112/><F90/><W18/><G93/><T35/><D35/><U89/><E91/><V64/><F64/><W55/><G128/><T103/><D109/><U23/><REACH who="1" step="1"/><E70/><REACH who="1" ten="230,249,261,250" step="2"/><V95/><F95/><W94/><G94/><T58/><D108/><U110/><E110/><V84/><F112/><W83/><G107/><T40/><D103/><U33/><E33/><V72/><F72/><W52/><G105/><T12/><D127/><U50/><AGARI ba="0,1" hai="23,25,31,43,47,50,61,62,63,67,68,80,86,89" machi="50" ten="20,12000,1" yaku="1,1,0,1,7,1,52,1,53,1" doraHai="79" doraHaiUra="65" who="1" fromWho="1" sc="230,-40,249,130,261,-40,250,-40" /><INIT seed="5,1,0,0,3,39" ten="190,379,221,210" oya="1" hai0="120,131,53,14,52,70,35,101,121,75,64,80,54" hai1="135,86,127,95,132,4,110,44,28,72,102,24,38" hai2="69,88,40,65,97,31,89,107,21,129,46,6,133" hai3="93,92,82,126,78,1,118,16,94,30,47,11,45"/><U103/><E110/><V63/><F6/><W5/><G126/><T117/><D117/><U55/><E72/><V87/><F133/><N who="1" m="51273" /><E4/><V122/><F122/><N who="0" m="47210" /><D35/><U22/><E127/><V130/><F31/><W76/><G118/><T41/><D101/><U50/><E38/><N who="2" m="21783" /><F21/><W108/><G108/><T128/><D80/><U98/><E86/><V56/><F69/><W68/><G68/><T2/><D2/><U13/><E13/><V113/><F87/><W77/><G30/><T18/><D75/><U49/><E49/><V134/><F134/><W37/><G37/><T109/><D109/><U59/><E59/><V61/><F63/><W99/><G99/><T58/><D14/><U20/><E103/><N who="2" m="62959" /><F113/><W36/><G82/><T115/><D18/><U17/><E17/><V32/><F32/><AGARI ba="1,0" hai="20,22,24,28,32,44,50,55,95,98,102" m="51273" machi="32" ten="30,1500,0" yaku="20,1" doraHai="39" who="1" fromWho="2" sc="190,0,379,18,221,-18,210,0" /><INIT seed="5,2,0,2,3,61" ten="190,397,203,210" oya="1" hai0="43,55,129,16,29,108,27,82,102,91,12,130,41" hai1="10,62,34,8,38,134,128,54,98,73,19,92,69" hai2="14,3,121,4,96,17,87,80,97,125,105,59,126" hai3="119,11,56,70,23,122,64,131,65,21,94,68,66"/><U104/><E38/><V117/><F3/><W7/><G122/><T37/><D102/><U118/><E118/><V133/><F4/><W13/><G131/><N who="0" m="50187" /><D37/><U9/><E73/><V40/><F40/><W115/><G115/><T88/><D108/><U135/><E128/><V35/><F35/><W101/><G119/><T107/><D107/><U49/><E34/><V45/><F45/><W6/><G6/><T85/><D91/><U1/><E104/><V32/><F32/><W48/><G70/><T100/><D100/><U124/><E124/><N who="2" m="47723" /><F133/><W132/><G68/><T75/><D75/><U50/><E1/><V31/><F31/><W52/><REACH who="3" step="1"/><G132/><REACH who="3" ten="190,397,203,200" step="2"/><T51/><D29/><U0/><E69/><V67/><F121/><W72/><G72/><T78/><D27/><U36/><E135/><V18/><F117/><W44/><G44/><N who="0" m="28135" /><D78/><U20/><E134/><V83/><F105/><W42/><G42/><T86/><D86/><U77/><E0/><V93/><F87/><W71/><G71/><T28/><D28/><U47/><E98/><AGARI ba="2,1" hai="7,11,13,21,23,48,52,56,64,65,66,94,98,101" machi="98" ten="40,12000,2" yaku="1,1,8,1,52,3,54,1,53,0" doraHai="61" doraHaiUra="103" who="3" fromWho="1" sc="190,0,397,-126,203,0,200,136" /><INIT seed="6,0,0,0,3,52" ten="190,271,203,336" oya="2" hai0="37,32,115,82,127,51,58,121,38,35,113,19,60" hai1="8,103,69,67,45,106,43,116,12,94,9,78,100" hai2="27,22,107,68,7,16,101,26,72,5,122,47,130" hai3="17,120,109,46,85,39,118,92,66,114,84,56,1"/><V91/><F68/><W20/><G120/><T54/><D121/><U131/><E69/><V98/><F122/><W24/><G118/><T10/><D82/><U31/><E67/><V14/><F72/><W110/><G1/><T48/><D10/><U73/><E31/><V41/><F130/><W23/><G39/><N who="0" m="14859" /><D19/><U13/><E43/><V53/><F53/><W112/><G46/><N who="0" m="27927" /><D35/><U33/><E45/><V34/><F91/><W96/><G23/><T65/><D32/><U102/><E33/><V15/><F15/><W44/><G84/><T80/><D80/><U4/><E131/><V40/><F41/><W71/><G85/><T134/><D134/><U99/><E106/><V133/><F133/><W30/><G30/><T123/><D123/><U62/><E62/><V83/><F83/><W88/><G71/><T77/><D77/><U55/><E55/><V89/><F89/><W124/><G124/><T86/><D86/><U74/><E116/><V104/><F107/><W36/><G109/><T93/><D93/><U49/><E49/><V97/><F98/><W129/><G110/><T21/><D21/><U105/><E105/><V126/><F126/><W128/><G36/><T63/><D127/><U0/><E0/><V125/><F125/><W29/><G29/><T25/><D25/><N who="2" m="9226" /><F34/><W132/><G132/><T117/><D117/><U11/><E78/><V28/><F28/><W59/><G129/><T90/><D90/><N who="1" m="55767" /><E4/><V135/><F135/><W111/><G128/><T50/><D63/><U75/><AGARI ba="0,0" hai="8,9,11,12,13,73,74,75,100,102,103" m="55767" machi="75" ten="40,2700,0" yaku="29,2" doraHai="52" who="1" fromWho="1" sc="190,-7,271,27,203,-13,336,-7" /><INIT seed="7,0,0,5,1,130" ten="183,298,190,329" oya="3" hai0="108,116,91,68,10,75,26,17,33,9,58,43,16" hai1="15,55,31,98,19,82,7,83,121,77,14,118,48" hai2="84,0,22,27,132,86,20,105,85,74,70,96,101" hai3="69,37,67,89,114,45,87,81,66,30,131,129,115"/><W38/><G30/><T92/><D75/><U63/><E121/><V126/><F0/><W24/><G24/><T88/><D68/><U125/><E125/><V128/><F126/><W107/><G107/><T6/><D108/><U79/><E118/><V21/><F74/><W32/><G45/><T34/><D116/><U134/><E31/><V28/><F128/><N who="3" m="49227" /><G32/><T57/><D43/><U56/><E134/><V76/><F70/><W47/><G47/><T124/><D124/><U110/><E110/><V73/><F132/><W51/><G51/><T112/><D26/><U127/><E127/><V12/><F12/><W102/><G102/><T4/><D92/><U106/><E106/><V100/><F101/><W11/><G11/><T54/><D54/><U39/><E39/><N who="3" m="14858" /><G69/><T95/><D95/><U42/><E98/><V46/><F46/><W120/><G120/><T29/><D29/><U104/><E104/><V65/><F65/><AGARI ba="0,0" hai="65,66,67,81,87,89,114,115" m="14858,49227" machi="65" ten="40,2000,0" yaku="19,1" doraHai="130" who="3" fromWho="2" sc="183,0,298,0,190,-20,329,20" owari="183,-21.7,298,9.8,170,-33.0,349,44.9" /></mjloggm>