<mjloggm ver="2.3"><GO type="137" lobby="0"/><UN n0="%75%6D%65%75%6D%65%6B%6F" n1="%43%48%41%53%45%52%48%50" n2="%47%41%48%41" n3="%E2%93%9D%4C%75%63%6B%79%4A" dan="11,14,12,12" rate="1556.86,1791.05,1701.78,1855.53" sx="F,M,M,M"/><TAIKYOKU oya="0"/><INIT seed="0,0,0,2,3,41" ten="250,250,250,250" oya="0" hai0="94,59,114,24,122,4,46,71,31,89,90,20,98" hai1="65,99,121,7,61,32,112,88,128,93,45,40,80" hai2="84,103,116,96,97,125,23,17,39,81,63,83,6" hai3="52,67,47,9,43,25,58,38,0,132,10,77,1"/><T120/><D114/><U33/><E121/><V118/><F39/><W85/><G67/><T21/><D71/><U37/><E128/><V11/><F125/><W73/><G73/><T60/><D122/><U18/><E112/><V104/><F97/><W64/><G64/><T87/><D120/><U62/><E80/><V48/><F63/><W14/><G10/><T131/><D131/><U86/><E86/><V76/><F83/><W15/><G15/><T69/><D69/><U13/><E7/><V92/><F104/><W72/><G132/><T12/><D4/><U115/><E115/><V34/><F34/><W44/><G25/><T100/><D100/><U133/><E133/><V68/><F68/><W113/><G72/><T36/><D36/><U27/><E27/><V91/><F103/><W102/><G102/><T35/><D12/><U82/><E82/><V95/><F95/><W66/><G66/><T19/><D46/><U16/><E18/><V5/><F48/><W51/><G77/><T117/><D19/><U78/><E78/><V75/><F75/><W2/><G85/><T126/><D117/><N who="2" m="45162" /><F11/><W110/><G113/><T119/><D126/><U79/><E79/><V55/><F55/><W129/><G129/><T101/><D101/><U111/><E111/><V56/><F56/><W70/><G70/><T108/><D108/><U42/><E42/><V127/><F127/><W8/><G110/><T130/><D130/><U28/><E28/><V74/><F74/><W50/><REACH who="3" step="1"/><G14/><AGARI ba="0,0" hai="5,6,14,17,23,76,81,84,91,92,96" m="45162" machi="14" ten="30,1000,0" yaku="12,1" doraHai="41" who="2" fromWho="3" sc="250,0,250,0,250,10,250,-10" /><INIT seed="1,0,0,5,3,18" ten="250,250,260,240" oya="1" hai0="97,90,84,118,99,54,109,111,32,0,57,105,55" hai1="66,114,127,133,33,135,36,28,106,20,42,29,26" hai2="8,88,79,14,50,30,17,5,130,103,39,92,125" hai3="40,16,44,31,91,115,52,96,41,22,101,85,25"/><U110/><E106/><V124/><F39/><W86/><G115/><T2/><D118/><U75/><E75/><V63/><F79/><W94/><G31/><T6/><D32/><U19/><E66/><V10/><F30/><W100/><G86/><T13/><D105/><U89/><E36/><V77/><F77/><W67/><G67/><T72/><D72/><U98/><E42/><N who="3" m="16490" /><G85/><T3/><D54/><U107/><E107/><V49/><F63/><W7/><G7/><T87/><D87/><U102/><E102/><V35/><F35/><W4/><G4/><T78/><D78/><U113/><E89/><V82/><F82/><W74/><G74/><T129/><D129/><U9/><E98/><V51/><F103/><W15/><G15/><T58/><D58/><U117/><E117/><V61/><F61/><W131/><G131/><T81/><D6/><U76/><E76/><V93/><F130/><W45/><G45/><T60/><D13/><N who="1" m="7599" /><E127/><V104/><F104/><W38/><G38/><T68/><D68/><U73/><E73/><V108/><F108/><AGARI ba="0,0" hai="0,2,3,55,57,60,81,84,90,97,99,108,109,111" machi="108" ten="50,1600,0" yaku="14,1" doraHai="18" who="0" fromWho="2" sc="250,16,250,0,260,-16,240,0" /><INIT seed="2,0,0,5,4,63" ten="266,250,244,240" oya="2" hai0="43,78,134,99,61,101,96,84,55,45,24,60,100" hai1="62,3,0,117,116,129,72,50,36,135,86,112,132" hai2="51,105,69,38,4,48,81,22,77,7,53,5,46" hai3="118,18,94,23,27,126,95,20,125,97,68,102,123"/><V128/><F105/><W54/><G123/><T12/><D134/><N who="1" m="51243" /><E72/><V13/><F128/><W85/><G68/><T29/><D12/><U110/><E86/><V93/><F69/><W1/><G1/><N who="1" m="586" /><E62/><V91/><F38/><W8/><G8/><T52/><D78/><U87/><E87/><V115/><F115/><W127/><G23/><T122/><D84/><U37/><E50/><V35/><F35/><W74/><G118/><N who="1" m="45674" /><E112/><V34/><F34/><W66/><G74/><T32/><D60/><U73/><E73/><V26/><F13/><W83/><G54/><T59/><D122/><U89/><E89/><V10/><F48/><W31/><G66/><T79/><D79/><U120/><E120/><V49/><F49/><W16/><REACH who="3" step="1"/><G95/><REACH who="3" ten="266,250,244,230" step="2"/><T58/><D101/><U98/><E98/><V114/><F93/><W130/><G130/><T131/><D100/><U103/><E129/><V42/><F114/><W121/><G121/><T124/><D131/><U90/><E103/><V119/><F119/><W104/><G104/><T9/><D9/><U33/><E33/><V71/><F10/><W39/><G39/><N who="1" m="14922" /><E90/><AGARI ba="0,1" hai="16,18,20,27,31,83,85,90,94,97,102,125,126,127" machi="90" ten="40,5200,0" yaku="1,1,18,1,54,1,53,0" doraHai="63" doraHaiUra="106" who="3" fromWho="1" sc="266,0,250,-52,244,0,230,62" /><INIT seed="3,0,0,5,2,124" ten="266,198,244,292" oya="3" hai0="40,31,106,8,39,119,12,132,88,24,48,101,51" hai1="36,96,126,59,79,111,134,28,57,18,37,121,33" hai2="74,22,38,77,78,50,112,84,52,55,103,66,80" hai3="105,83,5,7,47,99,62,98,87,61,29,73,60"/><W102/><G73/><T131/><D119/><U20/><E121/><V26/><F38/><W17/><G29/><T123/><D123/><U44/><E111/><V68/><F112/><W45/><G17/><T135/><D39/><U56/><E126/><V81/><F103/><W120/><G120/><T25/><D106/><U130/><E134/><N who="0" m="51241" /><D101/><U91/><E79/><V116/><F116/><W53/><G99/><T43/><D31/><U104/><E33/><V11/><F11/><W54/><G47/><T82/><D131/><U14/><E28/><V23/><F23/><W114/><G114/><T16/><D40/><U67/><E130/><V122/><F122/><W4/><REACH who="3" step="1"/><G45/><REACH who="3" ten="266,198,244,282" step="2"/><N who="0" m="25663" /><D51/><U85/><E44/><V0/><F50/><W110/><G110/><T129/><D129/><U21/><E21/><V72/><F72/><W69/><G69/><T127/><D127/><U70/><E70/><V90/><F74/><W42/><G42/><T9/><D9/><U46/><E46/><V108/><F108/><W49/><G49/><T64/><D64/><U30/><E30/><V92/><F66/><W118/><G118/><T19/><D19/><U133/><E67/><V32/><F68/><W3/><G3/><T10/><D10/><U65/><E65/><V125/><F0/><W13/><G13/><T6/><D6/><U97/><E133/><V86/><F125/><W100/><G100/><T41/><D41/><U75/><E75/><N who="2" m="43071" /><F32/><W107/><G107/><T93/><D82/><N who="1" m="49591" /><E104/><V113/><F113/><W71/><G71/><T63/><D8/><U15/><E15/><V2/><F2/><RYUUKYOKU ba="0,1" sc="266,-30,198,10,244,10,282,10" hai1="14,18,20,36,37,56,57,59,96,97" hai2="22,26,52,55,78,81,84,86,90,92" hai3="4,5,7,53,54,60,61,62,83,87,98,102,105" /><INIT seed="3,1,1,1,4,68" ten="236,208,254,292" oya="3" hai0="117,52,8,5,38,88,78,127,86,73,65,110,16" hai1="11,121,98,126,41,128,129,34,44,97,1,81,24" hai2="22,49,20,90,57,17,32,85,84,75,104,106,23" hai3="47,67,123,10,61,36,51,9,66,63,37,31,3"/><W7/><G123/><T42/><D117/><U87/><E121/><V120/><F120/><W60/><G31/><T2/><D110/><U119/><E119/><V19/><F32/><W54/><REACH who="3" step="1"/><G10/><REACH who="3" ten="236,208,254,282" step="2"/><T55/><D127/><U27/><E126/><V71/><F71/><W83/><G83/><T14/><D73/><U93/><E11/><V4/><F75/><W102/><G102/><T56/><D78/><U0/><E0/><V13/><F90/><W132/><G132/><T62/><D2/><U76/><E1/><V101/><F101/><W12/><G12/><T92/><D5/><U100/><E34/><V69/><F69/><W15/><G15/><T28/><D28/><U18/><E18/><V48/><F4/><W109/><G109/><T40/><D40/><U50/><E129/><V91/><F13/><W133/><G133/><T114/><D114/><U29/><E29/><V46/><F91/><W107/><G107/><T95/><D95/><U35/><E35/><V103/><F103/><W96/><G96/><T94/><D94/><U111/><E128/><V80/><F80/><W43/><G43/><T115/><D115/><U33/><E33/><V58/><F23/><W122/><G122/><T53/><D65/><AGARI ba="1,2" hai="3,7,9,36,37,47,51,54,60,61,63,65,66,67" machi="65" ten="40,7700,0" yaku="1,1,52,2,53,0" doraHai="68" doraHaiUra="99" who="3" fromWho="0" sc="236,-80,208,0,254,0,282,100" /><INIT seed="3,2,0,3,1,26" ten="156,208,254,382" oya="3" hai0="5,97,118,111,27,40,59,98,60,74,87,105,125" hai1="70,101,129,23,64,112,81,67,77,31,68,93,50" hai2="63,33,45,44,48,114,10,135,124,39,29,109,75" hai3="6,107,84,82,58,55,35,127,110,103,62,78,113"/><W99/><G127/><T32/><D118/><U15/><E112/><V36/><F10/><W19/><G113/><T134/><D74/><U90/><E129/><V9/><F9/><W49/><G35/><T42/><D125/><U3/><E3/><V83/><F124/><W85/><G110/><T72/><D72/><U24/><E101/><V51/><F75/><W22/><G6/><T53/><D111/><U115/><E115/><V17/><F83/><W4/><G4/><T37/><D134/><U119/><E119/><V8/><F8/><W89/><G62/><T86/><D37/><U43/><E70/><V34/><F17/><W41/><G41/><N who="0" m="15979" /><D105/><U16/><E68/><V94/><F94/><W128/><G128/><T69/><D69/><U28/><E81/><V66/><F109/><W21/><REACH who="3" step="1"/><G19/><REACH who="3" ten="156,208,254,372" step="2"/><T102/><D32/><U126/><E126/><V116/><F114/><W73/><G73/><T20/><D5/><U91/><E77/><V88/><F63/><W11/><G11/><T61/><D61/><U56/><E67/><V38/><F66/><W71/><G71/><T14/><D14/><U106/><E64/><V1/><F1/><W108/><G108/><T57/><D102/><U104/><E104/><V121/><F116/><W7/><G7/><T117/><D117/><U47/><E106/><V13/><F13/><W2/><G2/><T65/><D98/><N who="1" m="57655" /><E15/><V133/><F34/><W76/><G76/><T30/><D97/><U100/><E100/><V12/><F12/><W132/><G132/><T123/><D123/><U79/><E79/><V92/><F135/><RYUUKYOKU ba="2,1" sc="156,15,208,-15,254,-15,372,15" hai0="20,27,30,53,57,59,60,65,86,87" hai3="21,22,49,55,58,78,82,84,85,89,99,103,107" /><INIT seed="3,3,1,1,1,63" ten="171,193,239,387" oya="3" hai0="98,67,53,41,78,65,59,46,124,77,130,85,9" hai1="125,95,48,61,32,88,34,33,70,20,102,18,129" hai2="101,31,35,25,106,39,13,79,38,103,74,113,6" hai3="108,93,80,30,92,52,21,127,51,44,96,118,126"/><W36/><G118/><T54/><D124/><N who="3" m="47657" /><G36/><T43/><D130/><U120/><E120/><V1/><F13/><W72/><G108/><T71/><D98/><U64/><E125/><V110/><F103/><W28/><G21/><T50/><D71/><U45/><E129/><V81/><F113/><W17/><G17/><T42/><D9/><U128/><E128/><V5/><F5/><W116/><G116/><T114/><D114/><U86/><E102/><V37/><F110/><W2/><G2/><T57/><D85/><U56/><E70/><V3/><REACH who="2" step="1"/><F6/><REACH who="2" ten="171,193,229,387" step="2"/><W121/><G121/><T87/><D87/><U12/><REACH who="1" step="1"/><E34/><REACH who="1" ten="171,183,229,387" step="2"/><V22/><F22/><W7/><G7/><T107/><D107/><U75/><E75/><V89/><F89/><N who="3" m="55343" /><G92/><T134/><D134/><U62/><E62/><V29/><F29/><W27/><G27/><T49/><D59/><U105/><E105/><V131/><F131/><W11/><G11/><T99/><D99/><AGARI ba="3,3" hai="1,3,25,31,35,37,38,39,74,79,81,99,101,106" machi="99" ten="40,8000,1" yaku="1,1,33,3,53,0" doraHai="63" doraHaiUra="66" who="2" fromWho="0" sc="171,-89,183,0,229,119,387,0" /><INIT seed="4,0,0,3,3,126" ten="82,183,348,387" oya="0" hai0="27,3,69,121,97,133,43,47,41,1,102,45,77" hai1="46,66,6,53,40,101,106,117,7,17,56,87,113" hai2="116,89,39,73,109,34,91,0,25,80,28,107,95" hai3="112,68,105,64,131,119,55,78,84,70,108,57,85"/><T129/><D121/><U61/><E117/><V86/><F39/><W14/><G105/><T93/><D69/><U16/><E113/><V30/><F0/><W13/><G112/><T21/><D77/><U99/><E87/><V127/><F127/><W83/><G108/><T123/><D123/><U118/><E118/><V125/><F125/><W11/><G14/><T124/><D124/><U12/><E17/><V76/><F116/><W74/><G64/><T135/><D3/><U72/><E72/><V32/><F109/><W22/><G22/><T63/><D63/><U71/><E66/><V29/><F107/><W120/><G120/><T94/><D93/><U100/><E100/><V26/><REACH who="2" step="1"/><F91/><REACH who="2" ten="82,183,338,387" step="2"/><W128/><G119/><T50/><D1/><U114/><E114/><V134/><F134/><W98/><G70/><T60/><D60/><U79/><E71/><V8/><F8/><W81/><G68/><T37/><REACH who="0" step="1"/><D129/><REACH who="0" ten="72,183,338,387" step="2"/><U35/><E79/><V51/><F51/><W19/><G131/><T88/><D88/><U38/><REACH who="1" step="1"/><E35/><AGARI ba="0,2" hai="25,26,28,29,30,32,34,35,73,76,80,86,89,95" machi="35" ten="40,1300,0" yaku="1,1,53,0" doraHai="126" doraHaiUra="96" who="2" fromWho="1" sc="72,0,183,-13,338,33,387,0" /><INIT seed="5,0,0,3,4,103" ten="72,170,371,387" oya="1" hai0="79,71,113,30,126,117,82,107,52,119,23,39,67" hai1="18,115,22,21,70,5,28,99,51,43,57,72,86" hai2="45,44,108,55,34,109,35,62,128,15,125,95,54" hai3="42,111,47,63,78,36,89,88,24,131,98,59,124"/><U25/><E72/><V134/><F95/><W91/><G111/><T48/><D117/><U84/><E70/><V58/><F15/><W69/><G131/><T65/><D119/><U17/><E115/><V6/><F6/><W100/><G124/><T93/><D113/><U7/><E99/><V120/><F120/><W29/><G78/><T127/><D107/><U46/><E57/><V130/><F34/><W19/><G19/><T4/><D71/><U133/><E133/><V85/><F85/><W114/><G69/><T94/><D39/><U10/><E28/><V37/><F35/><W118/><G118/><T33/><D33/><U104/><E104/><V2/><F2/><W27/><G29/><T13/><D4/><N who="1" m="1611" /><E10/><V9/><F9/><W110/><G110/><N who="2" m="42601" /><F125/><N who="0" m="47626" /><D30/><U3/><E3/><V87/><F87/><W97/><G114/><T20/><D13/><AGARI ba="0,0" hai="13,17,18,21,22,25,43,46,51,84,86" m="1611" machi="13" ten="30,1500,0" yaku="8,1" doraHai="103" who="1" fromWho="0" sc="72,-15,170,15,371,0,387,0" /><INIT seed="5,1,0,2,4,102" ten="57,185,371,387" oya="1" hai0="74,93,65,25,91,3,125,81,55,79,119,41,22" hai1="33,57,107,92,13,128,39,105,82,77,111,134,19" hai2="123,87,58,60,101,113,21,62,89,109,94,59,114" hai3="129,106,122,20,52,90,23,8,78,6,35,80,132"/><U17/><E39/><V83/><F109/><W48/><G35/><T88/><D119/><U29/><E111/><V26/><F123/><W46/><G122/><T72/><D125/><U98/><E134/><V1/><F1/><W37/><G106/><T49/><D3/><U51/><E128/><V75/><F62/><W70/><G70/><T11/><D72/><U54/><E29/><V32/><F32/><W42/><G90/><T56/><D65/><U16/><E33/><V31/><F75/><W97/><G97/><T4/><D41/><U18/><E82/><V66/><REACH who="2" step="1"/><F58/><REACH who="2" ten="57,185,361,387" step="2"/><W2/><G129/><T133/><D133/><U71/><E71/><V67/><F67/><W63/><G63/><T61/><D61/><U73/><E73/><V28/><F28/><W108/><G108/><T124/><D124/><U34/><E34/><V115/><F115/><W131/><G131/><T45/><D45/><U53/><E77/><V95/><F95/><W69/><G69/><T85/><D91/><U36/><E36/><V110/><F110/><W117/><G132/><T47/><D47/><U121/><E121/><V135/><F135/><W120/><G120/><T68/><D68/><U64/><E64/><V112/><F112/><W14/><G2/><T7/><REACH who="0" step="1"/><D11/><REACH who="0" ten="47,185,361,387" step="2"/><U118/><E118/><V50/><F50/><W15/><G117/><T86/><D86/><U76/><E76/><V24/><F24/><W27/><G27/><T0/><D0/><U43/><E43/><V127/><F127/><W126/><G126/><T5/><D5/><U96/><E51/><V103/><F103/><RYUUKYOKU ba="1,2" sc="47,15,185,-15,361,15,387,-15" hai0="4,7,22,25,49,55,56,74,79,81,85,88,93" hai2="21,26,31,59,60,66,83,87,89,94,101,113,114" /><INIT seed="6,2,2,4,4,8" ten="62,170,376,372" oya="2" hai0="38,31,26,72,15,120,19,127,126,18,49,108,14" hai1="51,23,132,39,6,53,123,105,35,9,61,75,93" hai2="69,33,0,17,77,11,50,57,133,59,76,92,80" hai3="47,106,70,52,86,112,102,128,13,118,125,114,44"/><V107/><F107/><W54/><G118/><T45/><D72/><U65/><E75/><V73/><F69/><W100/><G70/><T121/><D38/><U48/><E105/><V20/><F33/><W124/><G128/><T40/><D108/><U46/><E35/><V68/><F68/><W10/><G86/><T64/><D64/><U81/><E123/><N who="0" m="47177" /><D49/><U28/><E132/><V109/><F133/><W1/><G1/><T12/><D45/><N who="3" m="17481" /><G102/><T116/><D40/><U89/><E39/><V104/><F104/><W130/><G100/><T122/><N who="0" m="47185" /><T63/><DORA hai="135" /><D63/><U96/><E81/><V103/><F50/><W111/><G106/><T113/><D113/><N who="3" m="43625" /><G130/><T74/><D116/><U4/><E51/><V60/><F60/><W66/><G66/><T90/><D90/><U95/><E95/><V67/><F67/><W82/><G82/><T110/><D110/><U55/><E55/><N who="3" m="21034" /><G111/><T101/><D74/><U29/><E23/><V84/><F84/><W25/><G25/><T117/><D101/><U98/><E98/><V134/><F109/><W36/><G36/><T32/><D117/><U22/><E22/><V119/><F119/><W42/><G42/><T97/><D97/><U16/><E28/><V5/><F134/><W43/><G43/><T87/><D87/><U99/><E99/><N who="2" m="59879" /><F77/><W37/><G37/><T85/><D85/><U94/><E94/><V7/><F7/><AGARI ba="2,2" hai="7,10,13,124,125" m="21034,43625,17481" machi="7" ten="30,12000,2" yaku="15,1,11,1,52,3,54,1" doraHai="8,135" who="3" fromWho="2" sc="62,0,170,0,376,-126,372,146" /><INIT seed="7,0,0,0,4,4" ten="62,170,250,518" oya="3" hai0="75,42,71,46,106,66,78,10,105,93,57,134,2" hai1="30,51,68,72,77,20,114,123,92,5,50,128,8" hai2="67,43,55,122,28,0,111,11,76,126,18,7,135" hai3="34,94,35,54,52,80,90,88,23,127,56,9,65"/><W69/><G80/><T14/><D134/><U84/><E123/><V102/><F111/><W48/><G54/><T120/><D120/><U117/><E68/><V39/><F67/><W31/><G90/><T32/><D32/><N who="3" m="12329" /><G52/><T26/><D2/><U47/><E114/><V22/><F122/><W121/><G65/><T124/><D71/><U125/><E72/><V113/><F102/><W107/><G23/><T103/><D124/><U19/><E125/><V44/><F126/><W116/><G107/><T82/><D106/><U130/><E30/><V58/><F135/><W83/><G83/><T37/><D105/><U96/><E117/><V27/><F76/><W109/><G48/><T24/><D103/><U13/><E84/><V115/><REACH who="2" step="1"/><F28/><REACH who="2" ten="62,170,240,518" step="2"/><W16/><G121/><T132/><D132/><U21/><E77/><V59/><F59/><W70/><G70/><T133/><D133/><U91/><E21/><V49/><AGARI ba="0,1" hai="0,7,11,18,22,27,39,43,44,49,55,58,113,115" machi="49" ten="30,7900,0" yaku="1,1,0,1,52,1,53,1" doraHai="4" doraHaiUra="1" who="2" fromWho="2" sc="62,-20,170,-20,240,89,518,-39" owari="42,-45.8,150,-25.0,329,12.9,479,57.9" /></mjloggm>