<mjloggm ver="2.3"><GO type="137" lobby="0"/><UN n0="%E3%83%9F%E3%83%A6%E3%82%AD" n1="%E4%BB%8A%E5%BA%A6%E3%82%82%E3%81%8C%E3%82%93%E3%81%B0%E3%82%8B" n2="%E2%93%9D%4C%75%63%6B%79%4A" n3="%4A%2E%42%4F%59" dan="11,12,12,13" rate="1601.23,1710.50,1824.43,1697.16" sx="M,M,M,M"/><TAIKYOKU oya="0"/><INIT seed="0,0,0,4,1,54" ten="250,250,250,250" oya="0" hai0="32,1,3,118,48,95,45,55,126,70,13,33,61" hai1="115,108,47,133,46,41,76,72,77,101,53,122,21" hai2="18,79,65,134,5,23,59,35,109,104,75,68,66" hai3="16,38,129,86,26,58,93,25,63,128,117,39,105"/><T31/><D118/><U106/><E122/><V69/><F35/><W19/><G117/><T9/><D126/><U64/><E133/><V50/><F104/><W80/><G105/><T88/><D70/><U99/><E108/><V83/><F5/><W36/><G93/><T40/><D1/><U81/><E115/><V78/><F109/><W4/><G4/><T102/><D3/><U28/><E64/><V110/><F110/><W24/><G86/><T123/><D123/><U97/><E53/><V125/><F125/><W43/><G43/><T135/><D135/><U62/><E62/><V94/><F79/><W60/><G80/><T120/><D120/><U124/><E124/><V27/><F134/><W74/><G74/><T96/><D31/><U103/><E77/><V37/><F37/><W89/><G89/><T6/><REACH who="0" step="1"/><D102/><REACH who="0" ten="240,250,250,250" step="2"/><U121/><E121/><V132/><F69/><W91/><G91/><T57/><AGARI ba="0,1" hai="6,9,13,32,33,40,45,48,55,57,61,88,95,96" machi="57" ten="30,18000,2" yaku="1,1,2,1,0,1,52,1,54,1,53,1" doraHai="54" doraHaiUra="87" who="0" fromWho="0" sc="240,190,250,-60,250,-60,250,-60" /><INIT seed="0,1,0,3,1,29" ten="430,190,190,190" oya="0" hai0="55,111,110,6,69,72,125,33,132,123,7,34,81" hai1="14,107,64,52,5,39,31,79,37,104,0,73,128" hai2="42,58,8,112,41,92,32,16,84,54,61,49,109" hai3="89,91,77,127,96,13,59,102,2,120,103,23,126"/><T56/><D69/><U114/><E128/><V62/><F112/><W18/><G2/><T47/><D123/><U1/><E64/><V131/><F32/><N who="0" m="12394" /><D132/><U105/><E114/><V80/><F109/><N who="0" m="41482" /><D47/><U75/><E31/><V70/><F92/><W94/><G120/><T106/><D106/><U51/><E14/><N who="2" m="7239" /><F131/><W30/><G77/><N who="0" m="44199" /><D125/><N who="3" m="47625" /><G30/><T124/><D124/><U48/><E79/><N who="2" m="46111" /><F70/><W3/><G3/><N who="1" m="1098" /><E5/><V25/><F25/><W133/><G133/><T38/><D38/><N who="1" m="14347" /><E52/><V17/><F17/><W113/><G113/><T90/><D90/><U24/><E24/><V36/><F36/><W98/><G59/><T85/><D85/><U9/><E9/><V68/><F68/><W78/><G78/><T27/><D27/><U83/><E83/><V4/><F4/><W100/><G102/><T115/><D115/><U87/><E87/><V60/><AGARI ba="1,0" hai="41,42,49,54,58,60,61,62" m="46111,7239" machi="60" ten="30,2000,0" yaku="8,1,54,1" doraHai="29" who="2" fromWho="2" sc="430,-11,190,-6,190,23,190,-6" /><INIT seed="1,0,0,2,0,62" ten="419,184,213,184" oya="1" hai0="106,50,45,135,38,118,49,114,15,107,66,101,36" hai1="129,123,104,87,89,17,59,21,56,91,32,112,70" hai2="57,44,26,18,48,33,124,110,65,134,53,100,96" hai3="12,46,67,121,97,42,109,76,55,74,111,79,60"/><U5/><E112/><V113/><F113/><W52/><G121/><T72/><D118/><U14/><E123/><V90/><F110/><N who="3" m="41995" /><G97/><T82/><D114/><U64/><E32/><V77/><F134/><W105/><G105/><T126/><D126/><U10/><E104/><V122/><F77/><N who="3" m="29771" /><G12/><T94/><D135/><U58/><E129/><V2/><F2/><W92/><G92/><T51/><D72/><U8/><E8/><V7/><F7/><W3/><G3/><T20/><D82/><U128/><E128/><V119/><F124/><W25/><G25/><T68/><D68/><U93/><E91/><V47/><F90/><W24/><G24/><T28/><D94/><U69/><REACH who="1" step="1"/><E64/><REACH who="1" ten="419,174,213,184" step="2"/><V78/><F65/><W99/><G74/><T102/><D66/><U120/><E120/><V39/><F122/><W127/><G127/><T130/><D130/><U83/><E83/><V4/><F33/><W23/><G23/><T95/><D95/><U54/><E54/><V16/><F53/><W22/><G22/><T19/><D28/><U86/><E86/><V34/><F34/><W1/><G99/><T35/><D35/><U63/><E63/><V117/><F96/><W84/><G84/><T43/><D107/><U71/><E71/><V27/><F78/><W61/><G60/><T31/><D31/><U131/><E131/><V116/><F119/><W37/><G1/><AGARI ba="0,1" hai="1,5,10,14,17,21,56,58,59,69,70,87,89,93" machi="1" ten="40,3900,0" yaku="1,1,53,1" doraHai="62" doraHaiUra="85" who="1" fromWho="3" sc="419,0,174,49,213,0,184,-39" /><INIT seed="1,1,0,1,5,133" ten="419,223,213,145" oya="1" hai0="118,134,44,82,56,39,22,62,61,38,86,112,73" hai1="10,20,97,135,29,90,92,67,64,11,70,13,124" hai2="88,14,125,100,53,60,47,43,132,52,7,122,21" hai3="91,130,80,9,94,49,24,87,25,26,54,46,72"/><U71/><E124/><V42/><F100/><W121/><G121/><T0/><D0/><U109/><E135/><V103/><F103/><W58/><G130/><T36/><D118/><U106/><E106/><V15/><F132/><W110/><G110/><T32/><D32/><U35/><E35/><V113/><F122/><W33/><G33/><T4/><D112/><U17/><E109/><V74/><F74/><W2/><G72/><T45/><D134/><U128/><E128/><V41/><F125/><W119/><G119/><T104/><D104/><U96/><E96/><V127/><F127/><W116/><G116/><T50/><D73/><U12/><E71/><V51/><F7/><W93/><G2/><T89/><D4/><U66/><E70/><V114/><F21/><W81/><G80/><T123/><D123/><U65/><N who="1" m="16384" /><DORA hai="69" /><U126/><E126/><V84/><F53/><W19/><G58/><T34/><D34/><U95/><E95/><N who="2" m="54663" /><F60/><W85/><REACH who="3" step="1"/><G87/><REACH who="3" ten="419,223,213,135" step="2"/><T3/><D3/><U102/><E102/><V77/><F77/><W40/><G40/><T16/><D56/><U98/><E97/><V107/><F107/><W120/><G120/><T68/><D68/><U117/><E117/><V5/><F5/><W101/><G101/><T105/><D105/><U27/><E13/><AGARI ba="1,1" hai="9,13,19,24,25,26,46,49,54,81,85,91,93,94" machi="13" ten="40,8000,1" yaku="1,1,25,2,8,1,53,1" doraHai="133,69" doraHaiUra="30,76" who="3" fromWho="1" sc="419,0,223,-83,213,0,135,93" /><INIT seed="2,0,0,5,3,110" ten="419,140,213,228" oya="2" hai0="33,105,112,59,45,91,97,9,109,19,56,68,74" hai1="101,54,113,119,66,131,39,65,84,133,10,25,71" hai2="1,117,122,67,15,4,99,50,134,127,83,7,20" hai3="103,24,128,69,124,79,51,100,64,22,126,49,53"/><V114/><F122/><W48/><G79/><T58/><D109/><U17/><E119/><V0/><F67/><W96/><G128/><T29/><D68/><U13/><E131/><V32/><F99/><W46/><G69/><T62/><D74/><U30/><E39/><V80/><F32/><W40/><G64/><T76/><D76/><U36/><E36/><V123/><F123/><W132/><G132/><T87/><D33/><U88/><E113/><V106/><F106/><W6/><G6/><T47/><D29/><U11/><E133/><V8/><F134/><W60/><G60/><T43/><D112/><U61/><E101/><V121/><F114/><W44/><G96/><T129/><D129/><U116/><E116/><V3/><F121/><W34/><G51/><T94/><D105/><U107/><E107/><V92/><F92/><W78/><G78/><T42/><D97/><U31/><E25/><V86/><F127/><N who="3" m="48683" /><G34/><T104/><D104/><U72/><E72/><V125/><F125/><W35/><G35/><T37/><D9/><U108/><E108/><V21/><F7/><W73/><G73/><T23/><D62/><U115/><E115/><V27/><F117/><W2/><G2/><T55/><D43/><U5/><E54/><V111/><F111/><W135/><G135/><T75/><D75/><U52/><E71/><V82/><F50/><W81/><G81/><N who="2" m="31305" /><F27/><W28/><AGARI ba="0,0" hai="22,24,28,40,44,46,48,49,53,100,103" m="48683" machi="28" ten="30,1100,0" yaku="18,1" doraHai="110" who="3" fromWho="3" sc="419,-3,140,-3,213,-5,228,11" /><INIT seed="3,0,0,5,4,97" ten="416,137,208,239" oya="3" hai0="48,88,23,84,55,95,3,110,71,8,120,127,131" hai1="36,82,41,98,130,105,92,133,12,72,70,83,59" hai2="37,16,99,121,13,96,28,38,61,19,26,9,65" hai3="112,50,6,94,122,91,117,53,2,24,115,52,27"/><W107/><G122/><T74/><D110/><U62/><E70/><V66/><F121/><W109/><G117/><T15/><D71/><U68/><E68/><V18/><F38/><W10/><G107/><T4/><D131/><U32/><E32/><V54/><F37/><W69/><G69/><T113/><D127/><U30/><E105/><V1/><F1/><W33/><G109/><T40/><D120/><U39/><E130/><V42/><F42/><W134/><G134/><T22/><D113/><U102/><E39/><V86/><F86/><W108/><G108/><T64/><D74/><U90/><E133/><V29/><F54/><W0/><G2/><T135/><D135/><U56/><E72/><V106/><F61/><W34/><G53/><T104/><D104/><U35/><E59/><V93/><F99/><W58/><G112/><T124/><D124/><U75/><E75/><V128/><F106/><W45/><G115/><T60/><D40/><U79/><E79/><V67/><F128/><W17/><G45/><T73/><D73/><U46/><E12/><V20/><REACH who="2" step="1"/><F29/><REACH who="2" ten="416,137,198,239" step="2"/><W132/><G132/><T49/><D3/><U21/><E35/><V118/><F118/><W7/><G33/><T100/><D100/><AGARI ba="0,1" hai="9,13,16,18,19,20,26,28,65,66,67,93,96,100" machi="100" ten="40,8000,1" yaku="1,1,8,1,52,1,54,1,53,0" doraHai="97" doraHaiUra="125" who="2" fromWho="0" sc="416,-80,137,0,198,90,239,0" /><INIT seed="4,0,0,4,5,108" ten="336,137,288,239" oya="0" hai0="10,93,101,103,134,25,50,127,111,65,107,118,129" hai1="85,114,86,61,15,23,36,21,82,71,77,124,75" hai2="40,116,133,16,47,32,99,125,44,58,55,35,18" hai3="68,66,119,62,20,88,49,19,24,123,84,31,104"/><T14/><D111/><U48/><E36/><V17/><F133/><W63/><G119/><T7/><D118/><U41/><E124/><V106/><F116/><W95/><G104/><T126/><D129/><U57/><E71/><V26/><F125/><N who="0" m="47626" /><D134/><U73/><E73/><V3/><F3/><W121/><G63/><T94/><D107/><U132/><E132/><V43/><F99/><W6/><G6/><T27/><D65/><U0/><E0/><V54/><F26/><N who="0" m="9738" /><D50/><U98/><E98/><V97/><F97/><W130/><G130/><T56/><D56/><U64/><E75/><V45/><F106/><W39/><G39/><T90/><D94/><U4/><E86/><AGARI ba="0,0" hai="7,10,14,86,90,93,101,103" m="9738,47626" machi="86" ten="30,1500,0" yaku="18,1" doraHai="108" who="0" fromWho="1" sc="336,15,137,-15,288,0,239,0" /><INIT seed="4,1,0,1,0,98" ten="351,122,288,239" oya="0" hai0="57,59,47,133,1,88,76,56,129,110,134,85,50" hai1="120,11,93,7,113,52,114,10,105,69,65,109,58" hai2="25,91,39,95,34,54,63,102,5,86,28,78,42" hai3="132,121,23,49,14,32,80,40,128,62,90,130,106"/><T112/><D1/><U92/><E109/><V45/><F78/><W79/><G32/><T31/><D112/><N who="1" m="43115" /><E105/><V26/><F26/><W64/><G106/><T96/><D129/><N who="3" m="49769" /><G132/><N who="0" m="50795" /><D110/><U116/><E116/><V0/><F5/><W81/><G121/><T101/><D76/><U43/><E43/><V70/><F0/><W135/><G135/><T108/><D108/><U97/><E120/><V22/><F34/><W117/><G117/><T127/><D127/><U17/><E17/><V55/><F70/><W99/><G40/><N who="0" m="24935" /><D31/><U13/><E11/><V67/><F42/><W16/><G49/><T75/><D75/><U122/><E122/><V51/><F39/><W94/><G79/><T3/><D3/><U72/><E72/><V38/><F38/><W61/><G62/><T46/><D46/><U35/><E35/><V60/><F63/><W82/><G80/><N who="0" m="49191" /><D56/><AGARI ba="1,0" hai="14,16,23,56,61,64,81,82,90,94,99" m="49769" machi="56" ten="30,2000,0" yaku="19,1,54,1" doraHai="98" who="3" fromWho="0" sc="351,-23,122,0,288,0,239,23" /><INIT seed="5,0,0,4,1,40" ten="328,122,288,262" oya="1" hai0="107,22,100,34,23,16,108,45,121,0,35,44,57" hai1="84,119,58,105,104,83,75,52,102,71,3,89,95" hai2="82,15,96,76,117,66,129,17,2,24,99,10,125" hai3="86,90,65,20,18,28,21,64,131,115,48,31,103"/><U88/><E71/><V56/><F117/><W60/><G115/><T79/><D108/><U123/><E3/><V122/><F122/><W72/><G72/><T26/><D121/><U42/><E123/><V5/><F129/><W93/><G131/><T51/><D0/><U81/><E119/><V62/><F125/><W68/><G64/><T55/><D79/><U113/><E113/><V36/><F36/><W118/><G118/><T13/><D107/><U78/><E42/><V67/><F67/><W132/><G132/><T127/><D127/><U1/><E1/><V25/><F99/><W98/><G48/><T4/><D100/><U110/><E110/><V14/><F96/><W6/><G6/><T128/><D128/><U41/><E41/><V32/><F32/><W109/><G109/><T33/><REACH who="0" step="1"/><D4/><REACH who="0" ten="318,122,288,262" step="2"/><U30/><E30/><AGARI ba="0,1" hai="13,16,22,23,26,30,33,34,35,44,45,51,55,57" machi="30" ten="40,8000,1" yaku="1,1,2,1,52,2,54,1,53,0" doraHai="40" doraHaiUra="120" who="0" fromWho="1" sc="318,90,122,-80,288,0,262,0" /><INIT seed="6,0,0,1,5,5" ten="408,42,288,262" oya="2" hai0="77,55,62,82,0,80,61,127,75,109,99,88,37" hai1="120,29,103,63,12,135,42,15,22,17,69,54,98" hai2="84,81,34,114,20,104,90,116,102,117,48,46,106" hai3="23,86,128,51,58,32,129,111,83,131,47,95,28"/><V59/><F34/><W14/><G111/><T30/><D0/><U91/><E135/><V65/><F65/><W79/><G32/><T97/><D109/><U8/><E120/><V122/><F59/><W16/><G28/><T57/><D37/><U85/><E42/><V113/><F20/><W89/><G58/><T27/><D127/><U119/><E119/><N who="2" m="45643" /><F48/><W25/><G25/><T10/><D10/><U105/><E69/><V118/><N who="2" m="45651" /><V43/><DORA hai="130" /><F46/><W11/><G23/><T123/><D123/><U101/><E101/><V24/><F24/><W108/><G108/><T132/><D132/><U18/><E29/><V71/><F43/><W56/><G56/><T87/><D62/><U67/><E63/><V1/><F1/><W35/><G35/><AGARI ba="0,0" hai="27,30,35,55,57,61,75,77,80,82,87,88,97,99" machi="35" ten="30,2000,0" yaku="7,1,54,1" doraHai="5,130" who="0" fromWho="3" sc="408,20,42,0,288,0,262,-20" /><INIT seed="7,0,0,3,4,72" ten="428,42,288,242" oya="3" hai0="12,36,106,108,114,55,135,117,112,24,87,25,65" hai1="76,11,131,83,5,8,120,73,39,93,125,0,111" hai2="59,7,61,123,50,4,14,40,35,77,85,63,84" hai3="19,62,46,97,22,23,27,70,130,95,6,34,21"/><W45/><G130/><T18/><D36/><U91/><E120/><V127/><F35/><W13/><G6/><T29/><D106/><U110/><E131/><V99/><F99/><W42/><G34/><T9/><D108/><U17/><E125/><V38/><F38/><W52/><G27/><T10/><D117/><U96/><E17/><V54/><F127/><W104/><G104/><T74/><D74/><U116/><E11/><V53/><F40/><W56/><G70/><T121/><D121/><U41/><E116/><V103/><F103/><W69/><G69/><T90/><D135/><U3/><REACH who="1" step="1"/><E0/><REACH who="1" ten="428,32,288,242" step="2"/><V115/><F123/><W101/><G45/><AGARI ba="0,1" hai="3,5,8,39,41,45,73,76,83,91,93,96,110,111" machi="45" ten="40,12000,2" yaku="1,1,2,1,25,2,52,1,53,2" doraHai="72" doraHaiUra="122" who="1" fromWho="3" sc="428,0,32,130,288,0,242,-120" owari="428,52.8,162,-23.8,288,8.8,122,-37.8" /></mjloggm>