<mjloggm ver="2.3"><GO type="41" lobby="0"/><UN n0="%44%65%73%73%66%67%67%73" n1="%E5%A4%A9%E5%8D%97" n2="%E2%93%9D%4C%75%63%6B%79%4A" n3="%E5%9F%8E%E5%8F%A3" dan="13,15,15,14" rate="1889.35,2070.57,2151.90,1876.64" sx="M,M,M,M"/><TAIKYOKU oya="0"/><INIT seed="0,0,0,5,2,81" ten="250,250,250,250" oya="0" hai0="58,19,18,134,64,11,105,31,126,25,87,125,69" hai1="37,32,74,91,61,33,17,75,128,45,80,101,0" hai2="130,111,54,15,131,132,109,38,55,39,127,62,50" hai3="23,119,48,26,117,24,68,94,47,133,51,70,71"/><T97/><D69/><U82/><E128/><N who="2" m="49195" /><F15/><W98/><G133/><T52/><D134/><U9/><E101/><V120/><F132/><W29/><G26/><T89/><D64/><U85/><E61/><V27/><F27/><W102/><REACH who="3" step="1"/><G51/><REACH who="3" ten="250,250,250,240" step="2"/><T88/><D126/><U42/><E75/><V107/><F127/><W21/><G21/><N who="0" m="15791" /><D125/><U8/><E8/><V10/><F10/><W7/><G7/><T65/><D105/><U113/><E113/><V96/><F107/><W44/><G44/><T6/><D6/><N who="1" m="1223" /><E17/><N who="0" m="6153" /><D11/><U121/><E121/><V129/><F120/><W56/><G56/><T123/><D123/><U72/><E72/><V114/><F129/><W108/><G108/><T35/><D35/><U59/><E59/><N who="2" m="35199" /><F114/><W30/><G30/><T40/><D65/><U41/><E33/><V104/><F111/><W28/><G28/><T67/><D67/><U1/><E32/><V92/><F109/><W34/><G34/><T124/><D124/><U135/><E135/><V77/><F39/><W5/><G5/><T63/><D40/><AGARI ba="0,1" hai="23,24,29,40,47,48,68,70,71,94,98,102,117,119" machi="40" ten="40,8000,1" yaku="1,1,53,3" doraHai="81" doraHaiUra="66" who="3" fromWho="0" sc="250,-80,250,0,250,0,240,90" /><INIT seed="1,0,0,2,4,40" ten="170,250,250,330" oya="1" hai0="44,41,46,93,135,19,117,132,62,16,5,107,68" hai1="111,83,123,2,127,92,27,26,58,43,52,91,56" hai2="18,105,12,133,100,118,61,112,95,64,114,115,10" hai3="116,76,131,55,70,130,30,9,25,129,99,54,113"/><U124/><E123/><V59/><F118/><W28/><G113/><T7/><D117/><U80/><E2/><V39/><F39/><W121/><G121/><T81/><D107/><U126/><E43/><V38/><F38/><W35/><G70/><T3/><D81/><U31/><E111/><V109/><F109/><W73/><G116/><T110/><D110/><U63/><E58/><V6/><F105/><W86/><G73/><T0/><D93/><U45/><E45/><N who="0" m="17513" /><D41/><U33/><REACH who="1" step="1"/><E27/><REACH who="1" ten="170,240,250,330" step="2"/><V122/><F122/><W120/><G25/><T57/><D68/><U72/><E72/><V66/><F115/><W106/><G120/><T49/><D49/><U20/><E20/><V17/><F114/><W67/><G35/><T15/><D3/><U23/><E23/><V88/><F112/><W125/><G131/><T96/><D0/><U79/><E79/><V94/><F59/><W36/><G76/><T103/><D135/><U89/><E89/><V90/><F133/><W4/><G129/><T48/><D132/><U65/><E65/><V128/><F66/><W24/><G67/><N who="0" m="39375" /><D48/><U82/><E82/><V21/><F128/><W74/><G130/><T71/><D71/><U134/><E134/><V22/><F64/><W77/><G77/><T84/><D15/><U98/><AGARI ba="0,1" hai="26,31,33,52,56,63,80,83,91,92,98,124,126,127" machi="98" ten="30,11700,0" yaku="1,1,0,1,18,1,54,1,53,0" doraHai="40" doraHaiUra="69" who="1" fromWho="1" sc="170,-39,240,127,250,-39,330,-39" /><INIT seed="1,1,0,3,4,77" ten="131,367,211,291" oya="1" hai0="113,103,71,4,35,82,85,114,3,33,131,96,46" hai1="21,117,134,2,106,23,125,1,75,130,124,28,38" hai2="12,109,119,42,100,27,9,18,108,107,39,17,24" hai3="61,69,91,92,19,128,50,44,41,34,43,55,70"/><U51/><E51/><V25/><F107/><W81/><G34/><T122/><D71/><U76/><E106/><V84/><F100/><W5/><G128/><T68/><D68/><U121/><E38/><V97/><F97/><W62/><G70/><T11/><D131/><U26/><E76/><V47/><F119/><W22/><G5/><T67/><D67/><U90/><E90/><V89/><REACH who="2" step="1"/><F18/><REACH who="2" ten="131,367,201,291" step="2"/><W80/><G69/><T36/><D122/><U56/><E117/><V0/><F0/><W86/><G62/><T16/><D114/><U58/><E121/><V105/><F105/><W8/><G61/><T101/><D113/><U54/><E130/><V127/><F127/><W7/><G43/><T66/><D103/><U40/><E40/><V95/><AGARI ba="1,1" hai="9,12,17,24,25,27,39,42,47,84,89,95,108,109" machi="95" ten="30,2000,0" yaku="1,1,0,1,53,0" doraHai="77" doraHaiUra="32" who="2" fromWho="2" sc="131,-6,367,-11,201,33,291,-6" /><INIT seed="2,0,0,1,2,27" ten="125,356,234,285" oya="2" hai0="2,16,102,5,53,104,51,39,131,43,88,61,80" hai1="135,28,26,115,72,112,84,116,93,74,8,94,24" hai2="3,62,14,0,73,108,46,98,100,9,87,25,34" hai3="58,121,17,33,4,78,82,110,1,13,119,21,15"/><V36/><F73/><W117/><G121/><T11/><D131/><U54/><E116/><V50/><F36/><W128/><G33/><T109/><D109/><U111/><E111/><V59/><F108/><W23/><G110/><T120/><D120/><U122/><E122/><V29/><F87/><W56/><G128/><T99/><D61/><U123/><E123/><V77/><F77/><W32/><G32/><T113/><D113/><U118/><E118/><V35/><F35/><W10/><G58/><T124/><D124/><U91/><E135/><V127/><F127/><W22/><G56/><T65/><D65/><U129/><E129/><V69/><F69/><W79/><G79/><T132/><D132/><U45/><E8/><V18/><F59/><W83/><G83/><T37/><D43/><U70/><E70/><V67/><F62/><W89/><G89/><T38/><D16/><U106/><E106/><V49/><F67/><W133/><G133/><T92/><D80/><U63/><E74/><V19/><F19/><W6/><G82/><T40/><D40/><U12/><E72/><V41/><REACH who="2" step="1"/><F50/><REACH who="2" ten="125,356,224,285" step="2"/><W76/><G76/><T107/><REACH who="0" step="1"/><D102/><REACH who="0" ten="115,356,224,285" step="2"/><U57/><E63/><V85/><F85/><W103/><G103/><T126/><D126/><U114/><E84/><V105/><AGARI ba="0,2" hai="0,3,9,14,18,25,29,34,41,46,49,98,100,105" machi="105" ten="20,12000,1" yaku="1,1,0,1,7,1,52,1,53,1" doraHai="27" doraHaiUra="97" who="2" fromWho="2" sc="115,-40,356,-40,224,140,285,-40" /><INIT seed="2,1,0,1,3,90" ten="75,316,364,245" oya="2" hai0="108,93,33,112,9,111,28,4,91,19,12,127,79" hai1="38,131,57,72,113,65,110,89,92,30,130,74,50" hai2="22,44,86,83,75,5,102,66,88,134,62,41,100" hai3="17,37,35,47,53,121,51,87,132,8,103,129,7"/><V27/><F75/><W117/><G121/><T67/><D112/><U106/><E113/><V24/><F134/><W10/><G117/><T45/><D127/><U34/><E106/><V81/><F83/><W0/><G35/><T71/><D79/><U82/><E38/><V52/><F5/><W73/><G73/><T96/><D45/><U32/><E110/><V116/><F27/><W123/><G123/><T29/><D71/><U48/><E74/><V80/><F81/><W36/><G132/><T68/><D4/><U95/><E65/><V49/><F41/><W56/><G129/><N who="1" m="49162" /><E57/><N who="2" m="37199" /><F116/><W39/><G103/><T21/><D33/><N who="1" m="12907" /><E30/><AGARI ba="1,0" hai="22,24,30,44,49,52,80,86,88,100,102" m="37199" machi="30" ten="30,5800,0" yaku="8,1,54,2" doraHai="90" who="2" fromWho="1" sc="75,0,316,-61,364,61,245,0" /><INIT seed="2,2,0,1,3,85" ten="75,255,425,245" oya="2" hai0="41,23,74,67,40,132,111,48,45,59,55,68,35" hai1="17,112,16,87,65,107,108,10,92,32,116,79,22" hai2="82,36,122,20,121,84,9,6,39,106,58,19,27" hai3="3,128,109,133,60,129,64,62,25,70,42,103,50"/><V97/><F39/><W57/><G109/><T94/><D35/><U76/><E107/><V119/><F36/><W21/><G133/><T13/><D23/><U86/><E112/><V24/><F119/><W49/><G3/><T77/><D13/><U114/><E114/><V66/><F66/><W131/><G103/><T46/><D94/><U101/><E32/><V126/><F126/><W33/><G33/><T134/><D77/><N who="1" m="29771" /><E108/><V110/><F58/><W0/><G0/><T15/><D15/><N who="1" m="7287" /><E65/><V69/><F69/><W71/><G42/><N who="0" m="16491" /><D74/><U104/><E104/><V28/><F110/><W37/><G37/><T113/><D113/><U56/><E56/><V26/><F122/><W118/><G118/><T30/><D111/><U72/><E72/><V115/><F121/><W43/><G43/><T120/><D120/><U89/><E116/><V117/><F117/><W88/><G71/><T130/><D130/><U18/><E101/><V123/><F123/><W2/><G2/><T47/><D30/><U4/><E4/><V53/><F6/><W124/><G124/><T34/><D34/><U125/><E125/><V11/><F28/><N who="3" m="17455" /><G70/><T100/><D100/><U54/><E54/><V73/><F53/><W135/><G135/><N who="0" m="51755" /><D68/><U61/><E18/><V80/><F19/><W5/><G5/><T8/><D8/><N who="2" m="3146" /><F115/><W102/><G102/><T7/><D7/><U127/><E127/><V12/><F73/><W98/><G60/><AGARI ba="2,0" hai="45,46,47,48,55,59,60,67" m="51755,16491" machi="60" ten="30,3900,0" yaku="20,1,34,2" doraHai="85" who="0" fromWho="3" sc="75,45,255,0,425,0,245,-45" /><INIT seed="3,0,0,0,5,76" ten="120,255,425,200" oya="3" hai0="19,41,56,102,110,46,5,108,135,2,119,28,48" hai1="33,109,98,14,57,65,3,11,95,49,85,4,30" hai2="64,52,54,89,61,117,134,42,60,63,18,116,121" hai3="72,26,20,36,50,130,21,6,70,127,15,79,43"/><W40/><G36/><T81/><D119/><N who="2" m="45642" /><F18/><W131/><G127/><T133/><D102/><U58/><E109/><N who="0" m="42089" /><D28/><U44/><E33/><V0/><F89/><W99/><G70/><T16/><D56/><U118/><E30/><V32/><F0/><W13/><G21/><T55/><D55/><N who="2" m="21034" /><F32/><W62/><G62/><N who="2" m="24169" /><F134/><N who="0" m="51210" /><D81/><U122/><E118/><V101/><F101/><W8/><G15/><T10/><AGARI ba="0,0" hai="2,5,10,16,19,41,46,48" m="51210,42089" machi="10" ten="40,5200,0" yaku="14,1,20,1,54,1" doraHai="76" who="0" fromWho="0" sc="120,52,255,-13,425,-13,200,-26" /><INIT seed="4,0,0,1,3,127" ten="172,242,412,174" oya="0" hai0="9,63,134,116,67,29,98,75,2,111,47,17,30" hai1="20,115,81,14,28,135,110,45,65,124,3,40,92" hai2="42,107,41,22,8,37,90,23,82,36,56,18,73" hai3="74,130,51,122,53,87,88,72,101,125,25,4,76"/><T27/><D116/><U100/><E3/><V24/><F107/><W83/><G125/><T117/><D117/><U39/><E110/><V6/><F37/><W32/><G122/><T33/><D75/><U132/><E124/><V59/><F23/><W62/><G101/><T121/><D121/><U60/><E115/><V97/><F36/><W52/><G4/><T78/><D111/><U38/><E38/><V112/><F112/><W61/><G74/><T129/><D78/><U66/><E81/><V11/><F11/><W7/><G7/><T118/><D118/><U133/><E60/><V21/><F22/><W120/><G120/><T10/><D30/><U58/><E58/><V26/><F26/><W12/><G12/><T103/><D47/><U96/><REACH who="1" step="1"/><E14/><REACH who="1" ten="172,232,412,174" step="2"/><N who="2" m="5399" /><F59/><W49/><G61/><T79/><D2/><U0/><E0/><V119/><F56/><W71/><G62/><T31/><D134/><U15/><E15/><V93/><F119/><W35/><G71/><T64/><D63/><U68/><E68/><V123/><F123/><W95/><G83/><T99/><D27/><AGARI ba="0,1" hai="20,27,28,39,40,45,65,66,92,96,100,132,133,135" machi="27" ten="40,2600,0" yaku="1,1,20,1,53,0" doraHai="127" doraHaiUra="84" who="1" fromWho="0" sc="172,-26,232,36,412,0,174,0" /><INIT seed="5,0,0,4,4,103" ten="146,268,412,174" oya="1" hai0="125,51,39,90,44,61,114,12,34,30,111,124,26" hai1="54,69,10,101,32,73,48,121,29,98,91,77,56" hai2="104,97,62,3,55,19,35,96,7,71,50,4,79" hai3="68,40,115,105,5,20,8,81,131,93,11,70,88"/><U102/><E121/><V41/><F35/><W53/><G105/><T130/><D111/><U64/><E10/><V46/><F79/><W67/><G115/><T106/><D39/><U129/><E129/><V74/><F74/><W49/><G131/><T112/><D114/><U63/><E91/><V65/><F3/><W134/><G134/><T33/><D112/><U85/><E73/><V76/><F76/><W15/><G40/><T45/><D130/><U82/><REACH who="1" step="1"/><E98/><REACH who="1" ten="146,258,412,174" step="2"/><V108/><F97/><W28/><G11/><T123/><D90/><U24/><AGARI ba="0,1" hai="24,29,32,48,54,56,63,64,69,77,82,85,101,102" machi="24" ten="30,6000,0" yaku="1,1,2,1,0,1,53,0" doraHai="103" doraHaiUra="116" who="1" fromWho="1" sc="146,-20,258,70,412,-20,174,-20" /><INIT seed="5,1,0,2,5,130" ten="126,328,392,154" oya="1" hai0="105,74,3,14,131,42,124,126,109,29,83,11,6" hai1="38,37,65,13,69,108,84,10,16,59,97,134,129" hai2="127,2,39,53,112,26,133,86,45,40,76,121,132" hai3="35,72,31,75,81,118,15,103,95,57,8,1,98"/><U0/><E129/><V47/><F2/><W62/><G1/><T48/><D105/><U114/><E114/><V123/><F26/><W18/><G118/><T34/><D74/><U43/><E69/><V60/><F76/><W110/><G110/><T90/><D83/><U68/><E68/><V23/><F23/><W61/><G61/><T101/><D90/><U73/><E73/><V33/><F33/><W94/><G81/><T125/><D101/><U50/><E108/><V128/><F86/><W99/><G31/><T93/><D93/><U36/><E0/><V77/><F77/><W56/><G35/><T67/><D67/><U55/><E65/><V71/><F127/><W27/><G27/><N who="0" m="18751" /><D48/><U22/><E84/><V88/><F88/><W20/><G8/><N who="0" m="2143" /><D42/><U78/><E78/><V41/><F128/><W49/><G49/><T87/><D87/><U117/><E117/><V120/><F112/><W4/><G4/><N who="0" m="3431" /><D131/><U30/><E97/><V92/><F92/><W44/><G44/><T9/><D9/><U100/><E100/><V12/><F12/><W5/><G57/><T64/><D64/><U7/><E43/><V102/><F102/><W135/><G75/><T96/><D96/><U85/><E85/><V89/><F89/><N who="3" m="55631" /><G72/><T91/><D91/><U122/><E13/><V116/><F116/><W82/><G82/><T70/><D70/><U54/><E10/><V80/><F80/><W21/><G56/><T115/><D115/><U63/><E59/><N who="2" m="34927" /><F71/><W119/><G95/><T46/><D46/><U111/><E111/><AGARI ba="1,0" hai="109,111,124,125,126" m="3431,2143,18751" machi="111" ten="30,3900,0" yaku="18,1,34,2" doraHai="130" who="0" fromWho="1" sc="126,42,328,-42,392,0,154,0" /><INIT seed="6,0,0,5,3,36" ten="168,286,392,154" oya="2" hai0="121,116,30,50,5,34,104,60,53,67,9,25,132" hai1="77,63,115,106,28,111,113,14,114,95,44,117,54" hai2="125,55,17,40,27,65,0,16,48,26,107,42,103" hai3="84,123,72,6,18,4,37,75,69,124,10,89,20"/><V52/><F0/><W134/><G123/><T119/><D121/><U135/><E111/><V98/><F65/><W64/><G37/><T99/><D132/><U83/><E117/><V74/><F74/><W122/><G122/><T47/><D99/><U11/><E106/><V85/><F125/><W1/><G124/><T39/><D104/><U93/><E28/><V21/><F55/><W2/><G134/><T81/><D81/><U13/><E135/><V90/><F17/><W112/><G112/><T62/><D39/><U82/><E82/><V128/><F27/><W86/><G86/><T87/><D87/><U79/><E14/><V71/><F71/><W45/><G45/><T3/><REACH who="0" step="1"/><D62/><REACH who="0" ten="158,286,392,154" step="2"/><U8/><E63/><V110/><F110/><W12/><G75/><T35/><D35/><U97/><E83/><V31/><F128/><W130/><G72/><T100/><D100/><U102/><E95/><V118/><F118/><W133/><G130/><T57/><AGARI ba="0,1" hai="3,5,9,25,30,34,47,50,53,57,60,67,116,119" machi="57" ten="30,4000,0" yaku="1,1,0,1,53,1" doraHai="36" doraHaiUra="32" who="0" fromWho="0" sc="158,50,286,-10,392,-20,154,-10" /><INIT seed="7,0,0,2,4,34" ten="208,276,372,144" oya="3" hai0="1,65,101,120,125,135,39,131,55,128,28,80,32" hai1="132,122,37,127,43,56,17,62,108,78,134,23,121" hai2="88,111,69,93,6,58,46,60,107,0,124,11,105" hai3="16,27,112,95,63,99,4,38,45,36,110,49,5"/><W70/><G112/><T92/><D120/><N who="1" m="46187" /><E78/><V29/><F69/><W83/><G110/><T10/><D39/><U24/><E108/><V72/><F111/><W77/><G4/><N who="0" m="1295" /><D55/><U103/><E103/><V61/><F61/><W116/><G116/><T50/><D65/><U85/><E85/><V90/><F29/><W48/><G5/><T87/><D50/><U130/><E130/><N who="0" m="49705" /><D92/><U94/><E94/><V64/><F124/><W66/><G49/><T42/><D42/><U113/><E127/><V76/><F46/><W57/><G70/><T84/><D101/><U30/><E113/><V2/><F2/><W19/><G27/><N who="0" m="18463" /><D87/><U25/><E43/><V118/><F118/><W13/><G95/><T75/><D84/><U115/><E37/><V35/><F35/><W102/><G83/><T54/><D54/><U117/><E117/><V82/><F90/><W68/><G68/><T59/><D59/><U41/><E41/><V129/><F129/><W109/><G109/><T106/><D125/><U12/><E115/><V53/><F64/><W74/><G77/><N who="0" m="44095" /><D135/><N who="1" m="51755" /><E56/><V91/><F91/><W79/><G79/><T9/><D9/><N who="1" m="6287" /><E62/><V133/><F133/><W40/><G74/><T21/><D21/><U126/><E126/><V114/><F114/><W26/><G26/><AGARI ba="0,0" hai="23,24,25,26,30" m="6287,51755,46187" machi="26" ten="30,3900,0" yaku="20,1,34,2" doraHai="34" who="1" fromWho="3" sc="208,0,276,39,372,0,144,-39" owari="208,-19.2,315,11.5,372,47.2,105,-39.5" /></mjloggm>