<mjloggm ver="2.3"><GO type="41" lobby="0"/><UN n0="%E2%93%9D%4C%75%63%6B%79%4A" n1="%4D%61%6E%54%6F%75" n2="%73%61%6E%70%69%6E%31%37" n3="%73%65%69%69%63%68%69" dan="18,15,14,13" rate="2203.30,1989.28,1965.58,1849.97" sx="M,M,M,M"/><TAIKYOKU oya="0"/><INIT seed="0,0,0,5,4,12" ten="250,250,250,250" oya="0" hai0="31,69,15,115,13,134,55,67,76,39,125,7,58" hai1="16,105,52,56,43,91,51,64,47,1,17,75,22" hai2="127,101,35,120,90,107,110,38,93,42,19,84,37" hai3="11,49,41,46,8,54,62,66,32,96,119,28,108"/><T126/><D115/><U30/><E1/><V98/><F120/><W106/><G108/><T25/><D39/><U10/><E105/><V81/><F110/><W117/><G117/><T78/><D67/><U99/><E75/><V44/><F35/><W87/><G87/><T61/><D69/><U86/><E99/><V132/><F132/><W71/><G119/><T26/><D134/><U40/><E64/><V20/><F127/><N who="0" m="48650" /><D26/><N who="1" m="16727" /><E10/><V102/><F38/><W48/><G28/><T21/><D7/><U9/><E9/><V114/><F114/><W23/><G32/><T14/><AGARI ba="0,0" hai="13,14,15,21,25,31,55,58,61,76,78" m="48650" machi="14" ten="30,1500,0" yaku="18,1" doraHai="12" who="0" fromWho="0" sc="250,15,250,-5,250,-5,250,-5" /><INIT seed="0,1,0,1,5,18" ten="265,245,245,245" oya="0" hai0="54,72,41,9,100,76,80,23,78,62,132,131,48" hai1="96,27,36,5,71,89,129,113,91,105,81,112,25" hai2="73,98,94,52,58,86,22,13,43,123,97,17,32" hai3="6,90,8,116,11,3,87,126,53,118,0,99,46"/><T44/><D132/><U2/><E71/><V128/><F128/><W130/><G130/><T56/><D131/><U82/><E36/><V108/><F108/><W35/><G35/><T107/><D78/><U39/><E129/><V65/><F73/><W63/><G126/><T7/><D100/><U121/><E39/><V83/><F43/><W114/><G99/><T85/><D107/><U28/><E121/><V95/><F32/><W92/><G114/><N who="1" m="44138" /><E105/><V12/><F65/><W15/><G0/><T14/><D72/><U64/><E64/><V31/><F31/><W69/><G69/><T1/><D1/><U50/><E50/><N who="2" m="30999" /><F123/><W42/><G53/><T29/><D29/><U115/><E27/><N who="2" m="14799" /><F98/><W101/><G63/><T79/><D79/><U55/><E55/><V125/><F125/><W19/><REACH who="3" step="1"/><G101/><REACH who="3" ten="265,245,245,235" step="2"/><T30/><D30/><U88/><E96/><V33/><F33/><W21/><G21/><AGARI ba="1,1" hai="7,9,14,21,23,41,44,48,54,56,62,76,80,85" machi="21" ten="40,12000,1" yaku="25,2,8,1,52,2" doraHai="18" who="0" fromWho="3" sc="265,133,245,0,245,0,235,-123" /><INIT seed="0,2,0,2,3,1" ten="398,245,245,112" oya="0" hai0="74,34,84,20,17,8,104,100,9,109,94,125,86" hai1="26,68,96,38,130,16,7,70,98,27,36,24,73" hai2="4,69,78,105,15,90,135,54,32,110,63,80,41" hai3="121,56,106,3,107,115,102,85,108,48,2,50,52"/><T31/><D74/><U57/><E73/><V133/><F32/><W62/><G121/><T103/><D104/><U132/><E132/><V18/><F105/><W21/><G115/><T39/><D39/><U88/><E130/><V79/><F41/><W123/><G123/><T120/><D34/><U65/><E57/><V118/><F110/><W119/><G119/><T82/><D31/><U58/><E58/><N who="2" m="35287" /><F69/><W83/><G108/><T76/><D125/><U112/><E112/><V66/><F66/><W134/><G134/><N who="2" m="51209" /><F4/><W122/><G122/><T59/><D59/><U99/><E7/><V60/><F60/><W87/><G107/><T12/><D120/><U0/><E0/><V49/><F49/><W92/><G106/><T43/><D43/><U128/><E128/><V75/><F75/><W5/><G50/><T127/><D127/><U81/><E16/><V113/><F118/><W23/><G48/><T91/><REACH who="0" step="1"/><D109/><REACH who="0" ten="388,245,245,112" step="2"/><U93/><E65/><V40/><F40/><W28/><G28/><T10/><AGARI ba="2,1" hai="8,9,10,12,17,20,76,82,84,86,91,94,100,103" machi="10" ten="30,11700,0" yaku="1,1,2,1,0,1,8,1,53,0" doraHai="1" doraHaiUra="64" who="0" fromWho="0" sc="388,133,245,-41,245,-41,112,-41" /><INIT seed="0,3,0,3,4,6" ten="521,204,204,71" oya="0" hai0="20,125,36,74,61,108,70,69,22,133,12,107,26" hai1="42,73,62,11,106,126,13,29,81,47,14,16,52" hai2="84,8,110,119,134,18,103,44,45,91,78,76,41" hai3="127,31,25,102,65,0,66,101,100,95,89,112,123"/><T2/><D2/><U109/><E106/><V49/><F110/><W111/><G112/><T37/><D107/><U39/><E109/><V77/><F134/><W55/><G111/><T27/><D108/><U67/><E126/><V5/><F119/><W68/><G127/><T64/><D125/><U58/><E29/><V71/><F71/><W116/><G116/><T57/><D12/><U87/><E73/><V122/><F18/><W43/><G0/><T17/><D74/><U3/><E3/><V129/><F129/><W104/><G104/><T92/><D133/><U34/><E34/><V21/><F21/><W54/><G43/><T60/><D92/><U93/><E93/><V121/><F45/><W135/><G135/><T117/><D117/><U88/><REACH who="1" step="1"/><E14/><REACH who="1" ten="521,194,204,71" step="2"/><V97/><F121/><W90/><G95/><T124/><D124/><U7/><E7/><V51/><F122/><W128/><G123/><T79/><D17/><U75/><E75/><V40/><F5/><W96/><G31/><T38/><D27/><U56/><E56/><V48/><F44/><W15/><G25/><T59/><D26/><U72/><E72/><V35/><F35/><W105/><G15/><T23/><REACH who="0" step="1"/><D79/><REACH who="0" ten="511,194,204,71" step="2"/><U83/><E83/><V113/><F77/><W118/><G118/><T1/><D1/><U86/><E86/><V63/><F76/><W24/><G24/><T99/><D99/><U46/><E46/><V85/><F78/><W32/><G96/><T132/><D132/><U94/><E94/><V10/><F84/><W4/><G105/><T114/><D114/><U82/><E82/><RYUUKYOKU ba="3,2" sc="511,15,194,15,204,-15,71,-15" hai0="20,22,23,36,37,38,57,59,60,61,64,69,70" hai1="11,13,16,39,42,47,52,58,62,67,81,87,88" /><INIT seed="0,4,2,2,4,18" ten="526,209,189,56" oya="0" hai0="104,110,62,52,100,96,128,120,51,127,126,85,105" hai1="60,124,56,99,32,20,26,54,55,39,119,103,11" hai2="74,17,59,77,68,6,71,117,19,9,81,107,13" hai3="129,7,87,113,88,133,15,83,121,86,125,92,61"/><T111/><D120/><U43/><E32/><V97/><F117/><W70/><G113/><T135/><D135/><U64/><E119/><V28/><F28/><W75/><G133/><T44/><D128/><U16/><E124/><N who="0" m="47657" /><D85/><U118/><E118/><V76/><F76/><W134/><G129/><T106/><D62/><U46/><REACH who="1" step="1"/><E11/><REACH who="1" ten="526,199,189,56" step="2"/><V4/><F71/><W123/><G134/><T98/><D98/><U63/><E63/><V0/><F68/><W22/><G61/><T5/><D5/><U8/><E8/><V57/><F6/><W31/><G70/><T116/><D116/><U95/><AGARI ba="4,3" hai="16,20,26,39,43,46,54,55,56,60,64,95,99,103" machi="95" ten="20,8000,1" yaku="1,1,0,1,7,1,52,1,54,1,53,0" doraHai="18" doraHaiUra="82" who="1" fromWho="1" sc="526,-44,199,122,189,-24,56,-24" /><INIT seed="1,0,0,2,5,120" ten="482,321,165,32" oya="1" hai0="89,70,79,68,17,80,119,134,23,88,11,4,84" hai1="6,15,48,71,2,25,81,66,108,99,121,74,44" hai2="114,102,8,30,122,33,133,77,128,20,51,92,39" hai3="82,56,69,35,100,104,63,123,109,54,22,46,36"/><U61/><E121/><V14/><F122/><W111/><G123/><T16/><D119/><U115/><E115/><V97/><F39/><W0/><G35/><T24/><D134/><U47/><E99/><V55/><F133/><W95/><G0/><T41/><D41/><U98/><E98/><V67/><F33/><W26/><G104/><T103/><D103/><U78/><E2/><V32/><F32/><W7/><G7/><T40/><D40/><U110/><E25/><V116/><F116/><W19/><G69/><T130/><D130/><U12/><E44/><V57/><F77/><W86/><G36/><T113/><D113/><U38/><E38/><V129/><F114/><W42/><G100/><T37/><D37/><U3/><E3/><V65/><F20/><W125/><G95/><T43/><D43/><N who="1" m="24703" /><E6/><V101/><F30/><W118/><G118/><T126/><D17/><U132/><E132/><V1/><F1/><W58/><G125/><T53/><D126/><U107/><E107/><V29/><F29/><W117/><G117/><T73/><D4/><U93/><E93/><V34/><F34/><W124/><G124/><T5/><D5/><U31/><E31/><V45/><F45/><W10/><G46/><T64/><D11/><U28/><E28/><V91/><F128/><W18/><G42/><T90/><D53/><U112/><E112/><V75/><F129/><W85/><G82/><N who="0" m="45423" /><D64/><N who="2" m="24650" /><F75/><W49/><G10/><T106/><D106/><U87/><E74/><V94/><F94/><W135/><G135/><T62/><D70/><U60/><E60/><V27/><F27/><RYUUKYOKU ba="0,0" sc="482,10,321,10,165,10,32,-30" hai0="16,23,24,62,68,80,84,88,89,90" hai1="12,15,61,66,71,78,81,87,108,110" hai2="8,14,51,55,57,91,92,97,101,102" /><INIT seed="1,1,0,2,0,5" ten="492,331,175,2" oya="1" hai0="100,29,96,1,38,91,64,41,122,27,26,134,33" hai1="53,130,61,72,55,13,124,135,30,0,117,25,126" hai2="116,40,24,106,3,92,127,86,43,113,105,129,11" hai3="52,47,110,8,21,89,15,99,109,88,31,48,46"/><U17/><E72/><V62/><F116/><W73/><G73/><T90/><D1/><U94/><E117/><V121/><F121/><W103/><G47/><T49/><D38/><U76/><E76/><V77/><F62/><W22/><G31/><T71/><D27/><U37/><E37/><V2/><F24/><W82/><G22/><T111/><D111/><N who="3" m="42505" /><G21/><T131/><D131/><U68/><E0/><V79/><F43/><W98/><G82/><T7/><D7/><U108/><E108/><V57/><F40/><W14/><G14/><T35/><D35/><N who="1" m="20943" /><E130/><V69/><F129/><W87/><G87/><T63/><D122/><U128/><E128/><V123/><F86/><W32/><G32/><T115/><D115/><U20/><E94/><V70/><F123/><W16/><G99/><T81/><D81/><U12/><E135/><V125/><F92/><AGARI ba="1,0" hai="8,15,16,46,48,52,88,89,92,98,103" m="42505" machi="92" ten="30,8000,1" yaku="14,1,52,1,54,3" doraHai="5" who="3" fromWho="2" sc="492,0,331,0,175,-83,2,83" /><INIT seed="2,0,0,3,2,107" ten="492,331,92,85" oya="2" hai0="29,117,5,104,4,116,41,112,98,12,134,87,32" hai1="75,30,69,83,65,64,97,45,90,51,13,111,106" hai2="63,15,48,76,19,109,34,94,36,125,55,24,11" hai3="49,54,18,99,129,92,74,33,91,77,67,57,1"/><V81/><F36/><W61/><G1/><T93/><D112/><U95/><E111/><V78/><F125/><W70/><G33/><T71/><D71/><U119/><E119/><N who="0" m="45641" /><D41/><U68/><E30/><V35/><F109/><W26/><G129/><T85/><D104/><U22/><E106/><V7/><F63/><W31/><G18/><T16/><D134/><U59/><E69/><V27/><F94/><W101/><G77/><T53/><D53/><U38/><E38/><V23/><F27/><W40/><G40/><T110/><D29/><U89/><E59/><V6/><F6/><N who="0" m="2666" /><D32/><U2/><E2/><V102/><F102/><W130/><G130/><T123/><D123/><U108/><E68/><V42/><F42/><W56/><G74/><T44/><D44/><U131/><E75/><V72/><F78/><W62/><G91/><N who="0" m="55615" /><D110/><U3/><E108/><V52/><REACH who="2" step="1"/><F55/><REACH who="2" ten="492,331,82,85" step="2"/><W103/><G62/><T86/><D12/><U9/><E131/><V118/><F118/><W132/><G132/><T50/><D50/><U133/><E133/><V100/><F100/><W20/><G70/><T121/><D121/><U128/><E128/><V80/><F80/><W88/><AGARI ba="0,1" hai="20,26,31,49,54,56,57,61,67,88,92,99,101,103" machi="88" ten="20,5200,0" yaku="0,1,7,1,8,1,54,1" doraHai="107" who="3" fromWho="3" sc="492,-13,331,-13,82,-26,85,62" /><INIT seed="3,0,0,2,3,106" ten="479,318,56,147" oya="3" hai0="128,87,18,125,102,40,60,74,134,21,20,65,89" hai1="108,73,1,25,11,28,121,38,22,81,135,90,17" hai2="57,29,54,26,132,77,34,133,78,30,0,85,44" hai3="96,62,32,130,7,99,117,58,47,6,53,84,105"/><W93/><G32/><T8/><D128/><U5/><E121/><V46/><F0/><W129/><G117/><T69/><D134/><N who="2" m="51818" /><F30/><W124/><G124/><T16/><D102/><U2/><E135/><V14/><F14/><W55/><G105/><T59/><D74/><U61/><E108/><V35/><F35/><W4/><G84/><T71/><D40/><U19/><E1/><V24/><F24/><W9/><G9/><T41/><D41/><U43/><E61/><N who="2" m="36023" /><F85/><W39/><G39/><T76/><D125/><U75/><E90/><V64/><F64/><W37/><G37/><T94/><D76/><AGARI ba="0,0" hai="26,29,34,44,46,76,77,78" m="36023,51818" machi="76" ten="30,1000,0" yaku="20,1" doraHai="106" who="2" fromWho="0" sc="479,-10,318,0,56,10,147,0" /><INIT seed="4,0,0,3,1,75" ten="469,318,66,147" oya="0" hai0="109,118,55,96,69,125,99,52,79,40,111,70,68" hai1="89,117,7,46,97,41,91,23,39,87,47,48,4" hai2="101,60,1,110,57,114,126,36,112,8,72,2,67" hai3="49,134,51,124,93,107,81,98,113,30,35,54,15"/><T29/><D118/><U121/><E117/><V132/><F110/><N who="0" m="41994" /><D29/><U43/><E121/><V77/><F36/><W129/><G113/><N who="2" m="43625" /><F126/><W92/><G124/><T131/><D125/><U3/><E3/><V6/><F101/><W0/><G0/><T83/><D40/><U13/><E97/><N who="0" m="37449" /><D131/><U76/><E91/><V105/><F105/><W33/><G107/><T10/><D10/><U63/><E63/><V65/><F132/><W120/><G35/><T44/><D44/><U66/><E66/><N who="2" m="39183" /><F1/><W103/><G33/><T122/><D122/><U95/><E23/><V28/><F28/><W24/><G30/><T11/><D11/><U71/><E71/><N who="0" m="18177" /><T21/><DORA hai="25" /><D21/><U56/><E56/><V32/><F32/><W64/><G120/><T59/><D59/><U31/><E31/><V100/><F100/><W106/><G103/><T9/><D9/><U5/><REACH who="1" step="1"/><E13/><REACH who="1" ten="469,308,66,147" step="2"/><V115/><N who="2" m="43633" /><V123/><DORA hai="104" /><F123/><W53/><G15/><T16/><D16/><U128/><E128/><V17/><F17/><W80/><G129/><T78/><D79/><AGARI ba="0,1" hai="4,5,7,39,41,43,46,47,48,76,79,87,89,95" machi="79" ten="40,5200,0" yaku="1,1,52,2,53,0" doraHai="75,25,104" doraHaiUra="130,61,26" who="1" fromWho="0" sc="469,-52,308,62,66,0,147,0" /><INIT seed="5,0,0,3,2,2" ten="417,370,66,147" oya="1" hai0="117,1,48,29,60,92,120,4,59,24,58,30,89" hai1="77,56,126,123,82,105,115,127,84,64,34,11,96" hai2="112,113,116,135,99,104,111,17,125,107,32,134,47" hai3="90,15,79,31,45,80,39,16,81,40,55,94,14"/><U76/><E123/><V121/><F32/><W28/><G55/><T83/><D117/><U71/><E34/><V20/><F47/><W41/><G41/><T52/><D83/><U72/><E71/><V10/><F116/><W42/><G40/><T70/><D70/><U54/><E64/><V5/><F111/><W51/><G39/><T98/><D120/><U74/><E115/><N who="2" m="44107" /><F121/><W78/><G14/><T53/><D1/><U106/><E11/><V114/><N who="2" m="44115" /><V102/><DORA hai="69" /><F125/><N who="1" m="47625" /><E96/><V100/><F100/><W21/><G80/><T27/><REACH who="0" step="1"/><D4/><REACH who="0" ten="407,370,66,147" step="2"/><U12/><E77/><N who="3" m="29194" /><G81/><T73/><D73/><U19/><E74/><V66/><F66/><W128/><G128/><T95/><D95/><U110/><E72/><V124/><F124/><W18/><G18/><T35/><D35/><U44/><E110/><V91/><F107/><W8/><G94/><T50/><D50/><N who="1" m="30807" /><E106/><V63/><F63/><W25/><G90/><T23/><D23/><N who="1" m="11751" /><E105/><V67/><F91/><W61/><G61/><T130/><D130/><U68/><E68/><V9/><F9/><W62/><G62/><T108/><D108/><U101/><E101/><V57/><F10/><W86/><G8/><T22/><D22/><U13/><E76/><V43/><F5/><W37/><G21/><T33/><D33/><U6/><E82/><V118/><F118/><W75/><G75/><T109/><D109/><U132/><E6/><V46/><F20/><W133/><G31/><AGARI ba="0,1" hai="24,27,29,30,31,48,52,53,58,59,60,89,92,98" machi="31" ten="40,8000,1" yaku="1,1,8,1,54,1,53,2" doraHai="2,69" doraHaiUra="49,129" who="0" fromWho="3" sc="407,90,370,0,66,0,147,-80" /><INIT seed="6,0,0,2,3,95" ten="497,370,66,67" oya="2" hai0="50,121,114,41,129,10,131,35,102,66,58,12,9" hai1="113,17,120,76,124,71,29,117,86,108,36,74,109" hai2="52,104,8,32,100,4,24,75,115,119,57,116,42" hai3="88,56,122,132,26,54,65,63,59,97,3,22,83"/><V84/><F75/><W99/><G3/><T111/><D35/><U51/><E36/><V25/><F115/><W126/><G126/><T61/><D121/><U89/><E71/><V55/><F42/><W6/><G6/><T130/><D114/><U15/><E113/><V46/><F46/><W33/><G33/><T127/><D111/><U47/><E120/><V110/><F110/><W82/><G132/><T78/><D78/><U94/><E124/><V53/><F57/><W133/><G133/><T48/><D127/><U87/><E74/><V40/><F40/><W80/><G122/><T38/><D102/><U70/><E70/><V92/><F104/><W21/><G21/><T93/><D93/><U69/><E69/><V34/><F34/><W85/><G80/><T19/><D10/><U67/><E67/><V105/><F105/><W134/><G82/><T79/><D79/><U20/><E29/><V77/><F32/><W68/><G68/><T72/><D72/><U27/><E117/><V16/><F119/><W5/><G5/><T91/><D91/><N who="1" m="53623" /><E76/><V28/><F116/><W7/><G7/><T0/><D0/><U14/><E109/><V49/><F49/><N who="3" m="30799" /><G134/><T39/><D50/><U123/><E108/><V23/><F77/><W60/><G60/><T45/><AGARI ba="0,0" hai="9,12,19,38,39,41,45,48,58,61,66,129,130,131" machi="45" ten="40,2700,0" yaku="0,1,19,1" doraHai="95" who="0" fromWho="0" sc="497,27,370,-7,66,-13,67,-7" /><INIT seed="7,0,0,2,4,57" ten="524,363,53,60" oya="3" hai0="56,43,45,1,32,115,22,124,99,103,12,87,127" hai1="53,58,20,89,65,15,129,42,60,14,55,68,21" hai2="113,110,76,70,10,66,82,38,104,59,49,27,18" hai3="51,111,125,11,78,54,116,108,101,52,100,36,33"/><W8/><G36/><T135/><D32/><U94/><E129/><V88/><F110/><N who="3" m="42027" /><G116/><T64/><D87/><N who="1" m="52543" /><E68/><V50/><F104/><W47/><G125/><T84/><D84/><U109/><E42/><V72/><F38/><W107/><G78/><T4/><D4/><U92/><E92/><V13/><F113/><W34/><G54/><N who="1" m="20490" /><E109/><V118/><F118/><W105/><G8/><T98/><D115/><U75/><E75/><V81/><F70/><W96/><G11/><T71/><D71/><U79/><E79/><V74/><F27/><W39/><G39/><T67/><D127/><U69/><E69/><V120/><F120/><W73/><G73/><T106/><D124/><U24/><E21/><V128/><F128/><W126/><G126/><T77/><D77/><U6/><E6/><V112/><F74/><W102/><G96/><T31/><D99/><U83/><E83/><V131/><F131/><W93/><G93/><T19/><D98/><U85/><E85/><N who="2" m="50223" /><F112/><W25/><G25/><T91/><D106/><AGARI ba="0,0" hai="33,34,47,51,52,100,101,102,105,106,107" m="42027" machi="106" ten="40,3900,0" yaku="10,1,54,1" doraHai="57" who="3" fromWho="0" sc="524,-39,363,0,53,0,60,39" /><INIT seed="7,1,0,2,0,16" ten="485,363,53,99" oya="3" hai0="54,60,135,123,103,64,133,49,130,114,2,113,21" hai1="51,102,62,48,126,46,131,65,107,55,36,17,74" hai2="68,108,12,58,91,88,26,25,44,39,11,77,9" hai3="45,80,116,70,86,119,1,28,99,112,67,129,19"/><W97/><G1/><T94/><D123/><U134/><E131/><V101/><F68/><W72/><G72/><T122/><D122/><U56/><E134/><N who="0" m="51209" /><D2/><U78/><E126/><V52/><F108/><W41/><G129/><T95/><D103/><U92/><E107/><V81/><F101/><W82/><G82/><T42/><D42/><U115/><E115/><N who="0" m="44041" /><D21/><U69/><E78/><V121/><F121/><W63/><G28/><T66/><D130/><U40/><E74/><V87/><F44/><W50/><G112/><T43/><D43/><U57/><E17/><N who="2" m="8335" /><F39/><W22/><G119/><T3/><D3/><U34/><E34/><V8/><F11/><W83/><G80/><T71/><D66/><U20/><E20/><V4/><F8/><W110/><G110/><T125/><D125/><U120/><E120/><V96/><F4/><W33/><G116/><T6/><D6/><U5/><E5/><V15/><F15/><W106/><G106/><T98/><D98/><U109/><E109/><V7/><F7/><W0/><G0/><T24/><D24/><N who="2" m="9322" /><F96/><W127/><G99/><T23/><D23/><U84/><E102/><V61/><AGARI ba="1,0" hai="52,58,61,77,81,87,88,91" m="9322,8335" machi="61" ten="30,4000,0" yaku="8,1,54,2" doraHai="16" who="2" fromWho="2" sc="485,-11,363,-11,53,43,99,-21" owari="474,57.4,352,15.2,96,-30.4,78,-42.2" /></mjloggm>