<mjloggm ver="2.3"><GO type="41" lobby="0"/><UN n0="%73%68%69%76%69%61%6E" n1="%E2%93%9D%4C%75%63%6B%79%4A" n2="%6D%6E%30%33%35%34%30" n3="%54%41%52%4F%42%4F%4F" dan="13,18,13,15" rate="1967.37,2202.80,1879.39,2019.14" sx="M,M,F,M"/><TAIKYOKU oya="0"/><INIT seed="0,0,0,5,4,134" ten="250,250,250,250" oya="0" hai0="99,13,30,83,32,102,112,19,26,28,18,101,67" hai1="95,82,106,96,88,131,47,87,81,122,108,90,16" hai2="104,77,65,119,51,85,0,46,135,94,41,7,75" hai3="35,72,56,60,43,2,66,5,1,24,10,93,98"/><T129/><D112/><U91/><E122/><V25/><F135/><W54/><G72/><T121/><D121/><U14/><E131/><V76/><F104/><W107/><G107/><T17/><D30/><U86/><E108/><V9/><F119/><W109/><G43/><T27/><D129/><U120/><E120/><V74/><F65/><W117/><G117/><T92/><D27/><U128/><E128/><V31/><F94/><W80/><G80/><T50/><D101/><U62/><E62/><V23/><REACH who="2" step="1"/><F85/><REACH who="2" ten="250,250,240,250" step="2"/><W45/><G66/><T114/><D67/><U133/><E133/><V20/><F20/><W38/><G93/><T130/><D130/><U40/><E106/><V111/><F111/><W49/><G109/><T48/><D114/><U69/><E69/><V11/><F11/><W3/><G10/><T100/><D100/><U113/><E113/><V68/><F68/><W118/><G118/><T124/><D83/><U55/><E55/><V61/><F61/><W59/><G60/><T127/><REACH who="0" step="1"/><D13/><REACH who="0" ten="240,250,240,250" step="2"/><U125/><E14/><V21/><F21/><W4/><G2/><T37/><D37/><U44/><E82/><V63/><F63/><W70/><G1/><T64/><D64/><U58/><E81/><V34/><F34/><W116/><G35/><T22/><D22/><U126/><E87/><V71/><F71/><W79/><G70/><T97/><D97/><U12/><E96/><V132/><F132/><W42/><G98/><T115/><D115/><U8/><E86/><V29/><F29/><W53/><G3/><T15/><D15/><U110/><E110/><RYUUKYOKU ba="0,2" sc="240,15,250,-15,240,15,250,-15" hai0="17,18,19,26,28,32,48,50,92,99,102,124,127" hai2="0,7,9,23,25,31,41,46,51,74,75,76,77" /><INIT seed="0,1,2,4,3,50" ten="255,235,255,235" oya="0" hai0="15,52,117,57,20,130,84,35,108,40,43,19,11" hai1="77,103,128,66,16,124,30,133,113,29,65,70,72" hai2="44,106,37,88,107,31,25,116,83,39,90,0,13" hai3="63,98,1,87,4,104,17,33,38,61,12,125,102"/><T110/><D117/><U42/><E70/><V58/><F0/><W9/><G38/><T55/><D35/><U96/><E72/><V127/><F116/><W71/><G125/><T123/><D123/><U23/><E77/><V105/><F13/><W64/><G33/><T34/><D34/><U129/><E42/><N who="0" m="15913" /><D57/><U119/><E133/><V95/><F127/><W80/><G64/><N who="1" m="24682" /><E113/><V85/><F44/><W22/><REACH who="3" step="1"/><G71/><REACH who="3" ten="255,235,255,225" step="2"/><T131/><D11/><U78/><E124/><V14/><F39/><W114/><G114/><T24/><D24/><N who="1" m="14439" /><E119/><V134/><F37/><W62/><G62/><T69/><D69/><U135/><E135/><V49/><F134/><W60/><G60/><T48/><D48/><U122/><E122/><V132/><F132/><W73/><G73/><T45/><D45/><U67/><E67/><V6/><F49/><W41/><G41/><T79/><D79/><AGARI ba="1,3" hai="1,4,9,12,17,22,61,63,79,80,87,98,102,104" machi="79" ten="30,2000,0" yaku="1,1,7,1,53,0" doraHai="50" doraHaiUra="118" who="3" fromWho="0" sc="255,-23,235,0,255,0,225,53" /><INIT seed="1,0,0,3,4,111" ten="232,235,255,278" oya="1" hai0="95,64,134,100,117,132,92,18,42,45,1,89,83" hai1="99,41,23,124,57,55,96,9,123,44,40,115,51" hai2="39,33,70,65,5,20,126,66,86,109,24,22,105" hai3="97,69,17,131,85,52,91,133,71,12,84,48,46"/><U36/><E123/><V54/><F109/><W25/><G133/><N who="0" m="51307" /><D117/><U47/><E124/><V125/><F105/><W56/><G131/><T79/><D1/><U19/><E9/><V101/><F101/><W58/><G71/><T93/><D100/><U59/><E115/><V6/><F39/><W43/><G69/><T38/><D18/><U120/><E120/><V76/><F33/><W63/><G25/><T88/><D64/><U2/><E2/><V7/><F54/><W8/><G58/><T102/><D102/><U13/><REACH who="1" step="1"/><E59/><REACH who="1" ten="232,225,255,278" step="2"/><V128/><F70/><W113/><G113/><T80/><D80/><U106/><E106/><V110/><F110/><W135/><G135/><T75/><AGARI ba="0,1" hai="38,42,45,75,79,83,88,89,92,93,95" m="51307" machi="75" ten="30,2000,0" yaku="20,1,54,1" doraHai="111" who="0" fromWho="0" sc="232,30,225,-10,255,-5,278,-5" /><INIT seed="2,0,0,3,1,96" ten="262,215,250,273" oya="2" hai0="42,109,114,102,68,6,91,104,116,86,46,79,99" hai1="75,65,92,15,101,37,103,8,135,87,113,100,31" hai2="117,48,90,74,110,2,36,72,51,85,41,52,24" hai3="98,134,35,120,62,3,93,57,77,10,95,124,56"/><V122/><F117/><W130/><G120/><T105/><D68/><U64/><E75/><V127/><F122/><W80/><G35/><T88/><D116/><U50/><E37/><V30/><F2/><W89/><G124/><T13/><D105/><U23/><E113/><V70/><F70/><W5/><G134/><T123/><D114/><U73/><E73/><V32/><F36/><W53/><G130/><T17/><D123/><U66/><E135/><V49/><F127/><W125/><G125/><T1/><D1/><U128/><E128/><V69/><F69/><W45/><G45/><T94/><D109/><U81/><E50/><V27/><F27/><W40/><G40/><T111/><D111/><U21/><E92/><V58/><F110/><W14/><G93/><T71/><D71/><U59/><E59/><V54/><F41/><W16/><G57/><T121/><D121/><U26/><E23/><V34/><F34/><W115/><G115/><T119/><D119/><U118/><E118/><V97/><F97/><W61/><G62/><T132/><D132/><U12/><REACH who="1" step="1"/><E8/><REACH who="1" ten="262,205,250,273" step="2"/><V22/><F32/><W84/><REACH who="3" step="1"/><G3/><REACH who="3" ten="262,205,250,263" step="2"/><T19/><D104/><U29/><E29/><V112/><F112/><W4/><AGARI ba="0,2" hai="4,5,10,14,16,53,56,61,77,80,84,89,95,98" machi="4" ten="30,8000,1" yaku="1,1,2,1,0,1,8,1,54,1,53,0" doraHai="96" doraHaiUra="63" who="3" fromWho="3" sc="262,-20,205,-20,250,-40,263,100" /><INIT seed="3,0,0,0,2,45" ten="242,185,210,363" oya="3" hai0="100,15,4,54,111,105,38,27,11,57,71,81,127" hai1="32,76,59,3,0,128,108,72,36,40,37,47,19" hai2="46,23,88,31,90,13,82,67,109,16,65,121,69" hai3="52,131,99,64,80,44,86,94,135,113,35,89,91"/><W55/><G35/><T85/><D71/><U92/><E128/><V130/><F109/><W25/><G113/><T29/><D38/><U124/><E108/><V93/><F130/><W104/><G135/><T118/><D118/><U106/><E92/><V97/><F69/><W68/><G131/><T2/><D111/><U122/><E19/><V7/><F7/><W96/><G25/><T78/><D127/><U39/><E59/><V98/><F31/><W83/><G64/><T87/><D87/><U5/><E122/><V95/><F121/><W110/><G68/><T79/><D2/><U34/><E106/><V112/><F112/><W43/><G110/><T41/><D41/><U119/><E119/><V60/><F60/><W48/><G83/><T129/><D129/><U114/><E124/><V115/><F115/><W51/><G104/><T21/><D100/><U132/><E132/><V133/><F133/><W6/><G6/><T77/><REACH who="0" step="1"/><D105/><REACH who="0" ten="232,185,210,363" step="2"/><U134/><E134/><V20/><F82/><W9/><G43/><T30/><D30/><U1/><E114/><V101/><F101/><W116/><G116/><T12/><D12/><U126/><E126/><V66/><F46/><N who="3" m="27671" /><G9/><AGARI ba="0,1" hai="9,13,16,20,23,65,66,67,88,90,93,95,97,98" machi="9" ten="40,8000,1" yaku="9,1,8,1,54,2" doraHai="45" who="2" fromWho="3" sc="232,0,185,0,210,90,363,-80" /><INIT seed="4,0,0,2,4,53" ten="232,185,300,283" oya="0" hai0="33,61,3,49,70,41,26,73,52,60,18,67,71" hai1="109,62,81,37,85,96,56,99,54,91,125,105,46" hai2="122,119,8,110,131,132,15,30,21,113,78,66,19" hai3="134,133,38,28,43,13,23,31,108,65,76,20,88"/><T2/><D73/><U14/><E109/><V98/><F122/><W111/><G76/><T4/><D41/><U27/><E125/><V107/><F110/><N who="3" m="42027" /><G43/><T39/><D39/><U24/><E37/><V87/><F119/><W120/><G65/><T58/><D4/><U79/><E105/><V100/><F113/><W106/><G106/><T16/><D33/><U124/><E124/><V129/><F66/><W40/><G40/><T25/><D67/><U12/><E46/><V114/><F114/><W36/><G120/><T7/><D7/><U92/><E99/><V97/><F97/><W95/><G38/><T63/><D70/><U59/><E27/><N who="0" m="10249" /><D71/><U47/><E47/><V80/><F132/><N who="3" m="50795" /><G36/><T93/><D3/><U86/><E24/><V22/><REACH who="2" step="1"/><F30/><REACH who="2" ten="232,185,290,283" step="2"/><N who="3" m="11307" /><G13/><T128/><D2/><U94/><REACH who="1" step="1"/><E59/><REACH who="1" ten="232,175,290,283" step="2"/><V34/><F34/><W123/><G123/><T89/><D128/><AGARI ba="0,2" hai="8,15,19,21,22,78,80,87,98,100,107,128,129,131" machi="128" ten="40,5200,0" yaku="1,1,19,1,53,1" doraHai="53" doraHaiUra="102" who="2" fromWho="0" sc="232,-52,175,0,290,72,283,0" /><INIT seed="5,0,0,1,0,134" ten="180,175,362,283" oya="1" hai0="59,124,14,57,64,22,15,58,55,96,116,10,16" hai1="123,125,98,108,71,99,9,6,1,113,44,12,5" hai2="94,105,77,19,28,85,74,93,52,118,45,131,4" hai3="0,79,89,31,114,95,101,25,50,48,128,82,49"/><U87/><E123/><V104/><F118/><W129/><G0/><T65/><D116/><U84/><E71/><V127/><F131/><N who="3" m="50251" /><G101/><T29/><D124/><U83/><E113/><V135/><F127/><W21/><G114/><T54/><D29/><U2/><E125/><V126/><F126/><W18/><G31/><T102/><D64/><U73/><E73/><V13/><F135/><W86/><G49/><T38/><D38/><U33/><E33/><V40/><F4/><W106/><G106/><T27/><D65/><U120/><E120/><V53/><F74/><AGARI ba="0,0" hai="18,21,25,48,50,74,79,82,86,89,95" m="50251" machi="74" ten="30,1000,0" yaku="19,1" doraHai="134" who="3" fromWho="2" sc="180,0,175,0,362,-10,283,10" /><INIT seed="6,0,0,0,5,0" ten="180,175,352,293" oya="2" hai0="32,112,74,3,123,75,11,46,124,111,37,84,102" hai1="19,93,131,76,130,2,25,100,21,44,62,14,9" hai2="47,132,20,45,113,109,86,133,71,51,26,61,6" hai3="10,80,81,42,60,24,79,122,134,54,8,57,118"/><V49/><F113/><W94/><G118/><T39/><D102/><U12/><E76/><V66/><F86/><W59/><G122/><T77/><D84/><U13/><E62/><V68/><F6/><W126/><G134/><N who="2" m="51817" /><F20/><W103/><G126/><T110/><D11/><U65/><E65/><V78/><F26/><W16/><G42/><T129/><D46/><N who="2" m="17418" /><F78/><W17/><G59/><T70/><D77/><U85/><E44/><V104/><F104/><W22/><G17/><T116/><D75/><U119/><E119/><V127/><F127/><W23/><G23/><T114/><D39/><U120/><E120/><V31/><F31/><W73/><G80/><T128/><D114/><U69/><E69/><N who="2" m="42191" /><F109/><W97/><AGARI ba="0,0" hai="8,10,16,22,24,54,57,60,73,79,81,94,97,103" machi="97" ten="30,2000,0" yaku="0,1,54,1" doraHai="0" who="3" fromWho="3" sc="180,-5,175,-5,352,-10,293,20" /><INIT seed="7,0,0,0,1,98" ten="175,170,342,313" oya="3" hai0="9,4,115,94,48,57,30,124,16,129,63,128,80" hai1="39,50,8,28,117,37,46,87,15,0,33,84,12" hai2="19,52,58,22,61,100,11,18,67,56,72,55,121" hai3="89,130,120,132,93,23,108,88,74,24,90,107,91"/><W106/><G120/><T113/><D30/><U95/><E0/><V47/><F72/><W109/><G74/><T49/><D124/><U60/><E39/><V123/><F100/><W53/><G130/><N who="0" m="50283" /><D16/><U111/><E37/><V25/><F47/><W104/><G132/><T134/><D94/><U83/><E111/><N who="3" m="42570" /><G53/><N who="0" m="34223" /><D80/><U5/><E117/><V38/><F38/><W51/><G51/><N who="0" m="19531" /><D134/><U101/><E33/><V69/><F11/><W21/><G24/><T99/><D99/><AGARI ba="0,0" hai="21,23,88,89,90,91,93,99,104,106,107" m="42570" machi="99" ten="40,3900,0" yaku="10,1,54,1" doraHai="98" who="3" fromWho="0" sc="175,-39,170,0,342,0,313,39" owari="136,-36.4,170,-23.0,342,14.2,352,45.2" /></mjloggm>