<mjloggm ver="2.3"><GO type="41" lobby="0"/><UN n0="%E3%83%8E%E3%82%AA%E3%83%81%E3%83%A3%E3%83%99%E3%82%B9" n1="%50%75%6B%6F%4E%75%6B%6F" n2="%E2%93%9D%4C%75%63%6B%79%4A" n3="%E7%89%A7%E7%AC%9B" dan="15,13,17,13" rate="2097.73,1842.16,2181.97,1975.09" sx="M,M,M,M"/><TAIKYOKU oya="0"/><INIT seed="0,0,0,4,3,27" ten="250,250,250,250" oya="0" hai0="93,45,25,65,100,18,35,64,124,51,14,117,19" hai1="96,98,128,103,71,42,46,83,95,110,63,133,76" hai2="129,107,102,90,34,118,92,123,72,37,127,125,3" hai3="20,86,49,135,4,82,32,40,31,89,94,114,47"/><T121/><D117/><U26/><E128/><V109/><RYUUKYOKU type="yao9" ba="0,0" sc="250,0,250,0,250,0,250,0" hai2="3,34,37,72,90,92,102,107,109,118,123,125,127,129" /><INIT seed="0,1,0,5,2,120" ten="250,250,250,250" oya="0" hai0="12,104,22,8,84,11,17,21,111,61,43,13,45" hai1="23,133,58,117,62,16,57,122,33,56,1,118,34" hai2="70,123,113,73,88,132,110,100,63,87,36,112,41" hai3="134,93,7,121,91,35,86,82,67,126,77,19,6"/><T106/><D111/><U130/><E122/><V38/><F123/><W48/><G121/><T78/><D61/><U128/><E1/><V24/><F73/><W3/><G35/><T47/><D78/><U135/><E62/><V60/><F100/><W28/><G28/><T114/><D84/><U10/><E10/><V99/><F99/><W71/><G134/><N who="1" m="51210" /><E34/><V115/><F132/><W2/><G126/><T20/><D114/><U0/><E0/><V101/><F101/><W89/><G71/><T15/><D17/><U26/><E33/><V55/><F41/><W72/><G67/><T18/><D18/><U92/><E92/><V124/><F124/><W102/><G3/><T98/><D98/><U81/><E81/><V59/><F110/><W83/><G2/><T53/><D53/><U39/><E39/><V74/><F38/><W129/><G82/><T54/><D54/><U103/><E103/><V51/><F36/><W109/><G102/><T66/><D66/><U79/><E79/><V50/><F63/><W97/><G77/><T107/><REACH who="0" step="1"/><D43/><REACH who="0" ten="240,250,250,250" step="2"/><U64/><E64/><V80/><F115/><W65/><G65/><T95/><D95/><U76/><E76/><V14/><F113/><W125/><G93/><T52/><D52/><U5/><E5/><V131/><F112/><W37/><G7/><T25/><D25/><U108/><E108/><V127/><F24/><W4/><G109/><T29/><D29/><U94/><E94/><V119/><F60/><W40/><G97/><T31/><D31/><U42/><E42/><V30/><F30/><W32/><G40/><RYUUKYOKU ba="1,1" sc="240,15,250,15,250,-15,250,-15" hai0="8,11,12,13,15,20,21,22,45,47,104,106,107" hai1="16,23,26,56,57,58,117,118,128,130" /><INIT seed="0,2,1,3,2,131" ten="255,265,235,235" oya="0" hai0="65,0,69,85,116,121,11,42,32,122,62,43,101" hai1="38,44,21,93,97,52,105,100,108,59,18,7,68" hai2="119,83,64,19,40,86,134,48,109,33,23,78,77" hai3="10,39,95,58,63,123,3,130,1,29,107,112,61"/><T128/><D32/><U51/><E68/><V45/><F33/><W84/><G107/><T57/><D101/><U118/><E118/><V26/><F119/><W4/><G112/><T91/><D116/><U9/><E108/><V28/><F109/><W103/><G39/><T111/><D111/><U25/><E105/><V72/><F64/><W70/><G130/><T102/><D102/><U75/><E75/><V13/><F72/><W5/><G29/><T41/><D128/><U54/><E38/><V110/><F110/><W27/><G27/><T124/><D124/><U79/><E79/><V66/><F66/><W16/><G70/><T98/><D98/><U14/><E59/><V92/><F92/><W24/><G123/><T60/><D11/><U71/><REACH who="1" step="1"/><E71/><REACH who="1" ten="255,255,235,235" step="2"/><V127/><F78/><W81/><G58/><T126/><D126/><U49/><E49/><V8/><F127/><W114/><G114/><T132/><D121/><U74/><E74/><V80/><F83/><W6/><G81/><T133/><D122/><U76/><E76/><V35/><F35/><W36/><G36/><T115/><D115/><U113/><E113/><V90/><F77/><W129/><G129/><T125/><D125/><U99/><E99/><V12/><F134/><N who="0" m="51818" /><D0/><U2/><E2/><V104/><F104/><W15/><G3/><T117/><D117/><U47/><E47/><V87/><F87/><W31/><G1/><T67/><D85/><U56/><E56/><V30/><F8/><W22/><G84/><T50/><D50/><U46/><E46/><V106/><F106/><W96/><AGARI ba="2,2" hai="4,5,6,10,15,16,22,24,31,61,63,95,96,103" machi="96" ten="30,7900,0" yaku="5,1,0,1,8,1,54,1" doraHai="131" who="3" fromWho="3" sc="255,-41,255,-22,235,-22,235,105" /><BYE who="3" /><UN n3="%E7%89%A7%E7%AC%9B" /><INIT seed="1,0,0,3,3,78" ten="214,233,213,340" oya="1" hai0="54,6,5,84,123,74,109,8,29,117,36,41,118" hai1="19,133,10,22,11,14,134,98,9,92,52,119,110" hai2="80,38,105,95,127,51,97,113,65,17,101,53,111" hai3="0,72,64,18,82,31,34,37,58,50,63,108,130"/><U57/><E119/><V81/><F38/><W30/><G0/><T45/><D74/><U75/><E75/><V39/><F39/><W129/><G37/><T66/><D66/><U85/><E110/><V59/><F111/><W90/><G108/><T32/><D6/><U115/><E115/><V70/><F113/><W116/><G116/><T1/><D109/><U48/><E98/><V49/><F127/><W104/><G104/><T88/><D123/><U7/><E7/><V126/><F126/><W28/><G34/><T76/><D76/><U100/><E100/><V33/><F33/><W25/><G25/><T12/><D1/><U125/><E125/><V26/><F105/><W61/><G18/><T120/><D120/><U93/><E93/><V71/><F51/><W96/><G96/><T24/><REACH who="0" step="1"/><D54/><REACH who="0" ten="204,233,213,340" step="2"/><U132/><REACH who="1" step="1"/><E9/><REACH who="1" ten="204,223,213,340" step="2"/><V94/><F101/><W135/><G130/><T2/><D2/><U42/><E42/><V128/><F128/><W122/><G129/><T103/><D103/><U3/><E3/><V35/><F97/><W107/><G122/><T83/><AGARI ba="0,2" hai="5,8,12,24,29,32,36,41,45,83,84,88,117,118" machi="83" ten="20,12000,2" yaku="1,1,0,1,7,1,52,1,54,1,53,1" doraHai="78" doraHaiUra="43" who="0" fromWho="0" sc="204,140,223,-60,213,-30,340,-30" /><INIT seed="2,0,0,2,5,103" ten="344,163,183,310" oya="2" hai0="26,113,130,64,61,32,93,10,47,35,44,102,75" hai1="118,119,6,128,79,80,2,49,58,18,37,52,5" hai2="71,114,120,85,134,53,42,30,22,70,100,124,117" hai3="88,56,48,25,17,107,63,109,4,24,87,20,115"/><V135/><F114/><W8/><G107/><T90/><D75/><U9/><E37/><V33/><F22/><W27/><G115/><T38/><D130/><U99/><E128/><V129/><F129/><W104/><G109/><T112/><D102/><U106/><E5/><V46/><F85/><W77/><G77/><T54/><D10/><U68/><E68/><N who="2" m="26155" /><F30/><W67/><G104/><T98/><D35/><U62/><E18/><V116/><F100/><W16/><G17/><T3/><D3/><U34/><E34/><V50/><F33/><W83/><G48/><T91/><D91/><U94/><E106/><V66/><F66/><W101/><REACH who="3" step="1"/><G101/><REACH who="3" ten="344,163,183,300" step="2"/><T125/><D113/><U12/><E49/><N who="2" m="26839" /><F120/><W1/><AGARI ba="0,1" hai="1,4,8,16,20,24,25,27,56,63,67,83,87,88" machi="1" ten="20,12000,2" yaku="1,1,0,1,7,1,54,2,53,1" doraHai="103" doraHaiUra="84" who="3" fromWho="3" sc="344,-30,163,-30,183,-60,300,130" /><INIT seed="3,0,0,3,0,11" ten="314,133,123,430" oya="3" hai0="1,34,98,37,49,30,17,99,110,15,125,50,23" hai1="82,2,78,67,117,6,93,44,35,57,91,105,8" hai2="61,118,31,21,38,104,114,83,88,16,68,12,133" hai3="95,66,124,48,10,51,63,130,76,86,13,121,74"/><W92/><G121/><T73/><D37/><U28/><E105/><V52/><F114/><W25/><G130/><T75/><D110/><U69/><E69/><V5/><F118/><W90/><G124/><T134/><D134/><U109/><E117/><V79/><F38/><W41/><G25/><T56/><D1/><U33/><E109/><V55/><F104/><W60/><G60/><T59/><D34/><U72/><E44/><V115/><F115/><W54/><G41/><T14/><D30/><U65/><E57/><V107/><F107/><W113/><G113/><T81/><D81/><U27/><REACH who="1" step="1"/><E35/><REACH who="1" ten="314,123,123,430" step="2"/><V47/><F47/><W87/><G74/><T96/><D125/><U84/><AGARI ba="0,1" hai="2,6,8,27,28,33,65,67,72,78,82,84,91,93" machi="84" ten="20,8000,1" yaku="1,1,2,1,0,1,7,1,53,1" doraHai="11" doraHaiUra="89" who="1" fromWho="1" sc="314,-20,123,90,123,-20,430,-40" /><INIT seed="4,0,0,3,2,6" ten="294,213,103,390" oya="0" hai0="37,5,35,121,116,85,12,126,60,56,132,1,26" hai1="130,83,42,58,89,9,106,128,17,90,77,97,79" hai2="68,10,36,46,2,118,98,28,107,134,39,19,100" hai3="124,41,114,62,94,108,43,33,70,127,71,119,61"/><T27/><D37/><U30/><E30/><V0/><F134/><W67/><G33/><T7/><D116/><U103/><E42/><N who="3" m="15882" /><G94/><T64/><D132/><U104/><E58/><V45/><F68/><W66/><G119/><T99/><D35/><U81/><E17/><V51/><F118/><W31/><G31/><T20/><D1/><U69/><E69/><V96/><F28/><W131/><G108/><T73/><D73/><U111/><E111/><V55/><F98/><W23/><G23/><T13/><D126/><N who="3" m="48169" /><G114/><T47/><D47/><U49/><E49/><V101/><F101/><W24/><G24/><T82/><D99/><U84/><E9/><V44/><F2/><W38/><G38/><T63/><D63/><N who="3" m="24073" /><G131/><N who="1" m="50218" /><E106/><V25/><F39/><W8/><G8/><N who="0" m="4111" /><D7/><U88/><E90/><V125/><F36/><W32/><G32/><T87/><D13/><U57/><E57/><V117/><F125/><W115/><G115/><T133/><D133/><U52/><E52/><V113/><F113/><W92/><G92/><T29/><D27/><U3/><E3/><V123/><F117/><W21/><G21/><T72/><D20/><U34/><E34/><V59/><F0/><W48/><G48/><T80/><D26/><U40/><E40/><V95/><F25/><W53/><G53/><T86/><D29/><U75/><AGARI ba="0,0" hai="75,77,79,81,83,84,88,89,97,103,104" m="50218" machi="75" ten="30,7900,0" yaku="19,1,34,2,54,1" doraHai="6" who="1" fromWho="1" sc="294,-39,213,79,103,-20,390,-20" /><INIT seed="5,0,0,3,1,15" ten="255,292,83,370" oya="1" hai0="103,105,46,112,90,3,10,51,68,35,19,59,82" hai1="88,47,128,25,129,4,92,108,85,28,0,125,22" hai2="73,98,52,84,71,61,95,60,48,29,24,97,67" hai3="96,109,70,55,33,53,81,50,106,16,113,65,6"/><U132/><E108/><V121/><F121/><W21/><G109/><T100/><D68/><U5/><E132/><V2/><F73/><W111/><G111/><T131/><D35/><U41/><E125/><V124/><F124/><W94/><G106/><T11/><D59/><U75/><E75/><V31/><F2/><W110/><G113/><T1/><D112/><U37/><REACH who="1" step="1"/><E0/><REACH who="1" ten="255,282,83,370" step="2"/><V23/><F61/><W32/><G110/><T7/><D3/><U45/><E45/><V76/><F31/><W130/><G130/><AGARI ba="0,1" hai="4,5,22,25,28,37,41,47,85,88,92,128,129,130" machi="130" ten="40,12000,1" yaku="1,1,19,1,54,1,53,1" doraHai="15" doraHaiUra="86" who="1" fromWho="3" sc="255,0,282,130,83,0,370,-120" /><INIT seed="5,1,0,1,5,111" ten="255,412,83,250" oya="1" hai0="73,30,58,131,49,37,76,12,112,57,86,17,101" hai1="27,55,87,100,94,61,48,127,16,62,14,102,23" hai2="80,117,123,63,60,7,9,119,69,133,134,54,47" hai3="2,36,124,103,125,11,126,43,84,56,3,45,97"/><U70/><E127/><V24/><F24/><W40/><G84/><T132/><D37/><U90/><E70/><V64/><F9/><W29/><G43/><T10/><D73/><U98/><E27/><V130/><F7/><W128/><G128/><T0/><D131/><U104/><REACH who="1" step="1"/><E100/><REACH who="1" ten="255,402,83,250" step="2"/><V33/><F130/><W81/><G103/><T13/><D101/><U34/><E34/><V114/><F33/><W92/><G124/><T25/><D25/><U32/><E32/><V116/><F123/><W96/><G125/><T8/><D30/><U74/><E74/><V82/><F82/><W110/><G29/><T135/><D0/><U91/><E91/><V77/><F80/><W42/><G81/><T50/><D76/><U19/><E19/><V109/><F77/><W35/><G126/><T122/><D17/><U26/><E26/><V95/><F109/><W21/><G35/><T67/><D122/><U59/><AGARI ba="1,1" hai="14,16,23,48,55,59,61,62,87,90,94,98,102,104" machi="59" ten="20,18000,2" yaku="1,1,0,1,7,1,25,2,54,1,53,0" doraHai="111" doraHaiUra="66" who="1" fromWho="1" sc="255,-61,402,193,83,-61,250,-61" /><INIT seed="5,2,0,0,0,63" ten="194,595,22,189" oya="1" hai0="95,131,61,65,127,15,120,89,98,115,30,87,38" hai1="96,49,4,109,17,99,45,101,27,81,25,59,128" hai2="133,40,135,7,12,22,103,126,124,6,71,14,105" hai3="16,54,130,0,31,20,37,36,56,46,44,122,8"/><U119/><E119/><V19/><F40/><W123/><G130/><T82/><D38/><U74/><E4/><N who="2" m="1579" /><F103/><W26/><G122/><T106/><D131/><U60/><E128/><V84/><F84/><W86/><G123/><T80/><D120/><U29/><E109/><V100/><F100/><W21/><G0/><T39/><D39/><U104/><E99/><V114/><F71/><W67/><G8/><T35/><D15/><N who="2" m="5674" /><F105/><W13/><G86/><T43/><D43/><U23/><E74/><V1/><F1/><W52/><G37/><T85/><D85/><U83/><E45/><N who="3" m="17514" /><G36/><T121/><D121/><U108/><E49/><V28/><F28/><W42/><G42/><T76/><D82/><U33/><E108/><V125/><F114/><W92/><G92/><T24/><D115/><U117/><E117/><V53/><F53/><AGARI ba="2,0" hai="17,23,25,27,29,33,53,59,60,81,83,96,101,104" machi="53" ten="30,1500,0" yaku="7,1" doraHai="63" who="1" fromWho="2" sc="194,0,595,21,22,-21,189,0" /><INIT seed="5,3,0,2,3,115" ten="194,616,1,189" oya="1" hai0="84,71,5,25,123,70,78,127,125,75,48,56,83" hai1="95,69,114,100,112,45,6,89,102,17,0,124,36" hai2="35,121,86,135,14,4,104,118,119,99,107,33,52" hai3="87,13,93,16,73,113,122,126,72,21,106,43,66"/><U28/><E69/><V32/><F121/><W31/><G106/><N who="2" m="40489" /><F86/><W129/><G122/><T49/><D123/><U29/><E0/><V91/><F91/><W9/><G113/><N who="1" m="43626" /><E6/><V62/><F14/><W20/><G126/><N who="0" m="48139" /><D5/><U39/><E124/><V61/><F4/><W131/><G43/><T22/><D84/><N who="1" m="52647" /><E17/><V103/><F99/><W42/><G42/><T3/><D3/><U94/><E45/><V85/><F85/><W58/><G87/><T57/><D57/><U41/><E41/><V117/><F103/><N who="1" m="39465" /><E94/><V76/><F76/><W55/><G93/><T109/><D56/><U128/><E128/><N who="3" m="49226" /><G66/><T54/><D54/><U59/><E59/><V44/><F44/><W77/><G77/><T98/><D98/><U82/><E82/><V79/><F79/><W10/><G10/><T111/><D71/><U108/><E108/><N who="0" m="41545" /><D70/><U23/><E23/><N who="3" m="8778" /><G31/><AGARI ba="3,0" hai="22,25,31,48,49,75,78,83" m="41545,48139" machi="31" ten="30,1000,0" yaku="18,1" doraHai="115" who="0" fromWho="3" sc="194,19,616,0,1,0,189,-19" /><AGARI ba="3,0" hai="28,29,31,36,39" m="39465,52647,43626" machi="31" ten="30,1500,0" yaku="15,1" doraHai="115" who="1" fromWho="3" sc="213,0,616,15,1,0,170,-15" /><INIT seed="5,4,0,0,3,23" ten="213,631,1,155" oya="1" hai0="75,50,24,78,52,32,0,16,86,43,63,91,107" hai1="20,48,71,57,77,42,61,81,49,125,59,26,3" hai2="101,134,98,21,2,74,116,56,28,80,118,87,41" hai3="33,12,45,93,31,36,17,69,40,117,130,90,92"/><U68/><E3/><V9/><F41/><W126/><G69/><T94/><D0/><U82/><E125/><V73/><F56/><W104/><G126/><T102/><D43/><U119/><E119/><V95/><F9/><W103/><G130/><T30/><D63/><U106/><E106/><V54/><F54/><W72/><G72/><N who="2" m="27753" /><F21/><W29/><G117/><N who="2" m="45161" /><F28/><W112/><G112/><T18/><D107/><U96/><E71/><V123/><F2/><W83/><G83/><T14/><D102/><U100/><E81/><V8/><F8/><W25/><G31/><T122/><D122/><U109/><E68/><V64/><F64/><W65/><G65/><T19/><D78/><U105/><E59/><V6/><F6/><W51/><G36/><T58/><D75/><U127/><E42/><V76/><F134/><W27/><G27/><T89/><D89/><U121/><E49/><V66/><F66/><W124/><G124/><T60/><D60/><U129/><E127/><V131/><F131/><W10/><REACH who="3" step="1"/><G90/><REACH who="3" ten="213,631,1,145" step="2"/><T111/><D111/><U38/><E109/><V70/><F70/><W114/><G114/><T4/><D4/><U39/><E38/><V1/><F1/><W99/><AGARI ba="4,1" hai="10,12,17,25,29,33,40,45,51,92,93,99,103,104" machi="99" ten="30,7900,0" yaku="1,1,0,1,52,1,53,1" doraHai="23" doraHaiUra="44" who="3" fromWho="3" sc="213,-24,631,-43,1,-24,145,101" owari="189,-21.1,588,68.8,-23,-52.3,246,4.6" /></mjloggm>