<mjloggm ver="2.3"><GO type="41" lobby="0"/><UN n0="%E5%8D%81%E4%B8%89%E4%B8%8D%E5%A1%94%32" n1="%61%62%6F%26%79%75" n2="%63%68%75%6E%73%68%61" n3="%E2%93%9D%4C%75%63%6B%79%4A" dan="15,15,18,18" rate="1951.07,1932.73,2127.77,2218.20" sx="M,M,M,M"/><TAIKYOKU oya="0"/><INIT seed="0,0,0,3,1,35" ten="250,250,250,250" oya="0" hai0="31,129,71,78,27,41,119,81,92,18,130,43,80" hai1="94,24,47,100,28,89,85,101,115,63,55,11,103" hai2="65,126,34,1,133,19,69,15,67,73,97,88,108" hai3="77,91,98,51,76,64,40,62,124,57,50,30,120"/><T70/><D119/><U22/><E115/><V2/><F73/><W37/><G30/><T36/><D18/><U38/><E38/><V82/><F34/><W59/><G124/><T16/><D92/><U60/><E11/><V10/><F108/><W25/><G120/><T109/><D109/><U114/><REACH who="1" step="1"/><E114/><REACH who="1" ten="250,240,250,250" step="2"/><V9/><F126/><W32/><G37/><T14/><D36/><U84/><E84/><V20/><F9/><W61/><G51/><AGARI ba="0,1" hai="22,24,28,47,51,55,60,63,85,89,94,100,101,103" machi="51" ten="40,5200,0" yaku="1,1,8,1,53,1" doraHai="35" doraHaiUra="87" who="1" fromWho="3" sc="250,0,240,62,250,0,250,-52" /><INIT seed="1,0,0,3,4,57" ten="250,302,250,198" oya="1" hai0="33,101,122,71,131,65,127,78,93,90,55,125,134" hai1="10,62,43,106,123,94,2,27,44,37,45,15,32" hai2="3,135,64,105,29,1,5,18,47,79,116,129,128" hai3="86,54,19,22,0,132,26,77,48,9,110,117,88"/><U133/><E106/><V53/><F105/><W30/><G132/><T34/><D134/><U112/><E112/><V73/><F135/><W6/><G110/><T23/><D131/><N who="2" m="50250" /><F64/><W85/><G117/><T96/><D122/><U80/><E2/><N who="2" m="523" /><F79/><W4/><G77/><T104/><D78/><U119/><E119/><V69/><F69/><W41/><G41/><T13/><D55/><U35/><E123/><V89/><F73/><W108/><G108/><T17/><D65/><U60/><E133/><V46/><F5/><W84/><G6/><T109/><D109/><U42/><E80/><V8/><F29/><W126/><G126/><N who="0" m="48139" /><D71/><U58/><E58/><V67/><F67/><W51/><G30/><T100/><D100/><U24/><E94/><V38/><F38/><W36/><G36/><T56/><D56/><U75/><E75/><V98/><F53/><W39/><G39/><T7/><D7/><U81/><E81/><V115/><F115/><W59/><REACH who="3" step="1"/><G51/><REACH who="3" ten="250,302,250,188" step="2"/><T61/><D34/><U25/><E35/><V130/><F130/><W16/><G16/><T74/><D33/><U95/><E32/><V121/><F116/><W124/><G124/><T31/><D31/><U70/><E70/><V20/><F121/><W14/><G14/><T40/><D40/><N who="1" m="15403" /><E37/><V103/><F18/><W72/><G72/><T52/><D74/><U97/><E15/><V83/><F20/><W99/><G99/><N who="0" m="61503" /><D52/><U11/><E10/><V120/><F8/><W66/><G66/><T21/><D21/><U49/><E11/><V111/><F111/><W92/><AGARI ba="0,1" hai="0,4,9,19,22,26,48,54,59,84,85,86,88,92" machi="92" ten="20,5200,0" yaku="1,1,0,1,7,1,54,1,53,0" doraHai="57" doraHaiUra="76" who="3" fromWho="3" sc="250,-13,302,-26,250,-13,188,62" /><INIT seed="2,0,0,0,0,111" ten="237,276,237,250" oya="2" hai0="53,81,67,15,65,124,94,47,76,19,110,113,107" hai1="93,35,20,99,85,88,95,59,106,100,104,87,132" hai2="33,30,45,130,96,119,17,105,109,97,75,49,127" hai3="89,41,39,118,43,51,92,27,91,24,126,102,114"/><V29/><F119/><W48/><G118/><T120/><D120/><U4/><E35/><V125/><F75/><W38/><G92/><T70/><D107/><N who="1" m="41003" /><E4/><V56/><F109/><W78/><G78/><T79/><D110/><U58/><E20/><V37/><F130/><W2/><G102/><T101/><D124/><N who="2" m="47690" /><F37/><W28/><G126/><T11/><D113/><U54/><E54/><N who="2" m="29999" /><F33/><W117/><G117/><T46/><D70/><U103/><E58/><V16/><F56/><W50/><G51/><T18/><D79/><U74/><E59/><V98/><F105/><W26/><G27/><T68/><D68/><U73/><E132/><V34/><F34/><W7/><G7/><T66/><D19/><AGARI ba="0,0" hai="16,17,19,29,30,96,97,98" m="29999,47690" machi="19" ten="30,2900,0" yaku="18,1,54,1" doraHai="111" who="2" fromWho="0" sc="237,-29,276,0,237,29,250,0" /><INIT seed="2,1,0,3,3,1" ten="208,276,266,250" oya="2" hai0="126,90,49,32,50,128,88,34,98,116,12,92,121" hai1="96,57,28,130,27,26,135,54,3,7,129,75,40" hai2="122,131,72,46,61,38,20,17,44,16,118,39,97" hai3="42,66,79,63,11,106,115,8,56,51,94,113,111"/><V13/><F118/><W4/><G106/><T104/><D121/><U82/><E40/><V107/><F122/><W89/><G79/><T9/><D104/><U45/><E135/><V105/><F72/><W112/><G111/><T30/><D128/><N who="1" m="49259" /><E45/><V15/><F131/><W69/><G11/><T93/><D126/><U100/><E75/><V91/><F61/><W76/><G76/><T78/><D78/><U127/><E82/><V25/><F25/><W77/><G77/><T23/><D116/><U86/><E86/><V62/><F62/><W53/><G42/><T108/><D108/><U133/><E133/><V36/><F91/><W67/><G67/><T81/><D81/><U65/><E65/><V19/><F19/><W35/><G35/><T10/><D30/><U47/><E47/><V21/><REACH who="2" step="1"/><F107/><REACH who="2" ten="208,276,256,250" step="2"/><W5/><REACH who="3" step="1"/><G8/><REACH who="3" ten="208,276,256,240" step="2"/><T87/><D10/><N who="1" m="2431" /><E127/><V64/><F64/><W123/><G123/><T31/><D9/><U95/><E28/><V84/><F84/><AGARI ba="1,2" hai="4,5,51,53,56,63,66,69,84,89,94,112,113,115" machi="84" ten="40,8000,1" yaku="1,1,11,1,52,2,53,0" doraHai="1" doraHaiUra="37" who="3" fromWho="2" sc="208,0,276,0,256,-83,240,103" /><INIT seed="3,0,0,2,2,43" ten="208,276,173,343" oya="3" hai0="115,109,30,58,17,89,127,102,132,32,52,62,79" hai1="14,119,53,20,9,16,3,24,105,70,99,93,1" hai2="49,4,36,65,100,114,74,11,15,124,63,76,57" hai3="55,110,73,28,23,2,80,48,111,21,122,10,22"/><W29/><G73/><T61/><D109/><N who="3" m="41481" /><G80/><T31/><D127/><U97/><E119/><V131/><F36/><W56/><G122/><T121/><D121/><U37/><E37/><V83/><F114/><W104/><G104/><T116/><D116/><U91/><E70/><V7/><F124/><W117/><G117/><T12/><D132/><U98/><E105/><V129/><F100/><W101/><G101/><T135/><D135/><U19/><REACH who="1" step="1"/><E53/><REACH who="1" ten="208,266,173,343" step="2"/><V44/><REACH who="2" step="1"/><F4/><AGARI ba="0,1" hai="2,4,10,21,22,23,28,29,48,55,56" m="41481" machi="4" ten="30,2900,0" yaku="14,1,10,1" doraHai="43" who="3" fromWho="2" sc="208,0,266,0,173,-29,343,39" /><INIT seed="3,1,0,0,0,31" ten="208,266,144,382" oya="3" hai0="59,123,52,19,28,58,94,48,7,129,43,70,61" hai1="26,84,60,82,66,69,79,91,116,119,2,71,12" hai2="100,76,38,90,56,72,53,124,104,21,118,77,15" hai3="34,23,105,51,78,88,64,32,95,40,74,131,126"/><W111/><G105/><T133/><D123/><U103/><E2/><V96/><F118/><W125/><G64/><T93/><D133/><U1/><E1/><V65/><F38/><W10/><G23/><T132/><D132/><U9/><E103/><V98/><F124/><N who="3" m="47723" /><G131/><T127/><D127/><U30/><E71/><V63/><F72/><W18/><G111/><T112/><D112/><U57/><E69/><V120/><F120/><W75/><G78/><T44/><D129/><U49/><E49/><V113/><F113/><W25/><G25/><T121/><D121/><U8/><E79/><V67/><F67/><W110/><G110/><T85/><D70/><U42/><E42/><V37/><F37/><W89/><G89/><T73/><D73/><N who="3" m="27657" /><G18/><T106/><D106/><U117/><REACH who="1" step="1"/><E12/><REACH who="1" ten="208,256,144,382" step="2"/><V128/><F128/><W97/><G10/><T0/><D43/><U114/><E114/><V5/><F76/><W55/><G40/><T102/><D0/><U99/><E99/><V14/><F77/><W115/><G115/><T83/><D102/><U35/><AGARI ba="1,1" hai="8,9,26,30,35,57,60,66,82,84,91,116,117,119" machi="35" ten="30,7900,0" yaku="1,1,0,1,12,1,52,1,53,0" doraHai="31" doraHaiUra="45" who="1" fromWho="1" sc="208,-21,256,92,144,-21,382,-40" /><INIT seed="4,0,0,4,5,73" ten="187,348,123,342" oya="0" hai0="117,14,116,109,124,29,103,33,92,22,54,108,102" hai1="133,120,57,0,58,8,36,134,77,113,95,31,43" hai2="15,127,83,71,13,68,6,114,135,27,46,112,87" hai3="26,69,122,67,132,118,115,97,105,63,40,111,93"/><T78/><D33/><U44/><E120/><V104/><F104/><W96/><G111/><N who="0" m="42571" /><D124/><U80/><E31/><V79/><F127/><W88/><G118/><N who="0" m="45675" /><D92/><U75/><E95/><V5/><F135/><N who="1" m="51721" /><E113/><N who="2" m="43627" /><F27/><W82/><G122/><T19/><D29/><U121/><E121/><V21/><F46/><W126/><G126/><T9/><D54/><U123/><E123/><V18/><F13/><W86/><G115/><T16/><D78/><U39/><E36/><V30/><F30/><W98/><G132/><T84/><D84/><U99/><E99/><V130/><F130/><W11/><G105/><T89/><D89/><U23/><E23/><V28/><F28/><W110/><G110/><T64/><D64/><U10/><E10/><V38/><F38/><W41/><G11/><T66/><D66/><U91/><E91/><V12/><F12/><AGARI ba="0,0" hai="9,12,14,16,19,22,102,103" m="45675,42571" machi="12" ten="30,2900,0" yaku="10,1,54,1" doraHai="73" who="0" fromWho="2" sc="187,29,348,0,123,-29,342,0" /><INIT seed="4,1,0,0,5,63" ten="216,348,94,342" oya="0" hai0="49,125,3,40,74,126,8,83,51,55,15,12,67" hai1="53,42,43,27,66,44,84,10,107,50,60,18,24" hai2="11,47,46,22,87,96,59,122,7,113,109,52,94" hai3="104,57,71,9,25,103,118,6,20,30,101,37,119"/><T128/><D3/><U33/><E107/><V23/><F109/><W56/><G71/><T92/><D128/><U127/><E127/><N who="0" m="48649" /><D92/><U0/><E0/><V35/><F122/><W91/><G37/><T16/><D40/><U114/><E114/><V26/><F35/><W130/><G130/><T112/><D112/><U116/><E116/><V88/><F113/><W34/><G34/><T65/><D15/><U32/><E32/><V1/><F87/><W69/><G69/><T64/><D55/><U80/><E33/><V99/><F23/><W134/><G104/><T48/><D83/><U4/><E27/><V13/><F1/><W132/><G119/><T124/><N who="0" m="48657" /><T105/><DORA hai="73" /><D105/><U108/><E108/><V75/><F75/><AGARI ba="1,0" hai="8,12,16,48,49,51,64,65,67,74,75" m="48657" machi="75" ten="50,12000,1" yaku="18,1,52,3,54,1" doraHai="63,73" who="0" fromWho="2" sc="216,123,348,0,94,-123,342,0" owari="339,-6.1,348,44.8,-29,-52.9,342,14.2" /></mjloggm>