<mjloggm ver="2.3"><GO type="41" lobby="0"/><UN n0="%4A%73%61%6B%6F%61%69" n1="%E2%93%9D%4C%75%63%6B%79%4A" n2="%E9%81%85%E5%88%BB%E9%AD%94%E3%81%AF%E3%82%8B%E3%81%A8" n3="%E5%8F%A3%E5%8F%AF%E5%8F%A3%E5%8F%AF" dan="15,15,14,15" rate="2057.57,2152.17,1972.95,2017.84" sx="M,M,M,M"/><TAIKYOKU oya="0"/><INIT seed="0,0,0,2,3,93" ten="250,250,250,250" oya="0" hai0="109,5,57,130,127,31,59,62,115,83,123,91,108" hai1="14,3,94,114,126,76,38,102,104,22,121,41,17" hai2="113,86,129,11,73,56,46,95,134,33,24,43,87" hai3="23,55,52,13,51,47,0,81,18,78,4,32,29"/><T37/><D115/><U85/><E114/><V12/><F73/><W124/><G124/><T60/><D127/><U45/><E126/><V35/><F113/><W74/><G32/><T105/><D123/><U80/><E3/><V119/><F134/><W133/><G133/><T116/><D116/><U131/><E121/><V39/><F129/><W71/><G71/><T40/><D130/><U27/><E131/><V70/><F70/><W79/><G79/><T34/><D105/><U97/><REACH who="1" step="1"/><E104/><REACH who="1" ten="250,240,250,250" step="2"/><V67/><F119/><W19/><G0/><T68/><D68/><U53/><E53/><V10/><F67/><W44/><G55/><T64/><D5/><U117/><E117/><V106/><F106/><W75/><G4/><T92/><D40/><U107/><E107/><V135/><F135/><W42/><G42/><T88/><D37/><U58/><E58/><V2/><F56/><W82/><G47/><T98/><D34/><U100/><E100/><V1/><F2/><W99/><G44/><T7/><D7/><U89/><E89/><V125/><F1/><W122/><G52/><T101/><D59/><U15/><AGARI ba="0,1" hai="14,15,17,22,27,38,41,45,76,80,85,94,97,102" machi="15" ten="30,4000,0" yaku="1,1,0,1,52,1,53,0" doraHai="93" doraHaiUra="118" who="1" fromWho="1" sc="250,-20,240,50,250,-10,250,-10" /><INIT seed="1,0,0,1,4,131" ten="230,290,240,240" oya="1" hai0="64,63,108,30,65,7,50,99,127,21,40,83,107" hai1="73,84,122,68,59,94,66,92,57,120,123,38,33" hai2="17,74,10,25,18,42,46,47,78,5,112,125,55" hai3="100,56,113,0,9,116,1,77,22,132,124,23,89"/><U70/><E33/><V133/><F125/><W3/><G77/><T36/><D36/><U86/><E38/><V31/><F112/><W37/><G37/><T44/><D127/><U53/><E53/><V13/><F74/><W48/><G100/><T76/><D108/><U88/><E73/><V34/><F78/><W35/><G89/><T81/><D7/><U28/><E28/><V105/><F105/><W111/><G56/><N who="1" m="21578" /><E66/><V93/><F93/><N who="1" m="35945" /><E88/><V26/><F55/><W60/><G35/><T61/><D65/><U95/><N who="1" m="35953" /><U80/><DORA hai="118" /><E80/><V87/><F34/><W97/><G124/><T130/><D83/><U12/><E12/><V54/><F54/><W110/><G0/><T49/><D64/><U39/><E39/><V129/><F31/><W96/><G1/><T115/><D81/><U67/><E67/><V103/><F103/><W16/><G3/><T85/><D76/><U43/><E43/><V134/><F42/><W121/><G111/><T62/><D40/><U90/><E90/><V14/><F5/><W8/><G110/><T128/><D30/><U114/><E114/><V6/><F6/><W32/><G113/><T126/><D115/><U109/><E109/><V98/><F98/><W72/><G97/><T27/><D99/><U91/><E91/><V69/><F129/><W135/><G96/><T11/><D128/><U29/><E29/><V119/><F14/><W52/><G52/><T82/><D130/><U51/><E51/><V104/><F13/><W2/><G48/><T24/><D50/><U15/><E15/><V19/><F104/><RYUUKYOKU ba="0,0" sc="230,-10,290,30,240,-10,240,-10" hai1="68,70,84,86,120,122,123" /><INIT seed="1,1,0,1,0,42" ten="220,320,230,230" oya="1" hai0="104,17,52,85,37,96,36,82,73,18,11,106,60" hai1="30,68,9,115,83,113,58,97,112,2,71,24,135" hai2="127,16,125,101,53,91,51,22,80,5,8,67,49" hai3="121,77,0,89,63,48,34,62,47,108,28,38,56"/><U92/><E135/><V14/><F101/><W21/><G34/><T46/><D73/><U99/><E58/><V107/><F107/><W66/><G38/><T118/><D118/><U54/><E54/><V41/><F67/><W126/><G0/><T7/><D37/><U59/><E59/><V33/><F33/><W27/><G121/><T39/><D39/><U32/><E83/><V35/><F35/><W130/><G77/><T81/><D36/><U88/><REACH who="1" step="1"/><E99/><REACH who="1" ten="220,310,230,230" step="2"/><V61/><F80/><W100/><G56/><T78/><D96/><U74/><E74/><V65/><F53/><W119/><G66/><T122/><D82/><U93/><E93/><V4/><F41/><W103/><G119/><T95/><D95/><U6/><AGARI ba="1,1" hai="2,6,9,24,30,32,68,71,88,92,97,112,113,115" machi="6" ten="40,7800,0" yaku="1,1,0,1,54,1,53,0" doraHai="42" doraHaiUra="124" who="1" fromWho="1" sc="220,-27,310,91,230,-27,230,-27" /><INIT seed="1,2,0,2,2,133" ten="193,401,203,203" oya="1" hai0="50,42,32,51,83,122,48,54,49,128,45,58,104" hai1="19,46,130,98,18,59,114,33,78,123,135,53,111" hai2="62,72,57,117,124,109,16,132,106,105,93,2,99" hai3="75,29,84,68,69,8,113,94,64,76,88,23,102"/><U71/><E123/><V101/><F117/><W10/><G113/><T90/><D104/><U73/><E71/><V13/><F2/><W126/><G126/><T5/><D32/><U66/><E33/><V11/><F72/><W43/><G43/><T39/><D5/><U14/><E66/><V60/><F109/><W80/><G69/><T86/><D122/><U21/><E135/><V103/><F132/><W9/><G68/><T1/><D1/><U89/><E130/><V47/><F47/><W116/><G64/><T115/><D115/><U77/><E73/><V95/><F124/><W91/><G91/><T22/><D22/><U70/><E70/><V55/><REACH who="2" step="1"/><F60/><REACH who="2" ten="193,401,193,203" step="2"/><W81/><G116/><T41/><D128/><U17/><E46/><V24/><F24/><N who="3" m="16543" /><G75/><T100/><D45/><U28/><E111/><V112/><F112/><W108/><G108/><T125/><D125/><U61/><E114/><V27/><F27/><W12/><G102/><T40/><D100/><U67/><E67/><V119/><F119/><W74/><G74/><T92/><REACH who="0" step="1"/><D39/><REACH who="0" ten="183,401,193,203" step="2"/><U20/><E28/><V110/><F110/><W131/><G131/><T26/><D26/><U129/><E129/><V7/><F7/><W44/><G44/><T63/><D63/><U52/><E61/><V37/><F37/><W56/><G56/><T120/><D120/><U15/><E59/><V118/><F118/><W87/><G12/><T85/><D85/><U25/><E25/><V6/><F6/><W97/><G87/><T30/><D30/><U79/><E19/><V96/><AGARI ba="2,2" hai="11,13,16,55,57,62,93,95,96,99,101,103,105,106" machi="96" ten="30,7900,0" yaku="1,1,0,1,9,1,54,1,53,0" doraHai="133" doraHaiUra="38" who="2" fromWho="2" sc="183,-22,401,-41,193,105,203,-22" /><INIT seed="2,0,0,2,3,81" ten="161,360,298,181" oya="2" hai0="31,18,22,84,117,68,66,16,12,124,118,100,37" hai1="129,122,50,11,123,29,88,127,49,119,126,82,72" hai2="26,13,83,86,64,120,71,114,39,85,76,2,63" hai3="73,6,4,80,28,35,24,17,38,74,90,57,47"/><V75/><F120/><N who="1" m="46121" /><E119/><N who="0" m="45577" /><D37/><U87/><E129/><V20/><F114/><W42/><G74/><T103/><D124/><N who="1" m="47659" /><E29/><V70/><F2/><W9/><G57/><T23/><D31/><U110/><E110/><V102/><F39/><W52/><G52/><T59/><D68/><U8/><E72/><V10/><F102/><W131/><G131/><T62/><D84/><U53/><E50/><V133/><F133/><W55/><G55/><T61/><D61/><U36/><E36/><V34/><F34/><W54/><G54/><T44/><D44/><AGARI ba="0,0" hai="8,11,44,49,53,82,87,88" m="47659,46121" machi="44" ten="30,7700,0" yaku="13,1,18,1,52,1,54,1" doraHai="81" who="1" fromWho="0" sc="161,-77,360,77,298,0,181,0" /><INIT seed="3,0,0,4,2,115" ten="84,437,298,181" oya="3" hai0="59,104,66,96,92,114,65,70,105,94,106,71,130" hai1="80,9,135,27,109,10,107,75,122,58,6,100,43" hai2="85,44,97,16,113,111,52,86,120,117,95,121,84" hai3="21,63,64,103,76,14,131,41,17,13,82,91,35"/><W24/><G131/><T112/><D59/><U126/><E122/><N who="2" m="47211" /><F111/><W62/><G35/><T125/><D130/><U88/><E126/><V110/><F110/><W81/><G103/><T18/><D18/><U26/><E135/><V119/><F16/><N who="3" m="12327" /><G41/><T134/><D134/><U116/><E10/><V108/><F108/><W61/><G64/><N who="0" m="24683" /><D96/><U89/><E27/><V127/><F127/><W101/><G101/><T56/><D56/><U118/><E26/><V8/><F8/><N who="3" m="6311" /><G76/><T32/><D125/><U74/><E109/><V69/><F69/><N who="0" m="26122" /><D32/><U46/><E100/><N who="2" m="60479" /><F113/><AGARI ba="0,0" hai="92,94,104,105,106,112,113,114" m="26122,24683" machi="113" ten="40,5200,0" yaku="28,2,11,1" doraHai="115" who="0" fromWho="2" sc="84,52,437,0,298,-52,181,0" /><INIT seed="4,0,0,0,2,121" ten="136,437,246,181" oya="0" hai0="103,16,113,50,134,112,105,63,4,59,119,76,83" hai1="131,40,72,129,24,106,111,84,43,66,101,95,41" hai2="79,122,12,44,9,35,52,7,30,126,92,87,32" hai3="6,89,116,114,42,104,38,53,2,94,1,29,36"/><T18/><D119/><U37/><E72/><V117/><F122/><W23/><G116/><T28/><D28/><U3/><E3/><V62/><F117/><W130/><G104/><T73/><D4/><U61/><E106/><V96/><F126/><W57/><G114/><N who="0" m="44139" /><D134/><U70/><E24/><V115/><F30/><W67/><G130/><N who="1" m="49674" /><E84/><V118/><F115/><W132/><G6/><T33/><D33/><U135/><E95/><V124/><F124/><W85/><G29/><T93/><D50/><U77/><E77/><V68/><F118/><W102/><G36/><T46/><D46/><N who="1" m="23919" /><E101/><V100/><F68/><W69/><G38/><T64/><D105/><U17/><E17/><V74/><F44/><W45/><G132/><T21/><D21/><U22/><E22/><V81/><REACH who="2" step="1"/><F74/><REACH who="2" ten="136,437,236,181" step="2"/><W49/><G69/><T78/><D78/><U55/><E135/><V65/><F65/><W109/><G45/><T34/><D34/><U5/><E66/><V0/><F0/><W120/><G1/><T56/><D59/><AGARI ba="0,1" hai="7,9,12,32,35,52,59,62,79,81,87,92,96,100" machi="59" ten="40,5200,0" yaku="1,1,54,1,53,1" doraHai="121" doraHaiUra="58" who="2" fromWho="0" sc="136,-52,437,0,236,62,181,0" /><INIT seed="5,0,0,3,3,4" ten="84,437,298,181" oya="1" hai0="77,32,29,104,3,24,70,66,78,31,81,97,38" hai1="33,135,30,13,84,96,60,64,34,46,36,111,53" hai2="89,118,6,9,15,108,120,73,74,58,48,21,44" hai3="105,40,110,131,122,28,7,65,23,106,25,91,132"/><U68/><E111/><V95/><F108/><W124/><G122/><T63/><D38/><U12/><E135/><V117/><F118/><W102/><G110/><T129/><D31/><U121/><E121/><V98/><F117/><W82/><G131/><T69/><D129/><U11/><E13/><V42/><F120/><W54/><G40/><T27/><D27/><U35/><E84/><V51/><F58/><W99/><G65/><T133/><D133/><U92/><E30/><V16/><REACH who="2" step="1"/><F48/><REACH who="2" ten="84,437,288,181" step="2"/><W80/><G132/><T2/><D70/><U62/><E36/><V8/><F8/><W109/><G109/><T107/><D77/><U72/><E68/><V59/><F59/><W90/><G124/><T76/><D76/><U94/><E11/><V123/><F123/><W56/><G56/><T1/><REACH who="0" step="1"/><D97/><REACH who="0" ten="74,437,288,181" step="2"/><U128/><E96/><V103/><F103/><W127/><G99/><T115/><D115/><U0/><E128/><V41/><F41/><W116/><G102/><T55/><D55/><U126/><E53/><V52/><F52/><W87/><G54/><T93/><D93/><U100/><E94/><V26/><AGARI ba="0,2" hai="6,9,15,16,21,26,42,44,51,73,74,89,95,98" machi="26" ten="20,8000,1" yaku="1,1,0,1,7,1,52,1,54,1,53,0" doraHai="4" doraHaiUra="75" who="2" fromWho="2" sc="74,-20,437,-40,288,100,181,-20" /><INIT seed="6,0,0,3,1,99" ten="54,397,388,161" oya="2" hai0="63,73,128,120,106,121,43,117,50,127,12,131,42" hai1="54,9,68,35,124,89,122,104,51,92,94,130,79" hai2="5,103,90,26,69,60,123,77,80,59,65,53,14" hai3="39,107,125,86,58,83,126,11,82,2,6,17,84"/><V15/><F123/><N who="0" m="47178" /><D73/><U134/><E104/><V4/><F90/><W23/><G39/><T57/><D106/><U37/><E35/><V10/><F26/><W41/><G41/><T75/><D75/><U48/><E130/><N who="0" m="49705" /><D12/><U85/><E37/><V32/><F32/><W112/><G107/><T62/><D127/><N who="3" m="48649" /><G112/><T46/><D117/><U132/><E79/><V71/><F69/><W93/><G93/><T101/><D101/><U116/><E94/><V78/><F103/><W8/><G8/><T13/><D13/><U29/><E9/><V19/><F10/><W110/><G83/><T76/><D76/><U135/><E122/><V38/><F38/><W1/><G86/><T70/><D70/><U49/><E68/><V28/><F14/><N who="3" m="9655" /><G84/><T31/><D31/><U7/><E29/><V66/><F28/><W72/><G82/><T40/><D63/><U64/><E124/><V0/><F71/><W22/><G22/><T3/><D3/><U108/><E85/><N who="2" m="48271" /><F78/><W56/><G72/><T119/><D119/><U113/><E116/><V67/><F0/><W74/><G74/><T102/><D102/><U55/><E92/><V27/><F15/><W91/><G91/><T129/><N who="0" m="49713" /><T36/><DORA hai="105" /><D36/><U45/><E89/><V21/><AGARI ba="0,0" hai="4,5,19,21,27,53,59,60,65,66,67" m="48271" machi="21" ten="30,1500,0" yaku="8,1" doraHai="99,105" who="2" fromWho="2" sc="54,-5,397,-5,388,15,161,-5" /><INIT seed="6,1,0,5,4,68" ten="49,392,403,156" oya="2" hai0="46,14,26,85,57,83,31,0,1,58,54,105,91" hai1="79,24,130,10,51,100,65,82,60,44,38,52,27" hai2="43,49,70,127,118,72,50,133,35,66,74,86,13" hai3="67,76,116,41,19,97,30,71,55,32,96,69,87"/><V109/><F118/><W42/><G116/><T78/><D105/><U125/><E125/><V9/><F35/><W34/><G55/><T107/><D107/><U106/><E130/><V90/><F127/><W132/><G19/><T115/><D115/><U16/><E38/><V53/><F133/><W36/><G87/><T2/><D14/><U37/><E37/><V104/><F104/><W123/><G36/><T22/><D46/><U11/><E100/><V64/><F70/><W21/><G21/><T4/><D4/><U128/><E128/><V102/><F102/><W29/><G76/><T80/><REACH who="0" step="1"/><D54/><REACH who="0" ten="39,392,403,156" step="2"/><U95/><E106/><V25/><F53/><W17/><G67/><T75/><AGARI ba="1,1" hai="0,1,2,22,26,31,57,58,75,78,80,83,85,91" machi="75" ten="30,4000,0" yaku="1,1,2,1,0,1,53,0" doraHai="68" doraHaiUra="110" who="0" fromWho="0" sc="39,53,392,-11,403,-21,156,-11" /><INIT seed="7,0,0,0,5,98" ten="92,381,382,145" oya="3" hai0="45,107,18,48,129,41,108,46,95,84,30,80,72" hai1="20,1,61,86,63,64,27,104,115,89,69,118,12" hai2="68,96,101,35,99,51,133,83,33,57,111,42,73" hai3="39,130,67,36,116,3,105,49,75,119,8,135,122"/><W97/><G97/><T44/><D108/><U55/><E1/><V0/><F111/><W132/><G8/><T2/><D2/><U60/><E115/><V19/><F68/><W54/><G54/><T40/><D107/><U121/><E121/><V6/><F99/><W24/><G49/><T90/><D129/><U9/><E118/><V78/><F133/><W37/><G24/><T50/><D30/><U125/><E125/><V126/><F126/><W114/><G67/><T32/><D32/><U113/><E113/><V14/><F6/><W66/><G66/><T120/><D120/><U21/><E104/><V58/><F0/><W124/><G37/><T52/><D18/><U22/><E55/><V4/><F4/><W74/><G36/><T128/><D128/><U23/><N who="1" m="5120" /><DORA hai="34" /><U123/><E123/><V5/><F5/><W109/><G74/><T38/><REACH who="0" step="1"/><D72/><REACH who="0" ten="82,381,382,145" step="2"/><U62/><E27/><V117/><F33/><W85/><G130/><T82/><AGARI ba="0,1" hai="38,40,41,44,45,46,48,50,52,80,82,84,90,95" machi="82" ten="30,12000,2" yaku="1,1,2,1,0,1,54,1,53,2" doraHai="98,34" doraHaiUra="47,65" who="0" fromWho="0" sc="82,130,381,-30,382,-30,145,-60" owari="212,-18.8,351,15.1,352,45.2,85,-41.5" /></mjloggm>