<mjloggm ver="2.3"><GO type="41" lobby="0"/><UN n0="%73%65%65%73%65%65%6E%64" n1="%74%61%6F%37" n2="%E2%93%9D%4C%75%63%6B%79%4A" n3="%E5%B0%8F%E7%86%8A" dan="15,14,18,14" rate="2111.32,1813.69,2203.74,1924.02" sx="F,M,M,M"/><TAIKYOKU oya="0"/><INIT seed="0,0,0,2,4,120" ten="250,250,250,250" oya="0" hai0="106,40,35,26,62,98,71,14,105,52,60,46,30" hai1="70,104,84,48,51,57,20,72,53,10,55,93,39" hai2="107,94,28,76,54,121,102,115,133,66,8,32,95" hai3="86,131,3,114,41,43,128,90,65,0,15,130,17"/><T74/><D74/><U36/><E104/><V61/><F115/><W99/><G114/><T31/><D31/><U75/><E70/><V103/><F121/><W42/><G99/><T113/><D113/><U11/><E20/><V63/><F133/><W92/><REACH who="3" step="1"/><G65/><REACH who="3" ten="250,250,250,240" step="2"/><T109/><D98/><U85/><REACH who="1" step="1"/><E93/><REACH who="1" ten="250,240,250,240" step="2"/><V64/><F95/><W134/><G134/><T125/><D105/><U87/><E87/><V2/><F107/><W19/><G19/><T127/><D106/><U5/><E5/><V29/><F66/><W13/><G13/><T47/><D14/><U108/><E108/><V59/><F64/><W33/><G33/><T81/><D109/><U91/><E91/><V67/><F32/><W25/><G25/><T97/><D26/><U69/><E69/><V68/><F68/><W23/><AGARI ba="0,2" hai="0,3,15,17,23,41,42,43,86,90,92,128,130,131" machi="23" ten="40,8000,1" yaku="1,1,0,1,19,1,53,2" doraHai="120" doraHaiUra="34" who="3" fromWho="3" sc="250,-40,240,-20,250,-20,240,100" /><INIT seed="1,0,0,4,2,88" ten="210,220,230,340" oya="1" hai0="66,113,55,65,64,122,98,70,45,109,85,11,40" hai1="54,86,83,92,71,59,73,110,4,13,72,53,125" hai2="97,42,127,108,76,34,12,132,0,38,35,93,51" hai3="134,37,116,1,114,89,6,62,15,50,123,101,17"/><U84/><E71/><V21/><F0/><W61/><G37/><T28/><D113/><U96/><E125/><V52/><F127/><W107/><G114/><T131/><D109/><U43/><E43/><V9/><F108/><W112/><G116/><T30/><D131/><U23/><E73/><V78/><F35/><W79/><G123/><T63/><D122/><U74/><E110/><V94/><F34/><W120/><G120/><T57/><D70/><U95/><E74/><V128/><F38/><W16/><G134/><T119/><D119/><U14/><E72/><V31/><F42/><W7/><G79/><N who="2" m="30249" /><F97/><W118/><G118/><T67/><D85/><N who="1" m="32875" /><E96/><V41/><F41/><W22/><G89/><T77/><D77/><U75/><E83/><V80/><F80/><W3/><G112/><T24/><D98/><U99/><E99/><V56/><F132/><W81/><G81/><T124/><D124/><U60/><E75/><V87/><F87/><W27/><G107/><T48/><D24/><U82/><E82/><V26/><F128/><W68/><G68/><T49/><REACH who="0" step="1"/><D11/><REACH who="0" ten="200,220,230,340" step="2"/><N who="1" m="4327" /><E53/><V115/><F115/><W10/><G3/><T5/><D5/><AGARI ba="0,1" hai="5,9,12,21,26,31,51,52,56,93,94" m="30249" machi="5" ten="30,7700,0" yaku="8,1,52,2,54,1" doraHai="88" who="2" fromWho="0" sc="200,-77,220,0,230,87,340,0" /><INIT seed="2,0,0,1,5,100" ten="123,220,317,340" oya="2" hai0="18,124,116,122,71,111,35,44,45,28,133,55,49" hai1="38,80,134,115,17,99,101,126,52,31,40,69,70" hai2="118,32,13,130,83,91,53,74,85,43,37,87,96" hai3="90,73,26,98,7,114,92,25,68,15,131,51,0"/><V12/><F118/><W110/><G68/><T132/><D35/><U82/><E115/><V30/><F74/><W42/><G114/><T97/><D28/><U94/><E134/><N who="0" m="51817" /><D18/><U65/><E126/><V88/><F130/><W16/><G73/><T6/><D6/><U24/><E17/><V36/><F96/><W75/><G75/><T84/><D84/><U89/><E40/><V27/><F53/><W50/><G110/><T63/><D97/><U9/><E9/><V108/><F108/><W29/><G0/><T5/><D5/><U120/><E38/><V121/><F121/><W81/><G7/><T56/><D111/><U125/><E125/><V123/><F123/><W129/><G81/><T2/><D2/><U57/><E120/><V127/><F127/><W76/><G76/><T67/><D124/><U135/><E135/><V19/><F43/><W95/><G42/><T104/><D122/><U105/><E70/><V93/><REACH who="2" step="1"/><F13/><REACH who="2" ten="123,220,307,340" step="2"/><W103/><G131/><T62/><D116/><U102/><E65/><V58/><F58/><W64/><G64/><N who="0" m="41367" /><D104/><U106/><E69/><AGARI ba="0,1" hai="44,45,49,55,56,63,67,69" m="41367,51817" machi="69" ten="30,3900,0" yaku="20,1,34,2" doraHai="100" who="0" fromWho="1" sc="123,49,220,-39,307,0,340,0" /><INIT seed="3,0,0,5,0,36" ten="172,181,307,340" oya="3" hai0="29,60,6,22,133,112,8,128,9,39,21,126,57" hai1="134,64,72,87,33,27,96,98,32,110,97,30,106" hai2="105,130,50,12,19,18,0,7,55,1,44,132,38" hai3="62,34,31,3,86,51,68,104,76,63,129,123,95"/><W10/><G104/><T121/><D121/><U84/><E110/><V15/><F105/><W89/><G129/><T99/><D128/><U24/><E134/><V43/><F130/><W103/><G123/><T82/><D133/><U71/><E72/><V118/><F132/><W13/><G3/><T116/><D116/><U45/><E106/><V41/><F38/><W79/><G68/><T114/><D39/><U93/><E45/><V2/><F7/><W17/><G103/><T125/><D82/><U85/><E64/><V109/><F109/><W69/><G69/><T90/><D90/><U131/><E71/><V4/><F4/><W94/><G31/><T91/><D91/><U102/><REACH who="1" step="1"/><E131/><REACH who="1" ten="172,171,307,340" step="2"/><V73/><F73/><W66/><G66/><T40/><D114/><U59/><E59/><V119/><F119/><W117/><G117/><T37/><D112/><U127/><E127/><V74/><F74/><W11/><G95/><T67/><D125/><U100/><E100/><V42/><REACH who="2" step="1"/><F118/><REACH who="2" ten="172,171,297,340" step="2"/><W88/><G94/><T47/><D126/><U25/><E25/><V120/><F120/><W35/><G35/><T49/><D6/><U111/><E111/><V81/><F81/><W65/><G34/><T61/><D67/><U58/><E58/><V122/><F122/><W23/><G65/><T52/><D57/><U16/><E16/><AGARI ba="0,2" hai="0,1,2,12,15,16,18,19,41,42,43,44,50,55" machi="16" ten="50,8000,1" yaku="1,1,52,3,54,1,53,0" doraHai="36" doraHaiUra="56" who="2" fromWho="1" sc="172,0,171,-80,297,100,340,0" /><INIT seed="4,0,0,4,0,90" ten="172,91,397,340" oya="0" hai0="98,58,106,22,94,111,12,6,102,56,100,3,37" hai1="74,17,61,124,103,62,126,19,130,86,11,112,71" hai2="24,96,5,57,50,39,25,132,93,41,70,110,76" hai3="42,2,10,40,122,134,82,21,15,43,51,73,4"/><T75/><D75/><U66/><E74/><V49/><F70/><W108/><G134/><T99/><D37/><U34/><E34/><V81/><F110/><W116/><G116/><T127/><D111/><U91/><E103/><V133/><F5/><W44/><G108/><T64/><D127/><N who="1" m="48683" /><E130/><V79/><F39/><W36/><G122/><T68/><D3/><U80/><E112/><V38/><F38/><W85/><G51/><N who="2" m="19465" /><F57/><W104/><G104/><T30/><D68/><U0/><E62/><V59/><F59/><W9/><G21/><T101/><D102/><U114/><E114/><V128/><F41/><W125/><G125/><T46/><D46/><U18/><E0/><V117/><F117/><W119/><G119/><T27/><REACH who="0" step="1"/><D64/><REACH who="0" ten="162,91,397,340" step="2"/><U121/><E121/><V7/><F133/><W47/><G47/><T67/><D67/><U54/><E54/><V52/><F52/><W88/><G73/><T53/><D53/><U28/><E28/><V8/><F132/><W118/><G118/><T33/><D33/><U135/><E135/><V45/><F45/><W109/><G109/><T105/><D105/><U95/><E80/><V23/><F81/><W123/><G123/><T55/><D55/><U35/><E35/><V48/><F48/><W63/><G63/><T87/><D87/><U84/><E84/><V69/><F69/><W131/><G131/><T60/><D60/><U1/><E1/><N who="2" m="111" /><F128/><W83/><G83/><T65/><D65/><U14/><AGARI ba="0,1" hai="11,14,17,18,19,61,66,71,86,91,95" m="48683" machi="14" ten="30,2000,0" yaku="18,1,52,1" doraHai="90" who="1" fromWho="1" sc="162,-10,91,30,397,-5,340,-5" /><INIT seed="5,0,0,0,4,24" ten="152,121,392,335" oya="1" hai0="44,32,124,51,118,121,77,40,39,34,97,0,49" hai1="66,23,85,70,27,100,115,75,99,35,120,128,63" hai2="19,83,87,31,108,55,92,20,3,93,122,130,16" hai3="64,36,112,125,80,22,89,8,74,81,88,21,4"/><U76/><E120/><V114/><F108/><W72/><G36/><T30/><D118/><U104/><E128/><V50/><F3/><W109/><G109/><T26/><D124/><U133/><E133/><V42/><F42/><W132/><G64/><T25/><D0/><U119/><E85/><V59/><F122/><W58/><G58/><T61/><D121/><U116/><E23/><V96/><F114/><W101/><G101/><T1/><D1/><U38/><E115/><V69/><F69/><W127/><G112/><T53/><D77/><U18/><E18/><N who="2" m="6699" /><F96/><W131/><G8/><T9/><D9/><U135/><E135/><V91/><F130/><W129/><G132/><T28/><D97/><U62/><E62/><V10/><F10/><W54/><G54/><T15/><D15/><U46/><E46/><V33/><F33/><W106/><G4/><T41/><D40/><U45/><E45/><V67/><F67/><W60/><G60/><T68/><D53/><U2/><E2/><V12/><F12/><W102/><G102/><T47/><D47/><U71/><E38/><V117/><F117/><W11/><G11/><T103/><D103/><U110/><E110/><V29/><F20/><W134/><G134/><T56/><D56/><U14/><E14/><V105/><F105/><AGARI ba="0,0" hai="21,22,72,74,80,81,88,89,105,106,125,127,129,131" machi="105" ten="25,3200,0" yaku="22,2,54,1" doraHai="24" who="3" fromWho="2" sc="152,0,121,0,392,-32,335,32" /><INIT seed="6,0,0,5,5,129" ten="152,121,360,367" oya="2" hai0="121,103,82,33,13,4,81,53,113,104,34,60,48" hai1="125,72,32,109,31,118,56,58,100,54,8,134,6" hai2="73,120,78,84,62,74,26,99,11,130,110,37,95" hai3="108,39,116,106,77,27,55,98,133,9,66,97,19"/><V41/><F37/><W44/><G116/><T75/><D121/><U107/><E109/><V5/><F120/><W88/><G108/><T117/><D117/><U67/><E118/><V94/><F41/><W68/><G77/><T25/><D113/><U14/><E125/><V87/><F26/><W40/><G55/><T30/><D33/><U83/><E67/><V1/><F110/><W132/><G88/><T47/><D75/><U38/><E38/><V127/><F130/><W45/><G45/><T18/><D4/><U15/><E83/><V126/><F62/><W102/><G98/><T42/><D104/><U57/><E72/><N who="2" m="27755" /><F78/><W115/><G115/><T128/><D103/><U0/><E100/><N who="2" m="60543" /><F94/><W105/><G105/><T101/><D101/><U79/><E107/><V85/><F5/><W122/><G122/><T93/><D93/><U17/><E79/><V21/><F21/><W61/><G9/><T69/><D128/><U50/><E15/><V46/><F46/><W114/><G114/><T70/><D70/><U112/><E112/><V124/><F11/><W49/><G49/><T28/><D28/><U91/><E31/><V111/><F111/><W90/><G90/><T12/><D13/><U35/><E91/><V92/><F92/><W63/><G61/><T96/><D96/><U52/><E50/><V64/><F1/><W29/><G19/><T80/><D69/><U119/><E119/><V3/><F3/><W16/><G16/><T71/><D71/><U2/><E17/><V36/><F36/><W51/><G51/><T43/><D60/><U59/><E2/><RYUUKYOKU ba="0,0" sc="152,10,121,-30,360,10,367,10" hai0="12,18,25,30,34,42,43,47,48,53,80,81,82" hai2="64,84,85,87,124,126,127" hai3="27,29,39,40,44,63,66,68,97,102,106,132,133" /><INIT seed="6,1,0,2,0,100" ten="162,91,370,377" oya="2" hai0="115,96,11,111,110,25,52,89,84,82,72,51,127" hai1="54,10,64,24,42,23,7,74,18,69,124,131,123" hai2="117,4,103,21,15,90,75,8,56,1,62,101,60" hai3="32,22,3,35,85,135,71,50,76,59,80,27,13"/><V73/><F117/><W130/><G71/><T29/><D115/><U79/><E124/><V99/><F103/><W45/><G135/><T30/><D127/><U40/><E131/><V14/><F90/><W26/><G3/><T20/><D72/><U129/><E123/><V86/><F86/><W112/><G35/><T28/><D110/><U81/><E129/><V83/><F62/><W58/><G32/><T12/><D96/><U87/><E74/><V67/><F21/><W34/><G34/><T108/><D108/><U132/><E132/><V95/><REACH who="2" step="1"/><F75/><REACH who="2" ten="162,91,360,377" step="2"/><W66/><G130/><T116/><D116/><U128/><E128/><V106/><F106/><W77/><G112/><T41/><D111/><U109/><E109/><V33/><F33/><W37/><G22/><T121/><D121/><U93/><E64/><V31/><F31/><W39/><G66/><T78/><D89/><U53/><E69/><V44/><F44/><W2/><G45/><N who="0" m="26031" /><D52/><N who="1" m="20075" /><E10/><V49/><F49/><W88/><G50/><T94/><D94/><U5/><E93/><V6/><F6/><AGARI ba="1,1" hai="6,11,12,20,25,28,29,30,78,82,84" m="26031" machi="6" ten="30,2000,0" yaku="25,1,8,1" doraHai="100" who="0" fromWho="2" sc="162,33,91,0,360,-23,377,0" /><AGARI ba="1,0" hai="5,6,7,18,23,24,40,42,79,81,87" m="20075" machi="6" ten="30,2000,0" yaku="8,1,54,1" doraHai="100" who="1" fromWho="2" sc="195,0,91,20,337,-20,377,0" /><INIT seed="7,0,0,0,0,122" ten="195,111,317,377" oya="3" hai0="104,74,115,134,111,49,95,124,19,33,121,29,60" hai1="44,37,4,46,39,91,45,110,135,97,116,7,86" hai2="28,26,75,32,90,62,56,72,77,133,41,79,119" hai3="64,15,120,89,59,0,54,85,112,57,5,34,99"/><W35/><G112/><T103/><D121/><U12/><E116/><V73/><F119/><W14/><G64/><T30/><D74/><U129/><E110/><V27/><F41/><W40/><G99/><T10/><D111/><U42/><E129/><V48/><F48/><W55/><G89/><T17/><D104/><U25/><E135/><V70/><F70/><W132/><G85/><T63/><D124/><U84/><E25/><V98/><F133/><W11/><G40/><T78/><D33/><U69/><E69/><V9/><F9/><W109/><G109/><T83/><D115/><U88/><E97/><V68/><F68/><W23/><G23/><T66/><D49/><U126/><E12/><V87/><F27/><W38/><G5/><T125/><D125/><U81/><E126/><V16/><F98/><W131/><G11/><T107/><D107/><U100/><E100/><V105/><F105/><W31/><G120/><T102/><D10/><U96/><E96/><V61/><F16/><W117/><G117/><T8/><D8/><U1/><E1/><V114/><F114/><W36/><G0/><T21/><D134/><U123/><E123/><V108/><F108/><W18/><G18/><T127/><D127/><U76/><E46/><V20/><F32/><W53/><G35/><T128/><D19/><U58/><E58/><N who="3" m="22026" /><G34/><T113/><D113/><U82/><REACH who="1" step="1"/><E76/><REACH who="1" ten="195,101,317,377" step="2"/><N who="2" m="29259" /><F56/><W6/><G132/><T24/><D103/><U101/><E101/><V130/><F130/><W71/><G71/><T22/><D128/><U94/><E94/><V2/><F2/><W52/><G131/><RYUUKYOKU ba="0,1" sc="195,-15,101,15,317,15,377,-15" hai1="4,7,37,39,42,44,45,81,82,84,86,88,91" hai2="20,26,28,61,62,72,73,75,87,90" owari="180,-22.0,116,-38.4,332,13.2,372,47.2" /></mjloggm>