<mjloggm ver="2.3"><GO type="41" lobby="0"/><UN n0="%E2%93%9D%4C%75%63%6B%79%4A" n1="%E3%82%AA%E3%83%AD%E3%82%AB%33" n2="%E5%86%8D%E8%87%AA%E7%94%B1" n3="%E3%82%A2%E3%83%AB%E3%82%B4%E3%83%8E%E3%83%BC%E3%83%84" dan="17,13,14,15" rate="2154.96,1874.85,1893.49,2065.77" sx="M,M,M,F"/><TAIKYOKU oya="0"/><INIT seed="0,0,0,2,5,116" ten="250,250,250,250" oya="0" hai0="73,11,35,42,78,74,90,43,123,113,57,39,67" hai1="118,29,22,107,63,32,89,84,30,104,135,101,115" hai2="65,75,13,117,110,49,4,69,47,34,125,77,103" hai3="134,19,60,2,82,52,20,83,12,36,98,111,131"/><T46/><D113/><U108/><E118/><V94/><F117/><W70/><G2/><T81/><D35/><U6/><E6/><V53/><F110/><W51/><G36/><T50/><D74/><U25/><E135/><V91/><F125/><W66/><G111/><T0/><D43/><U120/><E120/><V106/><F34/><W79/><G134/><T92/><D67/><U24/><E115/><V93/><F65/><W71/><G71/><T132/><D132/><U88/><E89/><V128/><F69/><W112/><G112/><T76/><D78/><U10/><E10/><V44/><F128/><W61/><G131/><T16/><D57/><U45/><E45/><V18/><F4/><W37/><G37/><T3/><D50/><U5/><E5/><V105/><F47/><W80/><G61/><T99/><REACH who="0" step="1"/><D123/><REACH who="0" ten="240,250,250,250" step="2"/><U15/><E108/><V62/><F77/><W102/><G79/><T14/><AGARI ba="0,1" hai="0,3,11,14,16,39,42,46,73,76,81,90,92,99" machi="14" ten="30,11700,0" yaku="1,1,2,1,0,1,54,1,53,0" doraHai="116" doraHaiUra="48" who="0" fromWho="0" sc="240,127,250,-39,250,-39,250,-39" /><INIT seed="0,1,0,0,5,123" ten="367,211,211,211" oya="0" hai0="56,50,42,78,14,98,52,6,10,23,103,89,60" hai1="59,46,62,135,117,61,111,67,12,17,66,57,54" hai2="109,93,18,119,99,45,15,96,120,110,71,0,58" hai3="35,134,87,16,44,5,94,63,74,126,72,1,39"/><T68/><D78/><U53/><E111/><N who="2" m="42507" /><F120/><W132/><G35/><T83/><D68/><U100/><E135/><N who="3" m="51754" /><G126/><T4/><D23/><U25/><E100/><V2/><F119/><W43/><G63/><T88/><D6/><U97/><E97/><N who="2" m="37451" /><F71/><W90/><G16/><T13/><D14/><U122/><E117/><V133/><F133/><W124/><G124/><T11/><D11/><AGARI ba="1,0" hai="1,5,11,39,43,44,72,74,87,90,94" m="51754" machi="11" ten="30,1000,0" yaku="20,1" doraHai="123" who="3" fromWho="0" sc="367,-13,211,0,211,0,211,13" /><INIT seed="1,0,0,2,1,125" ten="354,211,211,224" oya="1" hai0="121,11,65,96,10,40,61,3,80,44,129,114,66" hai1="90,69,57,126,43,32,78,77,97,83,88,81,100" hai2="59,89,7,27,117,53,93,99,134,56,14,30,17" hai3="70,22,64,116,87,15,31,1,19,84,39,36,35"/><U42/><E69/><V9/><F117/><W52/><G116/><T131/><D114/><U5/><E32/><V75/><F75/><W71/><G1/><T41/><D121/><U112/><E5/><V34/><F134/><W130/><G130/><N who="0" m="49675" /><D41/><U108/><E57/><V110/><F110/><W48/><G31/><T76/><D96/><U82/><E42/><V92/><F93/><W26/><G26/><T51/><D3/><U91/><E43/><V103/><F103/><W18/><G35/><T72/><D66/><U28/><E28/><V16/><REACH who="2" step="1"/><F56/><AGARI ba="0,0" hai="10,11,40,44,51,56,61,65,72,76,80" m="49675" machi="56" ten="30,7700,0" yaku="19,1,52,3" doraHai="125" who="0" fromWho="2" sc="354,77,211,0,211,-77,224,0" /><INIT seed="2,0,0,5,0,6" ten="431,211,134,224" oya="2" hai0="15,131,103,133,119,32,76,90,18,69,52,95,87" hai1="39,68,48,50,88,1,109,113,128,36,86,96,126" hai2="74,105,49,73,72,97,81,61,53,121,24,122,107" hai3="129,2,93,94,77,43,0,100,70,115,30,111,91"/><V116/><F116/><W67/><G111/><T65/><D119/><U20/><E68/><V25/><F81/><W4/><G30/><T44/><D133/><U31/><E109/><V28/><F61/><W40/><G129/><T34/><D131/><U125/><E1/><V99/><F53/><W114/><G77/><T47/><D103/><U7/><E7/><V124/><F49/><N who="1" m="19049" /><E96/><N who="2" m="36939" /><F28/><W14/><G4/><T16/><D76/><U38/><E113/><V130/><F130/><W82/><G82/><T84/><D65/><U112/><E112/><V98/><N who="2" m="36947" /><V108/><DORA hai="27" /><F108/><W3/><G14/><T29/><D15/><U60/><E60/><V89/><F89/><W117/><G117/><T101/><D90/><U51/><N who="1" m="19057" /><U104/><DORA hai="58" /><E104/><N who="2" m="40011" /><F124/><N who="1" m="47721" /><E39/><V132/><F132/><W66/><G0/><T85/><D101/><U59/><E59/><V26/><AGARI ba="0,0" hai="24,25,26,72,73,74,121,122" m="40011,36947" machi="26" ten="50,4800,0" yaku="28,2" doraHai="6,27,58" who="2" fromWho="2" sc="431,-16,211,-16,134,48,224,-16" /><INIT seed="2,1,0,2,1,43" ten="415,195,182,208" oya="2" hai0="97,1,72,48,98,127,89,10,70,125,121,8,132" hai1="50,73,30,108,90,100,5,96,61,4,52,57,11" hai2="62,46,66,128,131,17,102,27,83,36,60,120,87" hai3="94,67,54,111,29,38,58,45,101,110,77,99,65"/><V109/><F120/><W39/><G77/><T80/><D70/><U93/><E73/><V44/><F102/><W122/><G122/><T95/><D1/><U42/><E108/><N who="3" m="41514" /><G29/><T117/><D48/><U115/><E30/><V21/><F109/><W25/><G25/><T124/><D121/><U16/><E115/><V68/><F62/><N who="3" m="36183" /><G38/><T114/><D114/><U56/><E42/><AGARI ba="1,0" hai="39,42,45,65,67,94,99,101" m="36183,41514" machi="42" ten="30,2000,0" yaku="14,1,52,1" doraHai="43" who="3" fromWho="1" sc="415,0,195,-23,182,0,208,23" /><INIT seed="3,0,0,3,4,124" ten="415,172,182,231" oya="3" hai0="11,125,39,66,113,60,76,91,12,74,53,121,99" hai1="128,26,133,32,57,131,120,132,70,94,5,71,54" hai2="24,16,77,27,85,109,45,22,84,101,81,7,51" hai3="31,44,80,8,119,61,58,13,69,2,43,0,15"/><W21/><G119/><T49/><D121/><U107/><E107/><V115/><F115/><W23/><G69/><T127/><D76/><U83/><E5/><V48/><F109/><W96/><G80/><T50/><D74/><U9/><E9/><V37/><F37/><W126/><G126/><N who="0" m="48139" /><D39/><U72/><E94/><V108/><F108/><W38/><G96/><T86/><D53/><U46/><E46/><V40/><F101/><W25/><G21/><T4/><D99/><U20/><E32/><V28/><F7/><W100/><G100/><T41/><D41/><U106/><E106/><V118/><F118/><W30/><G31/><T47/><D47/><U130/><E83/><V89/><F45/><W114/><G15/><T3/><D3/><U18/><E72/><V97/><F97/><W19/><REACH who="3" step="1"/><G114/><REACH who="3" ten="415,172,182,221" step="2"/><T64/><D113/><U73/><E120/><V68/><F68/><N who="1" m="26153" /><E73/><V112/><F112/><W17/><G17/><T90/><D12/><U75/><E75/><V79/><F40/><W129/><G129/><N who="1" m="33026" /><U123/><DORA hai="59" /><E123/><V6/><F6/><W105/><G105/><T10/><D4/><U33/><E33/><V65/><F81/><W63/><G63/><AGARI ba="0,1" hai="18,20,26,54,57,63,132,133" m="33026,26153" machi="63" ten="50,12000,2" yaku="19,1,52,5" doraHai="124,59" who="1" fromWho="3" sc="415,0,172,130,182,0,221,-120" /><INIT seed="4,0,0,3,0,82" ten="415,302,182,101" oya="0" hai0="81,119,35,62,8,21,109,10,102,1,31,42,131" hai1="61,97,12,71,26,89,16,128,19,7,41,66,100" hai2="47,67,39,40,105,4,95,134,129,64,56,116,25" hai3="108,88,48,60,83,45,46,92,117,37,29,78,114"/><T70/><D119/><U59/><E128/><V23/><F105/><W57/><G108/><T98/><D131/><U112/><E112/><V51/><F116/><W3/><G117/><T69/><D42/><U90/><E41/><V38/><F129/><W135/><G114/><T111/><D21/><N who="1" m="13631" /><E71/><V103/><F134/><W104/><G135/><T0/><D31/><U58/><E7/><V122/><F122/><W84/><G104/><T14/><D35/><U133/><E133/><V52/><F4/><W32/><G3/><T2/><D14/><U110/><E59/><V127/><F127/><W80/><G37/><T125/><D125/><U106/><E106/><V101/><F38/><W75/><G48/><T99/><D62/><U63/><E63/><V130/><F130/><W22/><G32/><T76/><D70/><U6/><E6/><V53/><F95/><W43/><G43/><T94/><D69/><U120/><E110/><N who="0" m="41993" /><D99/><U18/><E120/><V118/><F118/><W33/><G33/><T13/><D13/><U65/><E65/><V126/><F126/><W132/><G132/><T85/><AGARI ba="0,0" hai="0,1,2,8,10,76,81,85,94,98,102" m="41993" machi="85" ten="40,3900,0" yaku="10,1,52,1" doraHai="82" who="0" fromWho="0" sc="415,39,302,-13,182,-13,101,-13" /><INIT seed="4,1,0,3,2,29" ten="454,289,169,88" oya="0" hai0="93,81,100,36,39,82,63,59,120,60,31,88,101" hai1="0,32,64,73,102,17,18,87,22,126,67,45,75" hai2="5,8,50,78,71,109,105,25,86,115,110,99,66" hai3="84,91,135,79,124,89,35,40,129,16,122,125,107"/><T1/><D1/><U134/><E32/><V42/><F115/><W43/><G107/><T83/><D120/><U55/><E0/><V12/><F25/><W26/><G122/><T104/><D104/><U106/><E126/><N who="3" m="48746" /><G135/><T47/><D31/><U6/><E6/><V97/><F66/><W62/><G129/><T30/><D30/><U58/><E18/><V113/><F71/><W34/><G62/><T27/><D27/><U33/><E33/><N who="3" m="12298" /><G79/><T74/><D74/><U119/><E75/><V117/><F113/><W112/><G112/><T23/><D63/><U116/><E106/><V28/><F28/><W70/><G70/><T13/><D39/><U9/><E134/><V7/><F105/><W53/><G53/><T11/><D36/><U46/><E55/><V3/><F42/><N who="3" m="15915" /><G84/><N who="0" m="52359" /><D47/><U68/><E46/><V56/><F78/><W20/><AGARI ba="1,0" hai="16,20,26,89,91" m="15915,12298,48746" machi="20" ten="40,8000,1" yaku="18,1,52,3,54,1" doraHai="29" who="3" fromWho="3" sc="454,-41,289,-21,169,-21,88,83" /><INIT seed="5,0,0,0,2,93" ten="413,268,148,171" oya="1" hai0="68,130,8,6,101,51,112,40,105,91,48,123,13" hai1="30,99,60,16,5,79,31,23,50,106,62,41,65" hai2="34,77,117,61,85,36,122,27,78,37,54,81,4" hai3="71,75,95,21,28,125,0,46,100,25,22,128,66"/><U29/><E5/><V116/><F122/><W109/><G109/><T92/><D68/><U104/><E79/><V70/><F77/><W103/><G75/><T69/><D69/><U39/><E39/><V107/><F107/><W52/><G0/><T64/><D112/><U19/><E19/><V119/><F4/><W83/><G125/><T131/><D64/><U73/><E73/><V35/><F27/><N who="3" m="16495" /><G71/><T17/><D40/><U98/><E106/><V3/><F3/><W96/><G66/><T124/><D123/><U63/><E104/><V14/><F14/><W135/><G128/><N who="0" m="49195" /><D124/><U38/><E38/><V72/><F85/><W108/><G108/><T26/><D101/><U2/><E2/><V7/><F7/><W110/><G135/><T134/><D105/><U57/><E65/><N who="2" m="41263" /><F54/><W33/><G33/><AGARI ba="0,0" hai="33,34,35,36,37,72,78,81,116,117,119" m="41263" machi="33" ten="40,1300,0" yaku="23,1" doraHai="93" who="2" fromWho="3" sc="413,0,268,0,148,13,171,-13" /><INIT seed="6,0,0,1,4,84" ten="413,268,161,158" oya="2" hai0="57,23,42,0,21,109,47,54,20,105,112,115,37" hai1="65,104,95,40,11,16,52,19,18,60,59,28,48" hai2="124,30,17,27,31,70,34,121,35,76,74,39,56" hai3="117,22,55,67,6,3,88,127,132,12,8,83,9"/><V78/><F70/><W129/><G117/><T131/><D109/><U2/><E104/><V126/><F39/><W118/><G118/><T125/><D105/><U68/><E28/><V45/><F121/><W1/><G127/><N who="2" m="48681" /><F45/><W4/><G129/><T63/><D125/><U77/><E77/><N who="2" m="29803" /><F74/><W133/><G67/><T82/><D0/><U135/><E135/><N who="3" m="51786" /><G55/><T92/><D82/><U106/><E106/><V72/><F72/><W120/><G120/><T113/><REACH who="0" step="1"/><D92/><REACH who="0" ten="403,268,161,158" step="2"/><U49/><E95/><V100/><F100/><W61/><G1/><T98/><D98/><U15/><REACH who="1" step="1"/><E2/><REACH who="1" ten="403,258,161,158" step="2"/><V32/><F30/><W64/><G83/><T86/><D86/><U43/><E43/><V122/><F122/><W114/><G3/><T102/><D102/><U107/><E107/><V53/><F31/><W71/><G114/><T5/><D5/><U41/><E41/><V14/><F35/><W85/><G4/><T36/><D36/><U38/><E38/><V116/><F116/><W62/><G6/><T24/><D24/><U26/><E26/><V69/><F27/><W73/><G73/><T91/><D91/><U66/><E66/><V128/><F34/><W97/><G97/><T110/><D110/><U134/><E134/><V108/><F108/><W10/><G88/><T130/><AGARI ba="0,2" hai="20,21,23,37,42,47,54,57,63,112,113,115,130,131" machi="130" ten="40,5200,0" yaku="1,1,0,1,15,1,53,0" doraHai="84" doraHaiUra="94" who="0" fromWho="0" sc="403,72,258,-13,161,-26,158,-13" /><INIT seed="7,0,0,2,1,92" ten="475,245,135,145" oya="3" hai0="22,32,68,6,77,93,107,3,45,110,26,1,130" hai1="55,46,10,61,78,79,60,99,70,52,82,30,23" hai2="16,122,97,29,104,73,50,36,103,135,74,17,102" hai3="72,98,14,119,125,111,51,133,84,19,38,127,94"/><W24/><G38/><T37/><D93/><U2/><E2/><N who="0" m="521" /><D77/><N who="1" m="29195" /><E82/><V47/><F36/><W39/><G119/><T13/><D45/><U118/><E70/><V112/><F112/><W95/><G72/><T48/><D48/><N who="1" m="28695" /><E10/><V40/><F135/><W66/><G39/><T64/><D64/><U15/><E55/><V86/><F122/><W120/><G120/><T115/><D107/><U4/><E4/><V106/><F29/><W83/><G133/><T34/><D130/><U116/><E15/><V56/><F103/><W44/><G111/><T33/><D68/><U12/><E12/><V5/><F104/><W123/><G66/><T65/><D65/><U58/><E58/><V128/><F5/><W105/><G123/><T20/><D115/><U131/><E23/><N who="0" m="8745" /><D37/><U113/><E30/><V114/><F114/><W75/><G75/><T85/><D85/><U11/><E11/><V62/><F128/><W129/><G129/><T108/><D26/><U59/><E113/><V81/><F74/><W8/><G105/><T134/><D134/><U89/><E59/><V42/><F73/><W31/><G24/><T35/><D35/><U49/><E49/><V101/><F42/><W80/><G80/><T69/><D69/><U54/><E131/><V121/><F121/><W25/><G51/><T109/><D110/><U76/><N who="1" m="29203" /><U7/><DORA hai="91" /><E54/><N who="2" m="34071" /><F101/><N who="3" m="60631" /><G83/><T9/><AGARI ba="0,0" hai="6,9,13,32,33,34,108,109" m="8745,521" machi="9" ten="40,2700,0" yaku="34,2" doraHai="92,91" who="0" fromWho="0" sc="475,27,245,-7,135,-7,145,-13" owari="502,60.2,238,3.8,128,-37.2,132,-26.8" /></mjloggm>