<mjloggm ver="2.3"><GO type="41" lobby="0"/><UN n0="%E9%BB%84%E3%81%AE%E5%A0%B4%E5%90%88" n1="%E5%A4%A7%E5%9E%8B%E7%8A%AC" n2="%67%61%72%75%63%69%61" n3="%E2%93%9D%4C%75%63%6B%79%4A" dan="14,15,14,15" rate="1935.85,2030.87,1893.51,2105.11" sx="M,M,M,M"/><TAIKYOKU oya="0"/><INIT seed="0,0,0,0,2,117" ten="250,250,250,250" oya="0" hai0="87,22,4,38,129,17,121,50,84,122,82,15,123" hai1="132,44,58,114,109,33,74,29,75,105,110,34,65" hai2="64,21,98,14,116,95,134,16,100,31,52,2,89" hai3="111,127,13,3,5,79,125,119,128,120,135,7,71"/><T46/><D38/><U91/><E114/><V63/><F2/><W9/><G71/><T54/><D129/><U28/><E132/><V101/><F116/><W39/><G79/><T77/><REACH who="0" step="1"/><D4/><REACH who="0" ten="240,250,250,250" step="2"/><U130/><E130/><V70/><F134/><W11/><G39/><T30/><D30/><U124/><E28/><V43/><F43/><W56/><G128/><T37/><D37/><U62/><E29/><V118/><F118/><W18/><G119/><T126/><D126/><U86/><E124/><V51/><REACH who="2" step="1"/><F31/><REACH who="2" ten="240,250,240,250" step="2"/><W106/><G127/><T102/><D102/><U60/><E33/><V49/><F49/><W78/><G125/><T69/><D69/><U85/><E34/><V57/><AGARI ba="0,2" hai="14,16,21,51,52,57,63,64,70,89,95,98,100,101" machi="57" ten="20,12000,2" yaku="1,1,0,1,7,1,54,2,53,1" doraHai="117" doraHaiUra="90" who="2" fromWho="2" sc="240,-60,250,-30,240,140,250,-30" /><INIT seed="1,0,0,5,3,3" ten="180,220,380,220" oya="1" hai0="76,100,46,83,42,44,48,19,36,23,21,9,108" hai1="120,135,29,106,62,37,43,64,112,50,40,33,90" hai2="63,103,75,65,66,73,132,1,15,47,129,99,69" hai3="74,124,80,88,16,61,2,22,59,12,128,116,34"/><U55/><E112/><V97/><F1/><W115/><G115/><T14/><D108/><U10/><E120/><V113/><F113/><W30/><G2/><T0/><D100/><U17/><E135/><V4/><F132/><W96/><G124/><T11/><D11/><U28/><E106/><V93/><F129/><W60/><G128/><T105/><D105/><U78/><E78/><V38/><F66/><W7/><G34/><T49/><D36/><U70/><E33/><V110/><F110/><W41/><G41/><T84/><D0/><U51/><E51/><V126/><F126/><W5/><G30/><T131/><D131/><U27/><E90/><V127/><F127/><W56/><G74/><T122/><D122/><U35/><E29/><V104/><F47/><W81/><G116/><T68/><D68/><U91/><E91/><V85/><F85/><N who="3" m="50223" /><G80/><T111/><D111/><U39/><E39/><V52/><F38/><W24/><G96/><T82/><D82/><U31/><E31/><V94/><F104/><W26/><G59/><T101/><D101/><U32/><E32/><V114/><F114/><W125/><G61/><T130/><D130/><U123/><E123/><V79/><F79/><W107/><G107/><T117/><D117/><U13/><REACH who="1" step="1"/><E37/><REACH who="1" ten="180,210,380,220" step="2"/><V119/><F119/><W6/><G125/><T58/><D58/><AGARI ba="0,1" hai="10,13,17,27,28,35,40,43,50,55,58,62,64,70" machi="58" ten="30,5800,0" yaku="1,1,2,1,7,1,53,0" doraHai="3" doraHaiUra="72" who="1" fromWho="0" sc="180,-58,210,68,380,0,220,0" /><INIT seed="1,1,0,0,2,107" ten="122,278,380,220" oya="1" hai0="55,83,108,63,20,5,25,115,66,84,40,35,71" hai1="36,117,61,90,6,77,102,101,106,51,11,104,57" hai2="58,120,65,87,52,49,50,1,59,12,18,113,45" hai3="46,114,133,93,75,70,127,132,74,16,19,96,68"/><U14/><E36/><V95/><F1/><W42/><G114/><T123/><D108/><U81/><E117/><V54/><F120/><W125/><G93/><T17/><D115/><U69/><E69/><N who="3" m="26730" /><G96/><T0/><D40/><U21/><E90/><V37/><F113/><W22/><G19/><T100/><D55/><U23/><E51/><V124/><F124/><N who="3" m="47691" /><G22/><T110/><D110/><U135/><E135/><N who="3" m="51786" /><G16/><T105/><D123/><U98/><E102/><V109/><F109/><W99/><G99/><T56/><D56/><U112/><E106/><V103/><F37/><AGARI ba="1,0" hai="37,42,46,74,75" m="51786,47691,26730" machi="37" ten="40,8000,1" yaku="18,1,20,1,23,1,52,2" doraHai="107" who="3" fromWho="2" sc="122,0,278,0,380,-83,220,83" /><INIT seed="2,0,0,0,0,116" ten="122,278,297,303" oya="2" hai0="80,5,25,22,96,52,33,34,44,37,4,74,81" hai1="47,63,109,111,70,41,42,31,20,32,108,105,126" hai2="94,21,39,79,110,40,88,65,135,15,92,100,129" hai3="38,76,99,112,16,124,64,19,26,102,30,53,48"/><V18/><F135/><W17/><G38/><T91/><D37/><U84/><E126/><V1/><F1/><W3/><G124/><T10/><D5/><U59/><E32/><V2/><F2/><W118/><G118/><T28/><D80/><U12/><E105/><V115/><F115/><W57/><G3/><T87/><D96/><U117/><E117/><V6/><F129/><W23/><G112/><T121/><D74/><U86/><E70/><V13/><F110/><W36/><G36/><T104/><D104/><U62/><E62/><V68/><F100/><W29/><G76/><T7/><D7/><U61/><E61/><V77/><F68/><W103/><G30/><T50/><REACH who="0" step="1"/><D121/><REACH who="0" ten="112,278,297,303" step="2"/><U46/><E84/><V90/><F6/><W56/><G99/><T113/><D113/><U72/><E86/><V85/><F65/><W114/><G114/><T132/><D132/><U95/><E72/><V122/><F122/><W128/><G128/><T130/><D130/><U54/><E95/><V97/><F39/><W51/><G64/><T60/><D60/><U71/><E71/><V119/><F119/><W127/><G127/><T125/><D125/><U24/><REACH who="1" step="1"/><E12/><AGARI ba="0,1" hai="4,10,12,22,25,28,33,34,44,50,52,81,87,91" machi="12" ten="30,3900,0" yaku="1,1,7,1,54,1,53,0" doraHai="116" doraHaiUra="66" who="0" fromWho="1" sc="112,49,278,-39,297,0,303,0" /><INIT seed="3,0,0,2,4,101" ten="161,239,297,303" oya="3" hai0="53,9,121,128,96,12,119,79,57,36,46,114,2" hai1="19,71,113,74,95,77,50,13,67,106,97,120,110" hai2="92,90,29,129,116,80,23,135,59,17,27,15,123" hai3="25,131,45,133,125,108,76,72,102,78,37,126,40"/><W88/><G72/><T16/><D121/><U26/><E120/><V39/><F116/><W58/><G102/><T14/><D119/><U83/><E113/><V64/><F123/><W11/><G131/><T0/><D128/><U49/><E110/><V48/><F39/><W69/><G69/><T44/><D114/><U118/><E118/><V89/><F129/><W20/><G11/><T54/><D79/><U91/><E26/><V32/><F135/><W81/><G58/><T42/><D96/><U122/><E122/><V134/><F134/><W63/><G63/><T111/><D111/><U43/><E43/><V52/><F80/><W18/><G133/><T75/><D75/><U4/><E4/><V82/><F82/><W10/><G10/><T94/><D94/><U70/><E106/><V3/><F3/><W65/><G65/><T115/><D115/><U51/><REACH who="1" step="1"/><E67/><REACH who="1" ten="161,229,297,303" step="2"/><V7/><F7/><W112/><G112/><T6/><D53/><U93/><E93/><V66/><REACH who="2" step="1"/><F90/><REACH who="2" ten="161,229,287,303" step="2"/><W56/><G88/><T34/><D2/><U5/><E5/><V33/><F33/><W22/><G108/><T105/><D0/><U73/><E73/><V38/><F38/><W35/><G37/><T21/><D34/><U47/><E47/><V84/><AGARI ba="0,2" hai="15,17,23,27,29,32,48,52,59,64,66,84,89,92" machi="84" ten="20,12000,2" yaku="1,1,0,1,7,1,25,2,54,1,53,1" doraHai="101" doraHaiUra="55" who="2" fromWho="2" sc="161,-30,229,-30,287,140,303,-60" /><INIT seed="4,0,0,0,5,19" ten="131,199,427,243" oya="0" hai0="4,74,130,120,67,113,127,33,13,50,94,7,1" hai1="9,39,36,45,10,83,57,23,111,85,68,65,32" hai2="108,35,69,12,52,54,28,82,131,103,129,123,47" hai3="21,93,117,96,87,105,60,44,104,119,134,26,62"/><T100/><D33/><U101/><E32/><V99/><F123/><W132/><G44/><T27/><D74/><U78/><E111/><V64/><F108/><W75/><G87/><T109/><D1/><U41/><E39/><V121/><F121/><W115/><G75/><T77/><D77/><U125/><E125/><V55/><F47/><W17/><G115/><T16/><D120/><U66/><E101/><V15/><F82/><W126/><G62/><T97/><D113/><U51/><E66/><V133/><F133/><N who="3" m="51307" /><G60/><T42/><D127/><U43/><E43/><V86/><F86/><W71/><G71/><T14/><D67/><U84/><E68/><V22/><F35/><W24/><G26/><T118/><D118/><N who="3" m="45065" /><G126/><T0/><D0/><U102/><E85/><V73/><F73/><W114/><G114/><T89/><D100/><AGARI ba="0,0" hai="17,21,24,93,96,100,104,105" m="45065,51307" machi="100" ten="30,2000,0" yaku="20,1,52,1" doraHai="19" who="3" fromWho="0" sc="131,-20,199,0,427,0,243,20" /><INIT seed="5,0,0,4,4,90" ten="111,199,427,263" oya="1" hai0="112,33,84,65,4,73,8,30,117,95,1,82,132" hai1="124,2,45,46,51,56,92,55,77,7,17,47,102" hai2="6,41,60,48,15,57,62,69,37,121,28,113,19" hai3="71,97,23,119,89,32,39,115,5,75,109,14,116"/><U34/><E124/><V44/><F121/><W59/><G71/><T127/><D112/><U78/><E34/><V94/><F113/><W88/><G39/><T86/><D132/><U107/><E107/><V24/><F6/><W10/><G75/><T58/><D117/><N who="3" m="45129" /><G32/><T100/><D73/><U12/><E7/><V29/><F69/><W49/><G109/><T118/><D127/><U40/><E2/><V3/><F3/><W18/><G97/><T66/><D118/><U72/><E40/><V42/><F62/><W0/><G115/><T133/><D133/><U20/><REACH who="1" step="1"/><E72/><REACH who="1" ten="111,189,427,263" step="2"/><V35/><F42/><W76/><G0/><T11/><D4/><U80/><E80/><V110/><F110/><W36/><G5/><T104/><D1/><U27/><E27/><V125/><F125/><W63/><G14/><T106/><D104/><U129/><E129/><V108/><F108/><W130/><G130/><T103/><D106/><U70/><E70/><V126/><F126/><W64/><G36/><T50/><D33/><U13/><E13/><V43/><F43/><W26/><G26/><T114/><D114/><U79/><E79/><V52/><F29/><W134/><G76/><T98/><D30/><U120/><E120/><V99/><F37/><W128/><G128/><T96/><D82/><U85/><E85/><V105/><F105/><W87/><G87/><T38/><D38/><U101/><E101/><N who="2" m="60663" /><F15/><W81/><G81/><T67/><D84/><U83/><E83/><V25/><F25/><W122/><G122/><T31/><D86/><U91/><E91/><V53/><F41/><RYUUKYOKU ba="0,1" sc="111,-15,189,15,427,15,263,-15" hai1="12,17,20,45,46,47,51,55,56,77,78,92,102" hai2="19,24,28,35,44,48,52,53,57,60" /><INIT seed="5,1,1,2,4,68" ten="96,204,442,248" oya="1" hai0="51,124,33,22,44,27,130,45,3,53,0,98,59" hai1="74,63,83,23,50,71,81,78,40,123,26,103,94" hai2="46,35,57,92,118,4,55,97,93,52,48,120,2" hai3="108,86,67,32,105,58,20,47,8,1,117,10,54"/><U30/><E123/><V133/><F120/><W126/><G32/><T100/><D33/><U69/><E83/><V84/><F118/><W7/><G108/><T114/><D114/><U79/><E79/><V134/><F35/><W75/><G67/><T102/><D130/><U14/><E63/><V60/><F84/><W89/><G10/><T131/><D131/><U9/><E40/><V24/><F24/><W64/><G126/><T76/><D76/><U82/><E82/><V128/><F128/><W80/><G105/><T125/><D45/><U62/><E50/><V119/><F119/><W5/><G7/><T129/><D129/><U28/><E28/><V112/><F4/><W106/><G106/><T132/><D132/><N who="2" m="50794" /><F2/><W49/><G117/><T18/><D102/><U61/><E71/><V85/><F112/><W88/><G75/><T95/><REACH who="0" step="1"/><D59/><REACH who="0" ten="86,204,442,248" step="2"/><U111/><E69/><V77/><F97/><W12/><G58/><T65/><D65/><U17/><REACH who="1" step="1"/><E111/><REACH who="1" ten="86,194,442,248" step="2"/><V73/><F73/><W42/><G64/><T34/><D34/><U135/><E135/><V122/><F122/><W6/><G47/><T41/><D41/><U29/><E29/><V38/><F38/><W127/><G42/><T90/><D90/><U109/><E109/><V43/><F43/><W66/><G89/><T56/><D56/><U11/><E11/><V115/><F115/><W39/><G8/><T110/><D110/><U96/><AGARI ba="1,3" hai="9,14,17,23,26,30,61,62,74,78,81,94,96,103" machi="96" ten="30,6000,0" yaku="1,1,0,1,53,1" doraHai="68" doraHaiUra="16" who="1" fromWho="1" sc="86,-21,194,93,442,-21,248,-21" /><INIT seed="5,2,0,5,3,24" ten="65,287,421,227" oya="1" hai0="37,25,40,21,109,95,127,46,64,86,72,49,82" hai1="54,68,35,71,61,27,30,69,103,74,16,12,57" hai2="88,2,1,99,91,44,17,4,43,92,75,79,3" hai3="126,58,52,87,60,51,114,8,66,13,65,123,85"/><U130/><BYE who="0" /><E130/><V6/><F17/><W22/><G123/><T38/><D38/><U112/><E112/><V19/><F91/><W28/><G126/><T7/><D7/><U135/><E135/><V106/><F106/><W39/><G39/><T33/><D33/><U89/><E74/><V67/><F67/><N who="3" m="25611" /><G114/><T73/><D73/><U63/><E103/><V5/><F19/><N who="3" m="8615" /><G60/><T134/><D134/><U9/><REACH who="1" step="1"/><E89/><REACH who="1" ten="65,277,421,227" step="2"/><V119/><F119/><W10/><G10/><T115/><D115/><U118/><E118/><V101/><F101/><W45/><G58/><T108/><D108/><U128/><E128/><V56/><F75/><W84/><G87/><T120/><D120/><U14/><E14/><V116/><F116/><W48/><G85/><T132/><D132/><U125/><E125/><V104/><F56/><W42/><G84/><T11/><D11/><U122/><E122/><V26/><F26/><N who="3" m="16471" /><G51/><AGARI ba="2,1" hai="9,12,16,27,30,35,51,54,57,61,63,68,69,71" machi="51" ten="40,7700,0" yaku="1,1,52,1,54,1,53,0" doraHai="24" doraHaiUra="18" who="1" fromWho="3" sc="65,0,277,93,421,0,227,-83" /><INIT seed="5,3,0,1,5,130" ten="65,370,421,144" oya="1" hai0="59,108,126,106,21,89,60,15,47,78,27,34,127" hai1="69,82,17,53,26,80,83,63,23,116,132,111,1" hai2="129,113,101,112,90,50,88,51,65,33,72,8,73" hai3="110,84,85,115,92,128,54,44,55,11,96,10,52"/><U99/><E116/><V6/><F33/><W43/><G110/><T122/><D122/><U71/><E111/><V104/><F65/><W45/><G128/><T102/><D102/><U20/><E1/><V25/><F25/><W41/><G115/><N who="2" m="44105" /><F129/><W58/><G58/><T39/><D39/><U4/><E4/><V70/><F70/><W79/><G79/><T42/><D42/><N who="3" m="15881" /><G96/><T95/><D95/><U28/><E132/><V46/><F101/><W31/><G31/><T133/><D133/><U38/><E38/><V107/><F72/><W30/><G30/><T16/><D16/><U87/><E99/><V3/><F73/><W131/><G92/><T76/><D76/><U12/><REACH who="1" step="1"/><E87/><REACH who="1" ten="65,360,421,144" step="2"/><N who="3" m="33354" /><G131/><T125/><D125/><U2/><E2/><V103/><F103/><W5/><G5/><T68/><D68/><U81/><N who="1" m="20480" /><DORA hai="124" /><U7/><E7/><V48/><F46/><AGARI ba="3,1" hai="10,11,44,45,46,52,54,55" m="33354,15881" machi="46" ten="30,7700,0" yaku="28,2,8,1,54,1" doraHai="130,124" who="3" fromWho="2" sc="65,0,360,0,421,-86,144,96" /><INIT seed="6,0,0,3,2,55" ten="65,360,335,240" oya="2" hai0="75,16,46,26,40,18,82,30,72,61,6,12,47" hai1="116,29,121,135,93,67,105,89,33,71,88,101,120" hai2="32,99,21,9,83,66,62,53,49,37,111,124,103" hai3="129,117,34,58,128,110,2,114,36,77,28,85,130"/><V84/><F37/><W35/><G117/><T118/><D118/><U63/><E116/><V108/><F32/><W20/><G110/><N who="2" m="42025" /><F124/><W106/><G106/><T122/><D122/><N who="1" m="47211" /><E135/><V4/><F21/><W50/><G2/><T100/><D100/><U69/><E69/><V48/><F49/><W15/><G114/><T5/><D5/><U87/><E89/><N who="2" m="51359" /><F48/><W1/><G36/><T19/><D19/><U94/><E29/><V70/><F53/><N who="3" m="32055" /><G1/><T113/><D113/><U44/><E33/><V25/><F25/><N who="3" m="16423" /><G15/><T74/><D74/><U97/><E44/><V56/><F70/><W3/><G3/><T98/><D98/><U27/><E27/><V79/><F79/><W0/><G0/><T39/><D39/><U78/><E78/><V81/><F81/><AGARI ba="0,0" hai="34,35,77,81,85,128,129,130" m="16423,32055" machi="81" ten="30,2000,0" yaku="19,1,52,1" doraHai="55" who="3" fromWho="2" sc="65,0,360,0,335,-20,240,20" /><AGARI ba="0,0" hai="63,67,71,81,87,88,93,94,97,101,105" m="47211" machi="81" ten="30,2000,0" yaku="13,1,54,1" doraHai="55" who="1" fromWho="2" sc="65,0,360,20,315,-20,260,0" /><INIT seed="7,0,0,1,1,78" ten="65,380,295,260" oya="3" hai0="19,42,81,68,45,62,74,36,128,131,28,100,118" hai1="63,115,129,93,13,29,114,127,5,59,32,14,7" hai2="92,56,126,9,10,43,15,107,51,21,40,106,48" hai3="132,90,1,64,20,105,37,57,109,75,95,98,102"/><W80/><G1/><T120/><D120/><U71/><E71/><V60/><F126/><W61/><G37/><T46/><D46/><U22/><E127/><V124/><F124/><W41/><G109/><T17/><D17/><U83/><E32/><V76/><F76/><W84/><G132/><T49/><D49/><U52/><E129/><V44/><F21/><W87/><G41/><T91/><D91/><U134/><E134/><V3/><F3/><W34/><G34/><T58/><D58/><U112/><E93/><V96/><F106/><W23/><G75/><T54/><D54/><U69/><E69/><V121/><F107/><W119/><G119/><T18/><D18/><U79/><E29/><V47/><F121/><W33/><G33/><T25/><D25/><U99/><E99/><V65/><REACH who="2" step="1"/><F15/><REACH who="2" ten="65,380,285,260" step="2"/><N who="1" m="5641" /><E22/><V72/><F72/><AGARI ba="0,1" hai="5,7,52,59,63,72,79,83,112,114,115" m="5641" machi="72" ten="30,3900,0" yaku="15,1,52,1,54,1" doraHai="78" who="1" fromWho="2" sc="65,0,380,49,285,-39,260,0" owari="65,-43.5,429,52.9,246,-15.4,260,6.0" /></mjloggm>