<mjloggm ver="2.3"><GO type="41" lobby="0"/><UN n0="%E2%93%9D%4C%75%63%6B%79%4A" n1="%E3%83%87%E3%82%B8%E3%82%BF%E3%83%AB%E5%90%9B" n2="%67%69%6C%62%65%79%27%73" n3="%EF%BC%81%E9%8A%80%EF%BC%81" dan="15,15,14,13" rate="2163.73,1987.53,1888.04,1951.75" sx="M,M,F,M"/><TAIKYOKU oya="0"/><INIT seed="0,0,0,2,3,46" ten="250,250,250,250" oya="0" hai0="101,16,105,128,58,71,98,42,3,134,69,82,28" hai1="27,41,22,1,63,30,106,124,52,75,78,118,2" hai2="45,20,85,7,9,13,90,44,135,50,100,99,8" hai3="127,31,73,112,95,15,49,37,29,17,129,48,47"/><T38/><D3/><U68/><E118/><V36/><F135/><W70/><G70/><T122/><D122/><U40/><E106/><V53/><F36/><W56/><G73/><T23/><D28/><U72/><E124/><V116/><F116/><W0/><G0/><T14/><D134/><U83/><E75/><V5/><F20/><W89/><G112/><T66/><D128/><U121/><E121/><V59/><F90/><W39/><G127/><T6/><D6/><U108/><E108/><V92/><REACH who="2" step="1"/><F85/><REACH who="2" ten="250,250,240,250" step="2"/><W94/><G129/><T84/><D38/><U117/><E117/><V32/><F32/><W119/><G119/><T111/><D111/><U80/><E22/><V12/><AGARI ba="0,1" hai="5,7,8,9,12,13,44,45,50,53,59,92,99,100" machi="12" ten="20,12000,2" yaku="1,1,0,1,7,1,9,1,8,1,52,1,53,0" doraHai="46" doraHaiUra="102" who="2" fromWho="2" sc="250,-60,250,-30,240,130,250,-30" /><INIT seed="1,0,0,5,5,86" ten="190,220,370,220" oya="1" hai0="100,18,82,9,116,93,45,74,107,32,54,79,135" hai1="120,1,105,127,133,115,70,88,43,6,103,94,33" hai2="24,114,109,78,83,128,59,0,23,7,75,39,26" hai3="110,30,77,17,41,61,130,90,34,64,10,112,125"/><U50/><E120/><V22/><F114/><W58/><G112/><T55/><D32/><U108/><E115/><V52/><F128/><W16/><G130/><T11/><D116/><U104/><E33/><V132/><F39/><W20/><G110/><T44/><D107/><U102/><E70/><V49/><F109/><W106/><G106/><N who="1" m="41066" /><E6/><V3/><F7/><W19/><G10/><T5/><D135/><U38/><E50/><V35/><F35/><W118/><G118/><T99/><D11/><U119/><E43/><V40/><F40/><W25/><G41/><T69/><D69/><U84/><E1/><V71/><F71/><W46/><G46/><T14/><D45/><U101/><E38/><V87/><F75/><W36/><G36/><T134/><D134/><U51/><E51/><V98/><F98/><W67/><G67/><T47/><D47/><U8/><E8/><V60/><F60/><W121/><G77/><T131/><D131/><U80/><E133/><V31/><REACH who="2" step="1"/><F132/><REACH who="2" ten="190,220,360,220" step="2"/><W85/><G121/><T13/><D5/><U92/><E108/><V4/><F4/><W12/><REACH who="3" step="1"/><G125/><REACH who="3" ten="190,220,360,210" step="2"/><T37/><D37/><U48/><E119/><V89/><F89/><W63/><G63/><T76/><D79/><N who="1" m="46111" /><E127/><V97/><F97/><W57/><G57/><T117/><D117/><U95/><E48/><V29/><AGARI ba="0,2" hai="0,3,22,23,24,26,29,31,49,52,59,78,83,87" machi="29" ten="20,8000,1" yaku="1,1,0,1,7,1,9,1,54,1,53,0" doraHai="86" doraHaiUra="129" who="2" fromWho="2" sc="190,-20,220,-40,360,100,210,-20" /><INIT seed="2,0,0,4,2,48" ten="170,180,460,190" oya="2" hai0="115,112,4,46,111,126,69,41,27,105,94,40,2" hai1="66,127,90,11,33,131,39,106,99,82,128,96,68" hai2="55,91,89,65,20,84,101,14,113,26,18,60,124" hai3="44,64,8,116,50,75,130,114,30,12,24,76,49"/><V100/><F113/><W123/><G114/><T34/><D105/><U72/><E39/><V58/><F124/><W71/><G123/><T93/><D69/><U59/><E33/><V135/><F135/><W85/><G75/><T119/><D126/><U117/><E127/><V7/><F91/><W77/><G116/><T62/><D4/><U35/><E35/><V118/><F118/><W42/><G130/><N who="1" m="49706" /><E68/><V86/><F86/><W0/><G0/><T78/><D2/><U36/><E36/><V104/><F104/><W103/><G103/><T83/><D62/><N who="1" m="38239" /><E117/><V133/><F133/><W3/><G3/><T108/><D119/><U73/><E11/><N who="2" m="4479" /><F65/><W63/><G50/><T10/><D115/><U45/><E45/><V125/><F125/><W54/><G85/><T32/><D46/><U80/><E90/><V98/><F98/><N who="1" m="37417" /><E106/><V5/><F5/><W109/><G42/><T23/><D41/><U16/><E16/><V61/><F61/><W95/><G95/><AGARI ba="0,0" hai="18,20,26,55,58,60,84,89,95,100,101" m="4479" machi="95" ten="30,2900,0" yaku="8,1,52,1" doraHai="48" who="2" fromWho="3" sc="170,0,180,0,460,29,190,-29" /><INIT seed="2,1,0,2,5,64" ten="170,180,489,161" oya="2" hai0="36,77,83,0,121,21,43,80,71,53,46,13,63" hai1="95,47,5,119,98,23,7,57,113,120,86,107,106" hai2="94,88,35,118,84,34,100,130,133,38,65,85,103" hai3="68,108,51,87,42,81,102,129,17,78,40,32,2"/><V124/><F118/><W117/><G117/><T27/><D121/><U59/><E119/><V45/><F124/><W28/><G2/><T111/><D0/><U15/><E113/><V74/><F74/><W18/><G129/><T93/><D111/><U4/><E120/><V72/><F72/><W132/><G132/><T131/><D131/><U128/><E128/><V97/><F130/><W105/><G108/><T54/><D13/><U61/><E47/><V62/><F133/><W30/><G30/><T10/><D10/><U79/><E107/><V110/><F110/><W73/><G73/><T92/><D54/><U55/><E106/><V58/><F85/><W135/><G135/><T39/><D39/><U122/><E122/><V14/><F14/><W75/><G75/><T41/><D43/><U50/><E23/><V114/><F114/><W33/><G33/><T76/><D83/><N who="1" m="47487" /><E15/><V26/><F26/><W101/><G101/><T8/><D80/><U70/><E70/><V29/><F29/><W22/><G68/><T12/><D77/><U96/><E95/><V69/><F58/><W19/><G32/><T104/><D76/><U123/><E123/><V52/><F38/><W67/><G67/><AGARI ba="1,0" hai="4,5,7,50,55,57,59,61,67,96,98" m="47487" machi="67" ten="30,1000,0" yaku="8,1" doraHai="64" who="1" fromWho="3" sc="170,0,180,13,489,0,161,-13" /><INIT seed="3,0,0,2,3,80" ten="170,193,489,148" oya="3" hai0="108,48,37,45,60,64,20,76,81,105,51,126,65" hai1="134,104,125,18,35,24,52,69,89,87,133,50,77" hai2="62,98,8,96,0,28,85,29,55,123,56,22,61" hai3="54,78,124,114,120,97,15,116,32,93,43,39,127"/><W26/><G120/><T3/><D105/><U79/><E104/><V7/><F123/><W107/><G107/><T47/><D3/><U66/><E125/><N who="3" m="48202" /><G116/><T74/><D126/><U9/><E66/><V128/><F128/><W19/><G114/><T130/><D108/><U11/><E69/><V111/><F111/><W4/><G4/><T53/><D37/><U63/><E63/><V88/><F62/><W99/><G78/><N who="1" m="29706" /><E18/><V31/><REACH who="2" step="1"/><F22/><REACH who="2" ten="170,193,479,148" step="2"/><N who="3" m="11647" /><G32/><T101/><D130/><U73/><E35/><V132/><F132/><N who="1" m="50793" /><E73/><V106/><F106/><W42/><G39/><T41/><D60/><U30/><E30/><V10/><F10/><W118/><G118/><T131/><D131/><U102/><E102/><V21/><F21/><W119/><G119/><T68/><D20/><U92/><E24/><V83/><AGARI ba="0,1" hai="0,7,8,28,29,31,55,56,61,83,85,88,96,98" machi="83" ten="30,7900,0" yaku="1,1,0,1,52,1,54,1,53,0" doraHai="80" doraHaiUra="44" who="2" fromWho="2" sc="170,-20,193,-20,479,89,148,-39" /><INIT seed="4,0,0,0,1,8" ten="150,173,568,109" oya="0" hai0="87,122,58,119,62,89,131,82,108,93,19,5,61" hai1="94,57,81,48,16,78,109,1,3,92,2,21,106" hai2="50,54,102,69,10,99,75,59,126,88,11,15,96" hai3="27,95,124,43,70,74,31,14,128,115,13,121,73"/><T55/><D122/><U53/><E109/><V41/><F69/><W85/><G121/><T66/><D108/><U22/><E106/><V33/><F75/><W120/><G120/><T112/><D131/><U105/><E105/><V60/><F33/><W80/><G70/><T129/><D129/><U86/><REACH who="1" step="1"/><E22/><REACH who="1" ten="150,163,568,109" step="2"/><V84/><F126/><W9/><G128/><T29/><D112/><U76/><E76/><V116/><F102/><W34/><G124/><T64/><D119/><U130/><E130/><V12/><F116/><W52/><G115/><T101/><D101/><U7/><E7/><N who="2" m="3167" /><F41/><W100/><G43/><T118/><D118/><U104/><E104/><V135/><F135/><W63/><G9/><T4/><D5/><U17/><E17/><N who="2" m="8447" /><F60/><W23/><G34/><T111/><D62/><U6/><E6/><V134/><F134/><W133/><G133/><T46/><D4/><U107/><E107/><V35/><F35/><W110/><G63/><T42/><D111/><U114/><E114/><V68/><F68/><W39/><G23/><T123/><D123/><U127/><E127/><V117/><F117/><W97/><G110/><T30/><D19/><U18/><E18/><V77/><F77/><W37/><G31/><T44/><D30/><U132/><E132/><V24/><F24/><AGARI ba="0,1" hai="1,2,3,16,21,24,48,53,57,78,81,86,92,94" machi="24" ten="40,5200,0" yaku="1,1,54,1,53,1" doraHai="8" doraHaiUra="47" who="1" fromWho="2" sc="150,0,163,62,568,-52,109,0" /><INIT seed="5,0,0,3,3,15" ten="150,225,516,109" oya="1" hai0="125,57,49,68,21,75,0,58,130,73,106,35,54" hai1="111,100,91,132,81,8,117,112,42,37,30,59,90" hai2="129,103,13,31,64,128,19,4,63,115,109,12,77" hai3="85,7,40,5,61,96,110,126,2,26,62,55,133"/><U95/><E117/><V135/><F115/><W93/><G110/><T56/><D35/><U114/><E132/><V22/><F109/><W74/><G74/><T107/><D68/><U46/><E111/><V84/><F135/><W24/><G133/><T89/><D0/><U69/><E69/><V53/><F103/><W71/><G40/><T20/><D89/><U36/><E30/><V6/><F31/><W50/><G126/><T99/><D99/><N who="1" m="59519" /><E59/><N who="2" m="35311" /><F64/><W116/><G85/><T123/><D123/><U119/><E119/><V51/><F51/><W25/><G2/><T104/><D130/><N who="2" m="50282" /><F13/><W34/><G34/><T134/><D134/><U44/><E8/><V52/><F52/><W41/><G41/><T102/><D125/><U27/><E27/><V118/><F118/><W108/><G116/><T3/><D3/><U113/><E81/><AGARI ba="0,0" hai="4,6,12,19,22,77,81,84" m="50282,35311" machi="81" ten="30,2000,0" yaku="19,1,52,1" doraHai="15" who="2" fromWho="1" sc="150,0,225,-20,516,20,109,0" /><INIT seed="6,0,0,3,4,84" ten="150,205,536,109" oya="2" hai0="113,11,112,133,110,23,6,52,7,10,132,89,62" hai1="5,19,33,49,101,29,60,72,15,86,122,65,102" hai2="109,58,70,59,9,125,126,106,92,127,36,82,46" hai3="111,45,96,53,22,41,131,27,104,63,30,68,114"/><V78/><F106/><W40/><G111/><T2/><D62/><U55/><E72/><V98/><F70/><W1/><G1/><N who="0" m="495" /><D52/><U83/><E5/><V128/><F109/><W120/><G120/><T97/><D110/><U69/><E122/><V25/><F128/><W48/><G131/><T99/><D99/><U12/><E29/><V73/><F25/><W121/><G121/><T80/><D97/><U90/><E33/><V50/><F9/><W95/><G104/><T21/><D80/><U17/><E12/><V118/><F36/><W54/><G114/><N who="0" m="44139" /><D89/><U14/><E14/><V87/><F73/><W129/><G129/><T91/><D91/><U47/><E19/><V71/><F71/><W44/><G68/><T119/><D119/><U100/><E100/><N who="2" m="60487" /><F118/><W93/><G93/><T88/><D88/><U115/><E115/><V77/><F77/><W3/><G3/><T74/><D74/><U105/><E105/><V135/><F135/><AGARI ba="0,0" hai="2,6,10,21,23,132,133,135" m="44139,495" machi="135" ten="30,7700,0" yaku="20,1,15,1,34,2" doraHai="84" who="0" fromWho="2" sc="150,77,205,0,536,-77,109,0" /><INIT seed="7,0,0,3,0,134" ten="227,205,459,109" oya="3" hai0="132,47,64,81,97,72,34,29,113,107,73,16,63" hai1="98,68,67,17,1,31,18,133,28,83,86,12,5" hai2="30,2,117,129,57,122,23,21,48,9,94,103,124" hai3="61,41,66,44,6,78,79,127,115,84,114,39,104"/><W35/><G104/><T91/><D47/><U55/><E133/><V54/><F117/><W0/><G35/><T20/><D132/><U7/><E68/><V80/><F129/><W121/><G121/><T60/><D63/><U118/><E118/><V102/><F124/><W100/><G100/><T58/><D29/><N who="1" m="11339" /><E67/><V76/><F122/><W135/><G135/><T65/><D65/><U119/><E1/><V105/><F105/><W46/><G46/><T45/><D113/><N who="3" m="43017" /><G84/><T25/><D34/><U24/><E119/><V26/><F23/><W109/><G109/><T50/><D107/><U108/><E108/><V74/><REACH who="2" step="1"/><F94/><REACH who="2" ten="227,205,449,109" step="2"/><W22/><G22/><T4/><D20/><N who="1" m="13327" /><E98/><V89/><F89/><W70/><G127/><T32/><D91/><N who="1" m="51679" /><E55/><V38/><F38/><W13/><G0/><T43/><D32/><U10/><AGARI ba="0,1" hai="5,7,10,12,18" m="51679,13327,11339" machi="10" ten="30,1100,0" yaku="8,1" doraHai="134" who="1" fromWho="1" sc="227,-3,205,21,449,-3,109,-5" owari="224,-17.6,226,2.6,446,54.6,104,-39.6" /></mjloggm>