<mjloggm ver="2.3"><GO type="41" lobby="0"/><UN n0="%E2%93%9D%4C%75%63%6B%79%4A" n1="%6B%75%6E%72%6F%6B%75" n2="%E3%82%BE%E3%82%BE%E3%82%BE%E3%82%BE%E3%82%BE%E3%83%95%E3%82%A3%E3%83%BC" n3="%54%6F%72%6F%79%61%70%64" dan="17,15,14,16" rate="2168.89,2064.98,1951.07,2054.33" sx="M,M,M,M"/><TAIKYOKU oya="0"/><INIT seed="0,0,0,4,5,86" ten="250,250,250,250" oya="0" hai0="44,128,22,106,113,77,123,64,24,134,5,23,28" hai1="87,67,21,51,62,34,94,133,111,98,2,17,120" hai2="52,131,41,65,115,33,6,95,122,92,57,130,27" hai3="93,132,9,45,119,46,110,125,50,96,32,55,37"/><T85/><D123/><U116/><E116/><V66/><F122/><W127/><G119/><T129/><D106/><U82/><E34/><V26/><F41/><W76/><G32/><T38/><D64/><N who="2" m="24682" /><F6/><W79/><G110/><T15/><D77/><U112/><E2/><V35/><F115/><W97/><G132/><T40/><D113/><U30/><E30/><V121/><F121/><W10/><G93/><N who="2" m="35913" /><F35/><W74/><G50/><T99/><D99/><U54/><E111/><V13/><F13/><W59/><G59/><T107/><D107/><U72/><E72/><V89/><F33/><W103/><G103/><T20/><D134/><U78/><E133/><V71/><F71/><W83/><G83/><T80/><D5/><U88/><E120/><V60/><F89/><W90/><G55/><T18/><REACH who="0" step="1"/><D23/><REACH who="0" ten="240,250,250,250" step="2"/><U29/><E112/><V42/><F42/><W16/><G79/><T36/><D36/><U91/><E98/><V117/><F117/><W14/><G76/><T75/><D75/><U61/><E78/><V4/><F4/><W70/><G74/><T49/><D49/><U105/><E105/><V84/><F84/><W3/><G37/><T47/><D47/><U114/><E114/><V8/><F8/><W118/><G46/><T109/><D109/><U63/><E51/><V19/><F131/><W53/><G45/><T101/><D101/><U81/><E67/><V135/><F130/><W73/><G73/><T43/><D43/><U12/><E54/><V56/><F135/><W39/><G39/><T69/><D69/><U126/><E21/><N who="2" m="13631" /><F57/><W124/><G96/><RYUUKYOKU ba="0,1" sc="240,15,250,-15,250,15,250,-15" hai0="15,18,20,22,24,28,38,40,44,80,85,128,129" hai2="27,52,56,60" /><INIT seed="0,1,1,2,3,33" ten="255,235,265,235" oya="0" hai0="117,131,133,79,74,89,132,86,124,67,50,39,38" hai1="116,113,83,109,40,125,111,118,110,29,128,70,22" hai2="115,3,24,87,93,73,63,88,90,106,15,58,57" hai3="43,36,10,26,103,76,46,4,49,18,98,122,25"/><T60/><D117/><N who="1" m="45163" /><E70/><V123/><F123/><W91/><BYE who="2" /><G122/><T130/><D79/><U11/><E40/><V71/><F71/><W13/><G76/><T54/><D74/><U52/><E83/><V129/><F129/><N who="0" m="49162" /><D89/><U82/><E82/><V104/><F104/><W108/><G108/><T126/><D86/><U30/><E128/><V120/><F120/><W65/><G65/><T34/><D34/><UN n2="%E3%82%BE%E3%82%BE%E3%82%BE%E3%82%BE%E3%82%BE%E3%83%95%E3%82%A3%E3%83%BC" /><U1/><E125/><N who="0" m="48233" /><D50/><U102/><E102/><V32/><F73/><W127/><G127/><T48/><D48/><U96/><E96/><V94/><F115/><W114/><G114/><T28/><D28/><U99/><E99/><V31/><F106/><W9/><G91/><T5/><D5/><N who="1" m="1455" /><E113/><V135/><F87/><W77/><G77/><T53/><D39/><U121/><E121/><V119/><F119/><W12/><G36/><T45/><D38/><U44/><E22/><V8/><F90/><W92/><AGARI ba="1,1" hai="4,9,10,12,13,18,25,26,43,46,49,92,98,103" machi="92" ten="20,2700,0" yaku="0,1,7,1,8,1" doraHai="33" who="3" fromWho="3" sc="255,-14,235,-8,265,-8,235,40" /><INIT seed="1,0,0,4,3,110" ten="241,227,257,275" oya="1" hai0="109,121,105,103,36,59,27,85,1,38,123,8,101" hai1="122,31,48,124,78,41,55,37,67,26,77,56,92" hai2="10,71,70,12,63,86,99,84,98,76,43,61,132" hai3="130,52,133,62,24,89,49,119,22,2,47,42,6"/><U126/><E122/><N who="0" m="46601" /><D109/><U23/><E67/><V45/><F132/><W16/><G130/><T17/><D85/><U114/><E92/><V134/><F134/><W51/><G133/><T131/><D131/><U90/><E90/><V64/><F63/><W57/><G119/><T113/><D59/><U81/><E41/><V87/><F71/><W69/><G69/><T33/><D17/><U95/><E95/><V53/><F53/><W4/><G2/><T3/><D8/><U127/><E37/><N who="0" m="14441" /><D113/><U50/><E114/><V15/><F76/><N who="1" m="29289" /><E81/><V80/><F80/><W65/><REACH who="3" step="1"/><G89/><REACH who="3" ten="241,227,257,265" step="2"/><T125/><D3/><U128/><E128/><V19/><F70/><W46/><AGARI ba="0,1" hai="4,6,16,22,24,42,46,47,49,51,52,57,62,65" machi="46" ten="20,12000,2" yaku="1,1,2,1,0,1,7,1,8,1,54,2,53,0" doraHai="110" doraHaiUra="72" who="3" fromWho="3" sc="241,-30,227,-60,257,-30,265,130" /><INIT seed="2,0,0,1,2,16" ten="211,167,227,395" oya="2" hai0="90,57,59,64,76,72,111,98,26,60,91,4,93" hai1="84,11,33,70,56,135,0,108,123,68,35,75,132" hai2="124,14,66,129,24,32,69,58,37,114,42,34,54" hai3="9,8,27,89,106,130,116,97,2,131,62,51,23"/><V122/><F114/><W101/><G116/><T21/><D111/><U50/><E75/><V113/><F113/><W73/><G73/><T99/><D4/><N who="1" m="1415" /><E108/><V15/><F122/><W128/><G2/><T29/><D72/><U43/><E84/><V86/><F124/><W18/><G51/><T85/><D76/><U63/><E50/><N who="2" m="31063" /><F86/><W61/><G89/><T10/><D10/><AGARI ba="0,0" hai="8,9,10,18,23,27,61,62,97,101,106,128,130,131" machi="10" ten="40,2600,0" yaku="19,1,52,1" doraHai="16" who="3" fromWho="0" sc="211,-26,167,0,227,0,395,26" /><INIT seed="3,0,0,2,4,32" ten="185,167,227,421" oya="3" hai0="50,28,115,10,83,70,6,114,110,11,130,121,25" hai1="55,67,37,134,81,2,51,79,19,36,44,109,111" hai2="66,88,41,45,18,65,0,100,12,92,60,77,95" hai3="23,118,112,91,48,113,102,135,1,69,93,124,105"/><W106/><G118/><T71/><D121/><U107/><E107/><V7/><F77/><W86/><G69/><T126/><D50/><U85/><E134/><V128/><F128/><W22/><G135/><T42/><D42/><U33/><E33/><V125/><F125/><W73/><G73/><T3/><D130/><U35/><E35/><V49/><F7/><W27/><G124/><T15/><D83/><U59/><E19/><V132/><F132/><W64/><G64/><T108/><D71/><U14/><E14/><V40/><F40/><W26/><G48/><T4/><D70/><U116/><E116/><V21/><F0/><W56/><G56/><T101/><D101/><U47/><E2/><V103/><F92/><W94/><G86/><T61/><D61/><U74/><E74/><V13/><F12/><W80/><G80/><T53/><D53/><U34/><E34/><V99/><F65/><W16/><G91/><T46/><D46/><N who="1" m="17451" /><E67/><V133/><F133/><W54/><G54/><T30/><D126/><U90/><E90/><V29/><F29/><N who="0" m="11370" /><D25/><U123/><E123/><V52/><F41/><W9/><G102/><T131/><D131/><U57/><E57/><AGARI ba="0,0" hai="13,18,21,45,49,52,57,60,66,88,95,99,100,103" machi="57" ten="30,7700,0" yaku="7,1,8,1,54,2" doraHai="32" who="2" fromWho="1" sc="185,0,167,-77,227,77,421,0" /><INIT seed="4,0,0,3,5,90" ten="185,90,304,421" oya="0" hai0="107,103,5,102,85,26,93,74,89,18,37,92,125" hai1="9,59,64,82,116,114,35,61,94,66,108,56,22" hai2="88,87,11,29,119,95,33,81,31,34,67,122,73" hai3="19,115,133,57,48,80,110,65,45,62,46,70,38"/><T100/><D37/><U58/><E108/><V106/><F122/><W128/><G110/><T49/><D74/><U78/><E35/><V112/><F67/><W86/><G115/><T105/><D5/><U127/><E116/><V36/><F119/><W97/><G128/><T14/><D26/><U53/><E127/><V51/><F36/><W27/><G97/><T16/><D125/><U15/><E22/><V39/><F39/><W7/><G7/><T79/><D79/><U123/><E123/><V6/><F112/><W101/><G101/><T120/><D120/><U23/><E23/><V24/><F106/><W0/><G0/><T124/><D124/><U54/><E59/><V12/><F51/><W77/><G70/><T104/><D49/><U126/><E126/><V42/><F42/><W68/><G68/><T47/><D47/><U84/><E114/><V91/><F73/><W30/><G19/><T96/><REACH who="0" step="1"/><D18/><REACH who="0" ten="175,90,304,421" step="2"/><U40/><E78/><V98/><F31/><W117/><G46/><T131/><D131/><U121/><E121/><V111/><F111/><W55/><G38/><T25/><D25/><U21/><E15/><V129/><F129/><W41/><G117/><T50/><D50/><U8/><E61/><V17/><F17/><W99/><G27/><T134/><D134/><U13/><E13/><V83/><F34/><W76/><G133/><T32/><D32/><U43/><E64/><V63/><F63/><W1/><G65/><T3/><D3/><U75/><E66/><V118/><F118/><W113/><G1/><T2/><D2/><U44/><E75/><RYUUKYOKU ba="0,1" sc="175,15,90,-15,304,15,421,-15" hai0="14,16,85,89,92,93,96,100,102,103,104,105,107" hai2="6,11,12,24,29,33,81,83,87,88,91,95,98" /><INIT seed="4,1,1,3,3,59" ten="190,75,319,406" oya="0" hai0="135,51,68,130,7,4,124,61,90,87,12,69,101" hai1="77,83,19,6,72,27,120,47,93,40,9,133,1" hai2="100,5,121,48,33,117,108,66,79,111,16,132,91" hai3="43,114,57,0,104,25,92,129,36,26,31,70,37"/><T45/><D101/><U116/><E133/><V89/><F121/><W14/><G104/><T62/><D135/><U103/><E116/><V22/><F33/><W32/><G70/><T85/><D130/><U8/><E120/><V96/><F117/><W67/><G0/><T24/><D124/><U97/><E9/><V17/><F5/><N who="0" m="2122" /><D69/><U71/><E71/><V134/><F79/><W73/><G73/><T58/><D68/><U35/><E19/><V65/><F48/><W38/><G43/><N who="0" m="25023" /><D24/><U39/><REACH who="1" step="1"/><E27/><REACH who="1" ten="190,65,319,406" step="2"/><V50/><F134/><W64/><G25/><T63/><D12/><U75/><E75/><V18/><F132/><W112/><G14/><T23/><D23/><U123/><E123/><V28/><F22/><W11/><G11/><T29/><D29/><U10/><E10/><V99/><F28/><W102/><G26/><T60/><D90/><U88/><E88/><V74/><F74/><W119/><G31/><T54/><AGARI ba="1,2" hai="54,58,60,61,62,63,85,87" m="25023,2122" machi="54" ten="30,12000,1" yaku="8,1,52,4" doraHai="59" who="0" fromWho="0" sc="190,143,65,-41,319,-41,406,-41" /><INIT seed="4,2,0,4,4,75" ten="333,24,278,365" oya="0" hai0="61,78,27,52,22,54,81,5,76,14,8,19,38" hai1="119,127,68,87,109,94,7,123,111,48,3,59,20" hai2="26,93,11,44,96,91,128,45,1,21,37,104,39" hai3="90,13,110,69,64,100,95,105,132,72,23,65,57"/><T33/><D38/><U118/><E68/><V67/><F104/><W102/><G69/><T29/><D61/><U51/><E3/><V117/><F128/><W18/><G110/><N who="1" m="41994" /><E7/><V40/><F117/><N who="1" m="44553" /><E20/><V47/><F67/><W12/><G132/><T79/><D81/><U34/><E34/><V129/><F129/><W49/><G105/><T25/><AGARI ba="2,0" hai="5,8,14,19,22,25,27,29,33,52,54,76,78,79" machi="25" ten="30,12000,1" yaku="0,1,52,3,54,1" doraHai="75" who="0" fromWho="0" sc="333,126,24,-42,278,-42,365,-42" owari="459,55.9,-18,-51.8,236,-16.4,323,12.3" /></mjloggm>