<mjloggm ver="2.3"><GO type="137" lobby="0"/><UN n0="%48%32%53%4F%34" n1="%E2%93%9D%4C%75%63%6B%79%4A" n2="%70%61%70%61%31%39%34%38" n3="%54%48%45%5F%46%4F%4F%4C" dan="12,11,12,10" rate="1761.81,1751.24,1762.51,1455.08" sx="M,M,M,M"/><TAIKYOKU oya="0"/><INIT seed="0,0,0,1,3,113" ten="250,250,250,250" oya="0" hai0="56,114,78,118,105,54,130,29,20,101,100,35,129" hai1="34,63,59,5,8,79,32,132,134,67,80,71,112" hai2="77,58,110,45,128,39,13,52,119,64,42,57,6" hai3="86,94,82,99,43,120,15,87,3,72,92,109,41"/><T48/><D114/><U30/><E112/><V107/><F107/><W44/><G109/><T88/><D35/><U40/><E40/><V47/><F77/><W70/><G3/><T33/><D33/><U26/><E34/><V74/><F74/><W65/><G72/><T124/><D124/><U84/><REACH who="1" step="1"/><E71/><REACH who="1" ten="250,240,250,250" step="2"/><V62/><F110/><W7/><G70/><T55/><D118/><U91/><E91/><V81/><F119/><W10/><G43/><T98/><D101/><U18/><E18/><V103/><F103/><W125/><G41/><T73/><D78/><U93/><E93/><V60/><F6/><W95/><G94/><N who="0" m="56647" /><D100/><U23/><E23/><V69/><F81/><W108/><G95/><T9/><D105/><U37/><E37/><V127/><F127/><W11/><G92/><T90/><D90/><U75/><E75/><V102/><F102/><W89/><G89/><T135/><D73/><U4/><E4/><V117/><F117/><W61/><G7/><T22/><D135/><U51/><E51/><V96/><F42/><W68/><G82/><T1/><D29/><U25/><E25/><V126/><F39/><W83/><G83/><T104/><D104/><U123/><E123/><V116/><F116/><W53/><G120/><T133/><D133/><U122/><E122/><V66/><F69/><W24/><G68/><T38/><D38/><U17/><E17/><V50/><F50/><W31/><G125/><T131/><D22/><U19/><E19/><V111/><F126/><W49/><G49/><N who="0" m="30799" /><D20/><U76/><E76/><V27/><F111/><W115/><G108/><RYUUKYOKU ba="0,1" sc="250,-10,240,30,250,-10,250,-10" hai1="5,8,26,30,32,59,63,67,79,80,84,132,134" /><INIT seed="1,1,1,5,5,5" ten="240,270,240,240" oya="1" hai0="83,58,18,43,113,61,21,34,114,52,82,130,97" hai1="70,132,127,126,30,29,54,24,12,60,1,49,78" hai2="134,111,96,95,55,3,101,59,46,118,106,110,25" hai3="84,41,107,33,119,89,37,123,73,50,92,72,17"/><U32/><E1/><V35/><F118/><W64/><G123/><T102/><D34/><U31/><E78/><V67/><F46/><W104/><G37/><T129/><D43/><U76/><E76/><V56/><F134/><W79/><G33/><T115/><D83/><U19/><E60/><V100/><F67/><W38/><G38/><T121/><D121/><U13/><E70/><V88/><F101/><W2/><G119/><T36/><D36/><U68/><E68/><V11/><F59/><W9/><G64/><T8/><D82/><U131/><E131/><V42/><F42/><W69/><G107/><T108/><D108/><U39/><E39/><V103/><F100/><W28/><G28/><N who="1" m="10858" /><E54/><V81/><F35/><W135/><G135/><T62/><D62/><U86/><E86/><V74/><F111/><W26/><G73/><T112/><N who="0" m="28672" /><DORA hai="6" /><T63/><D63/><U124/><E49/><V80/><F81/><W27/><G72/><T99/><D99/><U128/><E128/><N who="0" m="49257" /><D97/><U65/><E65/><V45/><F96/><W48/><G69/><T40/><D102/><U51/><E51/><V133/><F103/><W4/><G50/><T116/><D116/><U94/><E94/><V0/><F95/><W14/><G92/><T23/><D40/><U117/><E117/><V22/><F106/><W109/><G104/><T91/><D91/><U98/><E98/><V77/><F88/><W44/><G89/><T10/><D23/><N who="1" m="13439" /><E132/><V87/><F133/><W125/><G109/><T105/><D105/><U57/><E57/><V7/><F110/><W71/><G71/><RYUUKYOKU ba="1,1" sc="240,15,270,15,240,-15,240,-15" hai0="8,10,18,21,52,58,61" hai1="12,13,31,32,124,126,127" /><INIT seed="1,2,1,4,2,128" ten="255,285,225,225" oya="1" hai0="60,122,110,7,56,85,78,87,19,131,111,31,67" hai1="61,91,29,8,6,99,49,43,52,68,108,90,116" hai2="124,95,120,84,53,32,126,69,88,77,28,55,26" hai3="2,133,103,21,51,93,127,45,54,35,114,101,20"/><U9/><E116/><V92/><F120/><W97/><G127/><N who="2" m="48681" /><F69/><W37/><G133/><T74/><D122/><U25/><E43/><V100/><F77/><W62/><G114/><T130/><D7/><U115/><E115/><V18/><F18/><W102/><G35/><T129/><D31/><U119/><E119/><V3/><F3/><W40/><G2/><T94/><D19/><U4/><E108/><N who="0" m="41513" /><D94/><U0/><E99/><AGARI ba="2,1" hai="26,28,32,53,55,84,88,92,95,99,100" m="48681" machi="99" ten="30,2000,0" yaku="18,1,54,1" doraHai="128" who="2" fromWho="1" sc="255,0,285,-26,225,36,225,0" /><INIT seed="2,0,0,2,0,126" ten="255,259,261,225" oya="2" hai0="134,89,98,81,113,57,59,67,62,92,18,20,109" hai1="96,76,128,118,48,125,52,39,101,25,120,135,44" hai2="119,95,19,99,9,110,124,129,11,50,5,115,40" hai3="4,29,15,7,72,3,100,74,77,27,132,88,111"/><V45/><F119/><W56/><G111/><T34/><D109/><U30/><E118/><V43/><F124/><W26/><G132/><T14/><D34/><U21/><E125/><V106/><F106/><W47/><G100/><T121/><D121/><U130/><E135/><V8/><F110/><W55/><G3/><T41/><D134/><U86/><E39/><V46/><F115/><W10/><G47/><T97/><D113/><U78/><E86/><V127/><F19/><W28/><G4/><T108/><D108/><U117/><E117/><V49/><F127/><W22/><G77/><T103/><D41/><U64/><E64/><V102/><REACH who="2" step="1"/><F129/><REACH who="2" ten="255,259,251,225" step="2"/><N who="1" m="49769" /><E120/><V68/><F68/><W2/><G29/><T85/><D98/><U80/><E80/><V122/><F122/><W90/><G28/><T112/><D112/><U107/><AGARI ba="0,1" hai="21,25,30,44,48,52,76,78,96,101,107" m="49769" machi="107" ten="30,8000,1" yaku="19,1,52,3,54,1" doraHai="126" who="1" fromWho="1" sc="255,-20,259,90,251,-40,225,-20" /><INIT seed="3,0,0,3,2,134" ten="235,349,211,205" oya="3" hai0="37,99,68,7,41,4,25,85,28,76,89,104,8" hai1="35,5,86,36,112,111,117,59,56,34,118,120,66" hai2="77,135,47,14,82,101,63,44,51,55,103,91,107" hai3="21,71,39,116,43,102,42,130,29,125,98,113,31"/><W88/><G113/><T124/><D68/><U49/><E112/><V46/><F135/><W48/><G71/><T50/><D124/><U97/><E5/><V96/><F63/><W106/><G125/><T75/><D50/><U65/><E97/><V6/><F91/><W131/><G116/><T26/><D28/><U115/><E86/><V17/><F6/><W58/><G39/><T74/><D7/><U13/><E13/><V40/><F103/><W90/><G21/><T110/><D110/><U67/><E36/><V33/><F33/><N who="1" m="12297" /><E49/><V123/><F123/><W94/><G90/><T38/><D38/><U11/><E11/><V121/><F40/><N who="3" m="15403" /><G48/><T80/><D75/><U129/><E120/><V64/><F121/><W100/><G58/><N who="1" m="22058" /><E115/><V18/><F18/><W2/><G2/><N who="0" m="23" /><D104/><U105/><E105/><V22/><F64/><W109/><G109/><T81/><D99/><U83/><E111/><V3/><F3/><W62/><G62/><T114/><D114/><U57/><E57/><V61/><REACH who="2" step="1"/><F61/><REACH who="2" ten="235,349,201,205" step="2"/><W24/><G102/><T23/><D41/><U27/><E67/><V108/><F108/><W10/><G100/><T60/><D60/><U95/><E66/><V12/><F12/><W84/><G106/><T79/><D79/><U92/><E65/><V132/><F132/><W53/><G88/><T73/><D26/><U32/><E27/><V119/><F119/><W133/><G24/><T30/><D37/><U70/><E118/><V122/><F122/><W45/><G133/><T16/><D30/><U127/><E117/><V72/><AGARI ba="0,1" hai="14,17,22,44,46,47,51,55,72,77,82,96,101,107" machi="72" ten="20,2700,0" yaku="1,1,0,1,7,1,53,0" doraHai="134" doraHaiUra="69" who="2" fromWho="2" sc="235,-7,349,-7,201,37,205,-13" /><INIT seed="4,0,0,2,5,73" ten="228,342,238,192" oya="0" hai0="46,4,65,54,34,43,6,58,40,119,107,17,110" hai1="35,118,89,123,16,36,52,74,9,70,51,84,78" hai2="103,64,85,126,125,39,55,56,63,30,87,115,120" hai3="92,113,94,77,7,83,31,47,26,23,127,88,71"/><T13/><D119/><U79/><E36/><V49/><F120/><W112/><G71/><T97/><D34/><U18/><E74/><V109/><F30/><W76/><G127/><T134/><D110/><U100/><E70/><V93/><F109/><W45/><G7/><T117/><D117/><U3/><E35/><V28/><F28/><W75/><G75/><T67/><D134/><U10/><E100/><V105/><F105/><W90/><G83/><T69/><D69/><U37/><E37/><V102/><F39/><W8/><G8/><N who="1" m="3178" /><E3/><V66/><F93/><W96/><G47/><T27/><D107/><U29/><E29/><V41/><F41/><W68/><G45/><T129/><D129/><U59/><E123/><V135/><F135/><W53/><G53/><T15/><D43/><U38/><E38/><V86/><F66/><N who="0" m="25098" /><D17/><N who="1" m="6763" /><E118/><V22/><F125/><W48/><G68/><T98/><D27/><U81/><AGARI ba="0,0" hai="51,52,59,78,79,81,84,89" m="6763,3178" machi="81" ten="30,8000,1" yaku="8,1,52,2,54,2" doraHai="73" who="1" fromWho="1" sc="228,-40,342,80,238,-20,192,-20" /><INIT seed="5,0,0,4,0,1" ten="188,422,218,172" oya="1" hai0="90,116,23,30,66,129,22,26,112,45,105,73,51" hai1="79,58,5,27,133,28,36,122,126,41,3,88,4" hai2="56,14,25,128,114,83,38,70,98,87,31,123,6" hai3="120,49,100,53,52,33,135,103,89,113,10,95,54"/><U97/><E122/><V81/><F123/><W46/><G135/><T121/><D116/><U50/><E3/><V55/><F70/><W67/><G33/><T115/><D121/><U40/><E79/><V61/><F38/><W20/><G113/><N who="0" m="43595" /><D105/><U15/><E36/><V68/><F68/><W19/><G10/><T118/><D73/><U134/><E15/><V93/><F114/><W57/><G120/><T94/><D118/><U16/><E126/><V92/><F128/><W127/><G127/><T102/><D129/><U48/><E28/><V65/><F87/><W0/><G67/><T117/><D117/><U43/><E58/><V131/><F65/><W69/><G69/><T78/><D66/><U21/><E134/><V124/><F93/><W101/><G46/><T64/><D64/><U75/><E75/><V32/><F131/><W76/><G0/><T42/><D78/><U12/><E12/><V29/><F29/><W110/><G110/><T24/><D102/><U108/><E108/><V86/><F86/><N who="3" m="52663" /><G76/><T96/><D30/><U119/><E119/><V80/><F124/><W99/><G99/><T34/><D34/><U104/><E133/><V71/><F71/><W37/><G37/><T8/><D8/><U7/><E88/><V35/><F35/><W77/><G77/><T109/><D109/><U74/><REACH who="1" step="1"/><E74/><REACH who="1" ten="188,412,218,172" step="2"/><V9/><F80/><W18/><G103/><AGARI ba="0,1" hai="4,5,7,16,21,27,40,41,43,48,50,97,103,104" machi="103" ten="40,18000,2" yaku="1,1,2,1,52,3,54,1,53,0" doraHai="1" doraHaiUra="111" who="1" fromWho="3" sc="188,0,412,190,218,0,172,-180" /><AGARI ba="0,0" hai="6,9,14,25,31,32,55,56,61,81,83,92,98,103" machi="103" ten="30,2000,0" yaku="7,1,52,1" doraHai="1" who="2" fromWho="3" sc="188,0,602,0,218,20,-8,-20" owari="188,-21.2,602,70.2,238,3.8,-28,-52.8" /></mjloggm>