<mjloggm ver="2.3"><GO type="41" lobby="0"/><UN n0="%E3%81%82%E3%82%84%E3%81%A6%E3%81%83%E3%83%BC" n1="%54%6F%6D%6F%7A%6F%75" n2="%E2%93%9D%4C%75%63%6B%79%4A" n3="%E3%81%8A%E3%81%BF%E3%82%88" dan="14,14,18,14" rate="1931.32,1990.63,2219.36,1929.71" sx="M,M,M,F"/><TAIKYOKU oya="0"/><INIT seed="0,0,0,2,0,12" ten="250,250,250,250" oya="0" hai0="36,41,115,27,64,91,16,113,28,84,73,90,3" hai1="65,45,4,43,50,87,21,57,23,52,56,13,108" hai2="61,53,126,18,133,5,55,63,2,40,25,77,88" hai3="11,20,54,117,76,29,89,32,30,93,111,14,81"/><T123/><D73/><U128/><E108/><V58/><F126/><W95/><G117/><T129/><D3/><U44/><E128/><V82/><F133/><W33/><G111/><T47/><D123/><U103/><E103/><V125/><F125/><W60/><G33/><T78/><D129/><U80/><E65/><V86/><F40/><W66/><G54/><T114/><D64/><U59/><E4/><V71/><F71/><W68/><G32/><T31/><D78/><U121/><E121/><V26/><F5/><W46/><G46/><T102/><D102/><U15/><E15/><V83/><F2/><W79/><G79/><T6/><D6/><U119/><E119/><V10/><F63/><W107/><G107/><T135/><D135/><U106/><E13/><N who="2" m="7479" /><F55/><W72/><G20/><T62/><D62/><U105/><E105/><V69/><F69/><W37/><G37/><T39/><D39/><U130/><E106/><V118/><F118/><W24/><G24/><N who="2" m="9321" /><F77/><W34/><G34/><T0/><D0/><U100/><E130/><V70/><F70/><W92/><REACH who="3" step="1"/><G89/><REACH who="3" ten="250,250,250,240" step="2"/><T75/><D90/><U127/><E127/><V9/><F9/><W131/><G131/><T97/><D91/><U99/><E52/><V98/><F98/><W85/><G85/><T124/><D124/><U42/><E45/><V22/><F22/><W51/><G51/><T8/><D8/><U49/><E49/><V94/><AGARI ba="0,1" hai="53,58,61,82,83,86,88,94" m="9321,7479" machi="94" ten="30,4000,0" yaku="8,1,52,1,54,1" doraHai="12" who="2" fromWho="2" sc="250,-20,250,-10,250,50,240,-10" /><INIT seed="1,0,0,4,4,50" ten="230,240,300,230" oya="1" hai0="91,6,117,49,79,15,45,78,125,31,33,87,62" hai1="51,10,29,118,135,7,38,112,77,60,89,95,90" hai2="2,61,115,113,27,93,127,64,97,103,18,14,36" hai3="102,129,37,123,42,72,44,132,40,58,108,76,81"/><U48/><E112/><V71/><F2/><W19/><G123/><T130/><D117/><U22/><E118/><V75/><F75/><W121/><G121/><T43/><D125/><U12/><E135/><V83/><F36/><W66/><G108/><T120/><D120/><U57/><E38/><V0/><F0/><W101/><G129/><T11/><D130/><U41/><E77/><V133/><F133/><W25/><G42/><T8/><D8/><U116/><E116/><V30/><F83/><W20/><G132/><T134/><D134/><U128/><E128/><V88/><F127/><W23/><G66/><T107/><D107/><U126/><E126/><V46/><F46/><W96/><G96/><T104/><D104/><U9/><E9/><V105/><F18/><W85/><G72/><T84/><D84/><U13/><E41/><V32/><REACH who="2" step="1"/><F14/><REACH who="2" ten="230,240,290,230" step="2"/><W100/><G58/><T80/><D31/><U131/><E131/><V17/><F17/><W99/><G25/><T74/><D74/><U55/><E13/><V67/><F67/><W124/><G124/><T35/><D15/><U68/><E12/><V4/><F4/><W86/><G19/><T106/><D6/><U94/><E7/><V26/><F26/><W47/><G44/><T24/><D24/><U39/><E39/><V59/><F59/><W110/><G110/><T1/><D1/><U21/><E57/><V16/><F16/><W98/><G86/><AGARI ba="0,1" hai="27,30,32,61,64,71,86,88,93,97,103,105,113,115" machi="86" ten="40,8000,1" yaku="1,1,25,2,54,1,53,1" doraHai="50" doraHaiUra="92" who="2" fromWho="3" sc="230,0,240,0,290,90,230,-80" /><INIT seed="2,0,0,5,3,44" ten="230,240,380,150" oya="2" hai0="92,121,33,99,113,77,79,101,128,56,96,83,74" hai1="93,6,108,68,105,34,129,127,13,67,54,62,134" hai2="70,125,114,81,15,123,76,130,28,104,132,112,8" hai3="9,30,38,19,36,131,61,55,37,95,109,16,26"/><V27/><F70/><W63/><G109/><T120/><D33/><U25/><E108/><V97/><F123/><W40/><G131/><T117/><D113/><U45/><E105/><V71/><F71/><W119/><G119/><T115/><D115/><U94/><E129/><V60/><F130/><W73/><G73/><T29/><D128/><U65/><E65/><V53/><F125/><W22/><G40/><T42/><D29/><U57/><E127/><V87/><F132/><W88/><G9/><T43/><D117/><U14/><E134/><V122/><F122/><W126/><G126/><T91/><D79/><U78/><E78/><V11/><F11/><W17/><REACH who="3" step="1"/><G55/><REACH who="3" ten="230,240,380,140" step="2"/><T39/><D43/><U124/><E124/><V12/><F8/><W85/><AGARI ba="0,1" hai="16,17,19,22,26,30,36,37,38,61,63,85,88,95" machi="85" ten="40,12000,2" yaku="1,1,2,1,0,1,54,2,53,1" doraHai="44" doraHaiUra="89" who="3" fromWho="3" sc="230,-30,240,-30,380,-60,140,130" /><INIT seed="3,0,0,0,5,49" ten="200,210,320,270" oya="3" hai0="36,100,51,64,15,129,14,82,104,39,61,130,98" hai1="84,12,113,38,114,46,56,131,109,4,81,121,105" hai2="43,80,126,41,55,116,101,13,60,110,28,62,53" hai3="125,7,65,135,111,31,58,75,24,76,70,6,19"/><W32/><G125/><T96/><D82/><U54/><E121/><V9/><F116/><W18/><G135/><T94/><D51/><U77/><E105/><V29/><F110/><W134/><G134/><T124/><D124/><U57/><E109/><V117/><F126/><W90/><G70/><T23/><D23/><U91/><E131/><V103/><F80/><W59/><G76/><T68/><D15/><U0/><E91/><V8/><F117/><W128/><G75/><T92/><D104/><U132/><E132/><V10/><F10/><W97/><G128/><N who="0" m="49259" /><D14/><AGARI ba="0,0" hai="8,9,13,14,28,29,41,43,53,55,60,62,101,103" machi="14" ten="25,8000,1" yaku="22,2,8,1,52,2" doraHai="49" who="2" fromWho="0" sc="200,-80,210,0,320,80,270,0" /><INIT seed="4,0,0,2,3,103" ten="120,210,400,270" oya="0" hai0="58,97,72,59,80,46,32,24,130,42,113,67,35" hai1="76,129,108,106,68,98,54,104,75,36,101,38,23" hai2="65,17,111,39,125,74,22,121,7,70,1,81,89" hai3="20,49,92,110,51,5,102,120,57,13,29,61,60"/><T55/><D113/><U48/><E108/><V45/><F121/><W14/><G110/><T93/><D130/><U56/><E129/><V135/><F65/><W9/><G120/><T34/><D72/><U126/><E68/><V16/><F70/><W47/><G47/><T96/><D80/><U114/><E114/><V86/><F125/><W15/><G15/><T27/><D67/><U31/><E75/><V41/><F135/><W66/><G61/><T133/><D133/><U83/><E126/><V4/><F111/><W73/><G73/><T8/><D8/><U85/><REACH who="1" step="1"/><E104/><REACH who="1" ten="120,200,400,270" step="2"/><V112/><F112/><W52/><G102/><T44/><D55/><U37/><E37/><V77/><F39/><W50/><G52/><T11/><D42/><U10/><E10/><V0/><F41/><W71/><G71/><T53/><D53/><U99/><E99/><N who="0" m="37961" /><D11/><U6/><E6/><V88/><F7/><W127/><G127/><T123/><D123/><U28/><BYE who="0" /><E28/><V69/><F4/><W100/><G9/><T128/><D128/><U82/><E82/><V90/><F69/><W62/><G5/><T131/><D131/><U12/><E12/><V2/><F74/><W107/><G107/><T124/><D124/><U122/><E122/><V30/><REACH who="2" step="1"/><F45/><REACH who="2" ten="120,200,390,270" step="2"/><W18/><G66/><T94/><D94/><U33/><E33/><V134/><F134/><W119/><G92/><T91/><D91/><U115/><E115/><V95/><F95/><W78/><G100/><T43/><D43/><U132/><E132/><V117/><F117/><W109/><G119/><T116/><D116/><RYUUKYOKU ba="0,2" sc="120,-15,200,15,390,15,270,-15" hai1="23,31,36,38,48,54,56,76,83,85,98,101,106" hai2="0,1,2,16,17,22,30,77,81,86,88,89,90" /><INIT seed="5,1,2,3,2,109" ten="105,215,405,255" oya="1" hai0="130,7,92,75,15,93,135,53,56,38,114,97,129" hai1="71,127,16,128,2,47,98,131,126,133,11,102,80" hai2="29,23,52,119,95,63,20,91,6,55,113,103,37" hai3="44,82,110,8,28,79,41,17,132,1,74,73,49"/><U33/><E33/><V117/><F37/><W84/><G110/><T36/><D36/><U116/><E116/><V5/><F103/><W30/><G132/><T50/><D50/><U48/><E71/><V42/><F42/><W78/><G78/><T70/><D70/><U65/><E65/><V35/><F35/><W60/><G60/><T32/><D32/><U112/><E112/><V88/><F95/><W13/><REACH who="3" step="1"/><G1/><REACH who="3" ten="105,215,405,245" step="2"/><T118/><D118/><U123/><E133/><V31/><F63/><W89/><G89/><T120/><D120/><U59/><E123/><V46/><F46/><W77/><G77/><T99/><D99/><U21/><E47/><V76/><F76/><W25/><G25/><T86/><D86/><U58/><E2/><V66/><F66/><W0/><G0/><T40/><D40/><U96/><E127/><V108/><F108/><W64/><G64/><T19/><D19/><U94/><E16/><V45/><F45/><W26/><G26/><T115/><D115/><AGARI ba="1,3" hai="5,6,20,23,29,31,52,55,88,91,113,115,117,119" machi="115" ten="25,12000,2" yaku="22,2,52,2,54,2" doraHai="109" who="2" fromWho="0" sc="105,-123,215,0,405,153,245,0" owari="-18,-51.8,215,-18.5,558,65.8,245,4.5" /></mjloggm>