<mjloggm ver="2.3"><GO type="41" lobby="0"/><UN n0="%4A%73%61%6B%6F%61%69" n1="%E2%93%9D%4C%75%63%6B%79%4A" n2="%E7%8B%97%E5%AE%8C%E4%BA%86%E9%80%81" n3="%E3%82%A2%E3%82%BA%E3%83%86%E3%83%83%E3%82%AF" dan="15,13,15,15" rate="2041.20,1830.67,2029.18,1968.46" sx="M,M,F,M"/><TAIKYOKU oya="0"/><INIT seed="0,0,0,5,5,57" ten="250,250,250,250" oya="0" hai0="64,3,20,31,105,104,49,60,67,133,33,6,74" hai1="43,102,93,125,18,121,71,61,89,66,23,46,99" hai2="54,5,135,26,124,131,32,120,75,92,0,123,44" hai3="108,134,97,109,70,72,110,101,15,87,88,51,62"/><T35/><D74/><U24/><E125/><V22/><F75/><W85/><G72/><T65/><D133/><U114/><E114/><V90/><F135/><W95/><G134/><T38/><D38/><U63/><E121/><V112/><F112/><W30/><G15/><T4/><D20/><U17/><E63/><V118/><F124/><W81/><G51/><T27/><D49/><U69/><E71/><V117/><F131/><W127/><G30/><T53/><D35/><U115/><E115/><V122/><F32/><W68/><G127/><T107/><REACH who="0" step="1"/><D3/><REACH who="0" ten="240,250,250,250" step="2"/><U48/><REACH who="1" step="1"/><E102/><REACH who="1" ten="240,240,250,250" step="2"/><V56/><F123/><W25/><G62/><T40/><D40/><U8/><E8/><V29/><F122/><W28/><REACH who="3" step="1"/><G87/><REACH who="3" ten="240,240,250,240" step="2"/><T59/><AGARI ba="0,3" hai="4,6,27,31,33,53,59,60,64,65,67,104,105,107" machi="59" ten="40,7800,0" yaku="1,1,0,1,52,1,53,0" doraHai="57" doraHaiUra="80" who="0" fromWho="0" sc="240,108,240,-26,250,-26,240,-26" /><INIT seed="0,1,0,1,5,68" ten="348,214,224,214" oya="0" hai0="105,123,4,90,114,128,87,38,58,21,81,12,41" hai1="109,15,99,125,46,53,117,56,3,1,85,67,22" hai2="103,36,2,62,71,75,92,89,76,82,77,11,130" hai3="132,102,51,61,64,42,63,30,79,33,14,83,0"/><T72/><D114/><U113/><E113/><V86/><F130/><W119/><G119/><T40/><D123/><U120/><E120/><V50/><F77/><W29/><G0/><T48/><D105/><U98/><E67/><V55/><F103/><W60/><G132/><T116/><D116/><U25/><E3/><V126/><F126/><W47/><G102/><T44/><D128/><U108/><E1/><V31/><F31/><W8/><G33/><T115/><D115/><U97/><E46/><V27/><F27/><W91/><G91/><T129/><D129/><U93/><E15/><V127/><F127/><W107/><G107/><T133/><D133/><U32/><E32/><V39/><F62/><W26/><G26/><T65/><D72/><U59/><E53/><V131/><F71/><W57/><G63/><N who="0" m="38135" /><D38/><U5/><E5/><V135/><F135/><W23/><G61/><T84/><D84/><U70/><E70/><V45/><REACH who="2" step="1"/><F131/><REACH who="2" ten="348,214,214,214" step="2"/><W24/><G30/><T78/><D78/><U111/><E125/><V17/><F17/><W101/><G101/><T19/><D4/><AGARI ba="1,1" hai="2,4,11,36,39,45,50,55,75,76,82,86,89,92" machi="4" ten="40,5200,0" yaku="1,1,52,2,53,0" doraHai="68" doraHaiUra="121" who="2" fromWho="0" sc="348,-55,214,0,214,65,214,0" /><INIT seed="1,0,0,4,5,4" ten="293,214,279,214" oya="1" hai0="46,115,11,94,33,133,22,89,101,95,52,118,2" hai1="65,112,129,51,55,107,5,27,97,29,90,58,53" hai2="7,1,119,71,105,21,120,20,18,44,81,70,109" hai3="16,17,110,99,66,135,36,104,50,35,61,28,117"/><U82/><E112/><V37/><F119/><W60/><G36/><T64/><D115/><U116/><E116/><V96/><F120/><W130/><G117/><T23/><D33/><U124/><E124/><V42/><F109/><W40/><G110/><T47/><D133/><U30/><E65/><V80/><F71/><W15/><G135/><T98/><D64/><U102/><E129/><V92/><F105/><W63/><G130/><T128/><D128/><U45/><E5/><V114/><F114/><W83/><G17/><T24/><D118/><U125/><E125/><V84/><F70/><W0/><G0/><T87/><D46/><U88/><E82/><V85/><F81/><W127/><G127/><T31/><D2/><U79/><E79/><V9/><F18/><W13/><G13/><T19/><D11/><U67/><E67/><V41/><F41/><W62/><G99/><T121/><D121/><U14/><E14/><V74/><F85/><W91/><G104/><T113/><D113/><U111/><E111/><V39/><F39/><W56/><G28/><T57/><D47/><U26/><E27/><V75/><F75/><W77/><G91/><T103/><D103/><U38/><E30/><V12/><F12/><W100/><G100/><T54/><REACH who="0" step="1"/><D57/><REACH who="0" ten="283,214,279,214" step="2"/><U73/><E38/><V72/><F37/><W132/><G35/><T49/><D49/><N who="1" m="31087" /><E73/><V123/><F74/><N who="3" m="43447" /><G132/><T122/><D122/><U59/><E59/><V76/><F123/><W108/><G108/><T69/><D69/><U78/><E78/><V8/><F72/><W86/><G66/><T131/><D131/><RYUUKYOKU ba="0,1" sc="283,15,214,15,279,-15,214,-15" hai0="19,22,23,24,31,52,54,87,89,94,95,98,101" hai1="26,29,45,51,53,88,90,97,102,107" /><INIT seed="1,1,1,4,0,28" ten="298,229,264,199" oya="1" hai0="123,34,74,14,25,122,64,60,110,98,101,22,107" hai1="48,121,134,11,20,54,13,43,32,113,88,52,10" hai2="128,118,53,0,87,62,4,89,78,125,45,16,12" hai3="44,55,17,132,39,84,83,21,75,117,81,71,33"/><U80/><E121/><N who="0" m="46089" /><D110/><U100/><E113/><V2/><F118/><W15/><G117/><T36/><D36/><U95/><E32/><V67/><F78/><W18/><G132/><T103/><D103/><U38/><E38/><V41/><F53/><N who="1" m="20585" /><E134/><V66/><F4/><W58/><G71/><N who="0" m="42375" /><D14/><U26/><E100/><V86/><F86/><W69/><G69/><T57/><D57/><U27/><E80/><V126/><F128/><W76/><G33/><T63/><D63/><U5/><E11/><V124/><F87/><W31/><G31/><N who="0" m="19823" /><D22/><U116/><E116/><V91/><F0/><W9/><G39/><T59/><D59/><U70/><E70/><N who="2" m="42327" /><F2/><W106/><G44/><T19/><D19/><U111/><E111/><V93/><F67/><W133/><G133/><T115/><D74/><U24/><E48/><N who="2" m="26671" /><F93/><W42/><G18/><T56/><D56/><U127/><E43/><V109/><F109/><W114/><G42/><T102/><D102/><U47/><E47/><V61/><F61/><W112/><G21/><AGARI ba="1,1" hai="12,16,21,89,91,124,125,126" m="26671,42327" machi="21" ten="30,2000,0" yaku="18,1,54,1" doraHai="28" who="2" fromWho="3" sc="298,0,229,0,264,33,199,-23" /><INIT seed="2,0,0,5,2,26" ten="298,229,297,176" oya="2" hai0="133,107,51,59,80,98,39,101,53,118,119,92,9" hai1="15,83,87,40,4,122,111,67,96,103,41,31,48" hai2="63,8,72,64,126,97,6,91,135,76,62,20,13" hai3="46,56,57,7,75,43,90,3,2,42,36,128,58"/><V60/><F135/><W125/><G128/><T34/><D34/><U37/><E37/><V116/><F116/><N who="0" m="44586" /><D39/><U110/><E67/><V24/><F126/><W120/><G125/><T14/><D133/><U95/><E122/><V54/><F76/><W44/><G120/><T127/><D127/><U89/><E4/><V12/><F72/><W25/><G75/><T28/><D80/><U10/><E48/><V115/><F115/><W113/><G113/><T104/><D28/><U84/><E31/><V77/><F77/><W100/><G7/><AGARI ba="0,0" hai="7,9,14,51,53,59,92,98,101,104,107" m="44586" machi="7" ten="30,1000,0" yaku="12,1" doraHai="26" who="0" fromWho="3" sc="298,10,229,0,297,0,176,-10" /><INIT seed="3,0,0,1,3,66" ten="308,229,297,166" oya="3" hai0="15,127,53,62,46,10,24,125,123,19,4,52,132" hai1="90,96,85,135,5,67,56,133,74,14,29,112,22" hai2="48,88,25,116,18,1,115,83,35,30,64,89,54" hai3="124,104,119,63,58,55,80,16,23,120,40,101,111"/><W91/><G120/><T31/><D123/><U134/><E74/><V128/><F116/><W69/><G119/><T95/><D132/><U44/><E112/><V72/><F1/><W114/><G114/><T47/><D95/><U36/><E96/><V103/><F115/><W73/><G124/><N who="0" m="47691" /><D4/><U68/><E56/><V0/><F0/><W126/><G126/><T75/><D75/><U33/><E33/><V131/><F64/><W51/><G111/><T39/><D62/><N who="1" m="40055" /><E29/><V102/><F18/><W43/><G101/><N who="2" m="38409" /><F72/><W59/><G104/><T49/><D39/><U93/><E44/><N who="0" m="16937" /><D49/><U130/><E36/><V78/><F78/><W77/><G91/><T71/><D71/><U28/><E5/><V99/><F83/><W87/><G69/><T84/><D84/><U26/><E14/><V27/><F25/><N who="3" m="14567" /><G73/><T9/><D9/><U12/><E135/><V32/><F32/><AGARI ba="0,0" hai="10,15,19,24,31,32,52,53" m="16937,47691" machi="32" ten="30,2000,0" yaku="18,1,54,1" doraHai="66" who="0" fromWho="2" sc="308,20,229,0,297,-20,166,0" /><INIT seed="4,0,0,3,1,7" ten="328,229,277,166" oya="0" hai0="40,15,129,103,12,58,72,92,90,11,134,60,94" hai1="71,26,81,63,135,119,121,19,115,131,116,97,48" hai2="59,114,6,112,3,65,84,124,2,123,33,45,10" hai3="55,122,64,89,53,106,14,44,39,4,125,57,52"/><T98/><D129/><U16/><E121/><V29/><F123/><W49/><G122/><T77/><D134/><U43/><E135/><V76/><F124/><W28/><G106/><T20/><D40/><U50/><E131/><V100/><F100/><W31/><G125/><T17/><D72/><U37/><E81/><N who="2" m="47143" /><F45/><W54/><G39/><T5/><D77/><U9/><E97/><V13/><F29/><W23/><G89/><T30/><D30/><U70/><E63/><N who="2" m="38143" /><F33/><W62/><REACH who="3" step="1"/><G23/><REACH who="3" ten="328,229,277,156" step="2"/><T46/><D90/><U73/><E37/><V42/><F42/><W69/><G69/><T0/><D103/><U87/><E71/><V110/><F110/><W66/><G66/><T107/><D107/><U132/><E70/><V36/><F36/><W24/><G24/><T25/><D25/><U47/><E26/><V21/><F21/><W32/><G32/><T127/><D127/><U130/><E130/><V102/><F102/><W41/><G41/><T18/><D20/><U79/><E43/><V105/><F105/><W83/><G83/><T95/><D94/><U67/><E67/><V82/><F82/><W27/><G27/><T108/><D95/><U85/><E132/><V86/><F114/><W1/><G1/><T8/><D108/><U126/><E126/><V51/><F2/><W101/><G101/><T109/><D109/><U88/><E115/><V118/><F3/><W128/><G128/><T61/><D92/><U93/><E93/><V104/><F104/><W22/><G22/><N who="0" m="11559" /><D98/><U91/><E91/><V78/><F112/><W56/><G56/><T120/><D58/><RYUUKYOKU ba="0,1" sc="328,-10,229,-10,277,-10,156,30" hai3="4,14,28,31,44,49,52,53,54,55,57,62,64" /><INIT seed="5,1,1,3,2,107" ten="318,219,267,186" oya="1" hai0="134,80,26,23,15,28,14,132,77,39,16,83,133" hai1="101,88,54,110,78,120,91,57,126,93,3,79,117" hai2="51,125,35,9,41,29,105,98,56,70,85,43,129" hai3="81,76,109,60,11,45,114,127,18,104,58,32,22"/><U124/><E3/><V71/><F129/><W25/><G109/><T47/><D15/><U63/><E120/><V8/><F125/><N who="1" m="48233" /><E117/><V62/><F35/><W128/><G127/><T97/><D97/><N who="1" m="59567" /><E110/><V33/><F85/><N who="3" m="48295" /><G104/><T131/><D131/><U10/><E10/><V106/><F56/><W4/><G128/><T130/><D130/><U36/><E36/><V6/><F51/><W90/><G32/><N who="0" m="20503" /><D77/><AGARI ba="1,1" hai="54,57,63,77,78,79,88,91" m="59567,48233" machi="77" ten="30,2900,0" yaku="18,1,54,1" doraHai="107" who="1" fromWho="0" sc="318,-32,219,42,267,0,186,0" /><INIT seed="5,2,0,4,4,8" ten="286,261,267,186" oya="1" hai0="97,87,75,42,112,32,124,135,79,88,28,66,18" hai1="71,23,118,35,104,58,38,37,15,30,1,92,52" hai2="31,128,82,12,69,45,119,134,41,96,53,20,94" hai3="57,2,113,99,17,106,109,114,129,107,34,54,21"/><U102/><E1/><V85/><F69/><W132/><G109/><T59/><D112/><N who="3" m="43113" /><G34/><T115/><D115/><U46/><E104/><V7/><F119/><W83/><G2/><T100/><D135/><U4/><E71/><V78/><F53/><W89/><G132/><T16/><D42/><U48/><E118/><V131/><F134/><W9/><G9/><T43/><D43/><U64/><E35/><V130/><F31/><W13/><G129/><T11/><D124/><U81/><E81/><V26/><F26/><W86/><G99/><T126/><D126/><U120/><E120/><V49/><F20/><W77/><G77/><T116/><D116/><U74/><E74/><V90/><REACH who="2" step="1"/><F7/><REACH who="2" ten="286,261,257,186" step="2"/><W80/><G80/><T84/><D28/><U14/><E30/><V27/><F27/><W103/><G103/><T67/><D32/><U40/><E102/><V19/><F19/><W73/><G73/><T123/><D18/><U6/><E6/><V24/><F24/><W125/><G125/><T60/><D75/><U29/><E4/><V50/><F50/><AGARI ba="2,1" hai="13,17,21,50,54,57,83,86,89,106,107" m="43113" machi="50" ten="30,2000,0" yaku="15,1,52,1" doraHai="8" who="3" fromWho="2" sc="286,0,261,0,257,-26,186,36" /><INIT seed="6,0,0,1,0,134" ten="286,261,231,222" oya="2" hai0="81,84,107,110,130,75,11,117,97,93,120,51,15" hai1="46,38,87,70,129,30,71,53,57,23,35,29,24" hai2="83,106,72,64,55,131,135,100,126,91,2,124,39" hai3="108,5,96,116,104,3,88,26,99,16,103,28,127"/><V109/><F2/><W102/><G108/><T19/><D110/><U36/><E129/><V125/><F109/><W17/><G116/><T13/><D120/><U101/><E101/><V42/><F131/><W44/><G127/><T112/><D112/><U6/><E6/><V86/><F135/><W48/><G5/><T77/><D117/><U21/><E87/><V74/><F64/><W56/><G56/><T95/><D75/><U10/><E10/><V1/><F1/><W58/><G58/><T89/><D130/><U133/><E46/><V7/><F7/><W98/><G3/><T90/><D107/><U69/><E133/><V0/><F0/><W40/><G99/><N who="0" m="57775" /><D51/><U114/><E114/><V111/><F111/><W113/><G113/><T31/><D31/><U45/><E30/><V79/><F55/><W78/><G78/><T50/><D50/><U25/><E45/><N who="2" m="23775" /><F79/><W34/><REACH who="3" step="1"/><G88/><REACH who="3" ten="286,261,231,212" step="2"/><T122/><D122/><U119/><E119/><V66/><F66/><W59/><G59/><T128/><D128/><U47/><E57/><V85/><F85/><W65/><G65/><T52/><D77/><U62/><E71/><V115/><F115/><W73/><G73/><T49/><D84/><U27/><E70/><V14/><F14/><W18/><G18/><T105/><D15/><U67/><E69/><V37/><F37/><W61/><G61/><T76/><D76/><U121/><E38/><V80/><F83/><W32/><G32/><T4/><D81/><U118/><E118/><V43/><F72/><W94/><AGARI ba="0,1" hai="16,17,26,28,34,40,44,48,94,96,98,102,103,104" machi="94" ten="20,8000,1" yaku="1,1,0,1,7,1,54,1,53,1" doraHai="134" doraHaiUra="22" who="3" fromWho="3" sc="286,-20,261,-20,231,-40,212,90" /><INIT seed="7,0,0,0,0,41" ten="266,241,191,302" oya="3" hai0="9,109,34,107,17,98,43,89,78,39,83,31,108" hai1="134,125,18,114,88,79,46,74,25,104,86,85,77" hai2="135,32,71,7,128,96,12,6,2,124,19,0,111" hai3="29,110,70,38,118,55,20,49,22,60,115,100,73"/><W121/><G121/><T91/><D34/><U119/><E74/><V105/><F71/><W10/><G118/><T106/><D31/><U99/><E125/><V122/><F111/><W65/><G38/><T63/><D63/><U52/><E104/><V68/><F68/><W66/><G73/><T94/><D9/><U1/><E1/><N who="2" m="619" /><F96/><W80/><G66/><T103/><D17/><U133/><E114/><V45/><F45/><W102/><G115/><T90/><D39/><U120/><E120/><V27/><F105/><N who="0" m="39946" /><D43/><U8/><E86/><AGARI ba="0,0" hai="78,83,86,89,90,91,94,98,103,108,109" m="39946" machi="86" ten="30,2000,0" yaku="34,2" doraHai="41" who="0" fromWho="1" sc="266,20,241,-20,191,0,302,0" owari="286,8.6,221,-17.9,191,-30.9,302,40.2" /></mjloggm>