<mjloggm ver="2.3"><GO type="137" lobby="0"/><UN n0="%54%53%68%69" n1="%E6%9E%AF%E8%91%89%E6%95%A3%E3%82%8B%E5%A4%95%E6%9A%AE%E3%82%8C" n2="%E2%93%9D%4C%75%63%6B%79%4A" n3="%69%74%74%6F%73%61%69" dan="10,12,12,13" rate="1508.00,1781.78,1849.44,1752.74" sx="F,M,M,M"/><TAIKYOKU oya="0"/><INIT seed="0,0,0,3,5,111" ten="250,250,250,250" oya="0" hai0="80,99,90,87,24,69,97,75,55,8,126,73,84" hai1="35,11,121,65,34,61,116,66,20,105,93,92,39" hai2="58,77,25,3,26,76,134,48,29,38,23,53,45" hai3="81,115,71,0,67,2,7,36,95,12,118,51,120"/><T133/><D69/><U14/><E105/><V18/><F3/><W82/><G118/><T135/><D126/><U5/><E39/><V28/><F134/><N who="0" m="51210" /><D24/><U63/><E116/><V9/><F38/><W110/><G110/><T114/><D8/><U57/><E121/><V70/><F70/><W129/><G120/><T88/><D55/><U4/><E35/><V40/><F9/><W31/><G36/><T47/><D47/><U94/><E34/><V103/><F103/><W127/><G127/><T130/><D130/><U54/><E4/><V100/><F100/><W109/><G109/><T62/><D62/><U6/><E6/><V27/><F27/><W42/><G129/><T102/><D102/><U50/><E20/><V10/><F10/><W72/><G2/><T37/><D37/><U124/><E124/><V30/><F26/><W89/><G0/><T16/><D16/><U86/><E86/><N who="0" m="32809" /><D80/><U91/><E91/><N who="0" m="34857" /><D114/><U132/><E132/><V108/><F108/><W98/><G115/><T43/><D43/><U41/><E41/><V79/><REACH who="2" step="1"/><F40/><REACH who="2" ten="250,250,240,250" step="2"/><W64/><G71/><T96/><AGARI ba="0,1" hai="73,75,96,97,99" m="34857,32809,51210" machi="96" ten="40,18000,2" yaku="28,2,20,1,34,2,54,1" doraHai="111" who="0" fromWho="0" sc="250,190,250,-60,240,-60,250,-60" /><INIT seed="0,1,0,1,0,116" ten="440,190,180,190" oya="0" hai0="21,106,133,2,97,3,81,64,0,99,69,65,23" hai1="109,63,20,108,11,52,38,121,54,134,135,25,79" hai2="56,53,46,43,48,44,70,129,29,45,113,61,50" hai3="120,31,75,72,59,33,88,47,30,85,111,94,35"/><T37/><D37/><U132/><E38/><V105/><F105/><W40/><G111/><N who="1" m="42570" /><E79/><V51/><F29/><W100/><G100/><T1/><D106/><U17/><E11/><V28/><F28/><W82/><G59/><T110/><D81/><U34/><E34/><V67/><F113/><W66/><G75/><T115/><D115/><U93/><E93/><V68/><F129/><W12/><G35/><T16/><D133/><U14/><E14/><V74/><F74/><W77/><G33/><T80/><D80/><U5/><E5/><V78/><F78/><W130/><G130/><T114/><D114/><U24/><E24/><V22/><F22/><N who="0" m="8202" /><D69/><U103/><E103/><V104/><F104/><W36/><G12/><T71/><D71/><U83/><E83/><V117/><F117/><W26/><G26/><T131/><D131/><U87/><E87/><V118/><F118/><W49/><G36/><T32/><D32/><U58/><E54/><AGARI ba="1,0" hai="43,44,45,46,48,50,51,53,54,56,61,67,68,70" machi="54" ten="30,16000,3" yaku="7,1,9,1,35,6" doraHai="116" who="2" fromWho="1" sc="440,0,190,-163,180,163,190,0" /><INIT seed="1,0,0,4,1,38" ten="440,27,343,190" oya="1" hai0="67,69,104,27,40,34,47,19,3,96,41,62,90" hai1="127,36,58,76,0,43,31,51,122,128,106,37,133" hai2="103,99,73,79,18,102,113,42,101,65,70,112,14" hai3="110,1,78,61,108,30,11,119,83,33,92,109,4"/><U22/><E106/><V56/><F70/><W15/><G92/><T84/><D3/><U13/><E0/><V105/><F65/><W7/><G61/><T49/><D41/><U115/><E122/><V53/><F79/><W135/><G83/><T64/><D64/><U6/><E115/><N who="2" m="44107" /><F73/><W86/><G86/><T95/><D104/><U63/><E127/><V71/><F71/><W54/><G54/><T75/><D75/><U2/><E128/><V35/><F35/><W131/><G78/><T59/><D69/><U74/><E133/><V29/><F29/><W81/><G81/><T125/><D125/><U12/><E2/><V129/><F42/><W82/><G82/><N who="0" m="49431" /><D34/><U46/><E76/><V87/><F87/><W23/><G135/><T20/><D95/><U50/><E74/><V120/><F120/><W9/><G131/><T45/><D45/><N who="1" m="25919" /><E36/><V66/><F66/><W32/><G119/><T8/><D8/><N who="1" m="4119" /><E37/><V26/><F129/><W88/><G88/><T55/><D55/><N who="1" m="34271" /><E13/><V94/><F14/><W114/><G114/><T25/><D96/><U118/><E118/><V16/><F105/><W100/><G100/><T121/><D121/><U130/><E130/><V52/><F103/><W68/><G68/><T132/><D132/><U91/><E91/><V24/><F102/><W116/><G116/><T124/><D124/><U10/><E10/><V5/><F53/><W93/><G93/><T117/><D117/><U89/><E89/><V123/><F123/><W111/><N who="3" m="27648" /><DORA hai="97" /><W21/><G33/><T134/><D134/><U60/><E60/><N who="2" m="35847" /><F5/><W44/><G44/><RYUUKYOKU ba="0,0" sc="440,10,27,-30,343,10,190,10" hai0="19,20,25,27,40,47,49,59,62,67" hai2="16,18,24,26,94,99,101" hai3="1,4,7,9,11,15,21,23,30,32" owari="450,55.0,-3,-50.3,353,15.3,200,-20.0" /></mjloggm>