<mjloggm ver="2.3"><GO type="41" lobby="0"/><UN n0="%6D%69%68%6F%6D%69%68%6F" n1="%E2%93%9D%4C%75%63%6B%79%4A" n2="%E3%81%8A%E3%81%8C%E3%81%82" n3="%E3%83%A1%E3%82%AC%E3%83%8D%E6%8B%AD%E3%81%8D%E3%81%AE%E6%86%82%E9%AC%B1" dan="14,14,14,14" rate="1849.75,2099.28,1919.65,1892.05" sx="F,M,M,M"/><TAIKYOKU oya="0"/><INIT seed="0,0,0,2,4,1" ten="250,250,250,250" oya="0" hai0="59,72,29,53,16,119,28,11,44,50,13,109,78" hai1="127,116,33,54,17,132,96,60,68,85,3,35,114" hai2="56,10,89,51,129,0,18,99,45,81,5,34,110" hai3="41,48,7,87,101,22,55,43,36,115,64,98,130"/><T82/><D119/><U106/><E116/><V133/><F110/><W12/><G115/><T2/><D2/><U63/><E85/><V77/><F133/><W8/><G130/><T134/><D109/><U79/><E79/><V25/><F129/><W131/><G131/><T102/><D102/><U71/><E54/><V20/><F56/><W113/><G113/><T19/><D134/><U75/><E17/><V135/><F135/><W69/><G87/><T21/><REACH who="0" step="1"/><D44/><REACH who="0" ten="240,250,250,250" step="2"/><U105/><E3/><V88/><F45/><W62/><G101/><T26/><AGARI ba="0,1" hai="11,13,16,19,21,26,28,29,50,53,59,72,78,82" machi="26" ten="20,12000,1" yaku="1,1,2,1,0,1,7,1,54,1,53,0" doraHai="1" doraHaiUra="108" who="0" fromWho="0" sc="240,130,250,-40,250,-40,250,-40" /><INIT seed="0,1,0,2,2,53" ten="370,210,210,210" oya="0" hai0="35,61,51,114,6,24,106,50,21,95,133,84,80" hai1="86,119,127,67,99,126,22,47,27,129,103,87,55" hai2="121,30,43,9,39,94,64,31,83,34,28,89,110" hai3="101,41,108,52,18,37,107,71,90,11,70,91,97"/><T8/><D114/><U122/><E122/><V79/><F121/><W78/><G108/><T66/><D35/><U14/><E67/><V45/><F110/><W1/><G78/><T36/><D36/><U5/><E119/><V111/><F111/><W40/><G37/><T26/><D106/><U112/><E14/><V20/><F34/><W62/><G71/><T19/><D26/><U92/><E5/><V60/><F9/><W4/><G18/><T113/><D113/><U102/><E103/><V132/><F132/><W49/><G41/><T0/><D95/><U81/><E129/><V58/><F20/><W56/><G70/><T63/><D63/><U124/><E81/><V134/><F134/><W33/><G33/><T109/><D109/><U44/><E112/><V46/><F46/><N who="1" m="17449" /><E55/><V29/><F29/><AGARI ba="1,0" hai="22,27,29,86,87,92,99,102,124,126,127" m="17449" machi="29" ten="30,1000,0" yaku="18,1" doraHai="53" who="1" fromWho="2" sc="370,0,210,13,210,-13,210,0" /><INIT seed="1,0,0,4,2,75" ten="370,223,197,210" oya="1" hai0="101,128,77,124,50,66,2,19,53,105,54,22,94" hai1="17,52,79,97,20,104,110,126,108,131,37,100,63" hai2="44,121,62,32,114,82,67,127,4,117,7,18,93" hai3="134,6,28,84,60,95,23,111,68,129,106,91,122"/><U76/><E37/><V65/><F121/><W29/><G122/><T59/><D2/><U132/><E132/><V85/><F117/><W102/><G6/><T70/><D128/><U112/><E112/><V113/><F32/><W73/><G129/><T103/><D124/><U120/><E120/><V74/><F127/><W87/><G134/><T34/><D34/><U118/><E118/><V96/><F74/><W36/><G36/><T5/><D5/><U43/><E43/><V80/><F44/><W10/><G10/><T78/><D105/><U116/><E116/><V98/><F18/><W115/><G111/><N who="1" m="42538" /><E126/><V89/><F82/><W9/><G73/><T135/><D135/><U130/><E131/><V123/><F123/><W47/><G106/><T11/><D11/><U125/><E125/><V16/><F96/><W39/><G39/><T83/><D83/><U92/><E104/><V48/><F48/><W12/><G115/><N who="2" m="44041" /><F16/><W49/><G29/><T24/><D94/><U15/><E130/><V99/><F99/><W58/><G28/><T109/><D109/><U71/><E71/><N who="2" m="42423" /><F67/><W41/><G102/><AGARI ba="0,0" hai="4,7,80,85,89,93,98,102" m="42423,44041" machi="102" ten="30,1000,0" yaku="11,1" doraHai="75" who="2" fromWho="3" sc="370,0,223,0,197,10,210,-10" /><INIT seed="2,0,0,5,4,40" ten="370,223,207,200" oya="2" hai0="15,123,7,63,129,49,111,58,71,47,35,67,23" hai1="73,126,16,5,79,68,76,48,53,85,132,106,2" hai2="93,37,131,96,89,43,32,97,30,133,72,128,81" hai3="91,28,27,52,114,86,24,104,18,1,57,44,29"/><V3/><F3/><W134/><G104/><T4/><D123/><U74/><E68/><V26/><F133/><W84/><G1/><T120/><D120/><U90/><E106/><V130/><F72/><W125/><G134/><T98/><D35/><U117/><E117/><V70/><F70/><W65/><G125/><T69/><D129/><U94/><E132/><V83/><F97/><W25/><G114/><T0/><D0/><U60/><E60/><V42/><F42/><W107/><G107/><T102/><D71/><U108/><E108/><V38/><REACH who="2" step="1"/><F43/><REACH who="2" ten="370,223,197,200" step="2"/><W54/><G54/><T12/><D69/><U99/><E74/><V13/><F13/><W116/><G116/><T36/><D111/><U78/><E73/><V41/><F41/><W50/><G86/><T6/><D36/><AGARI ba="0,1" hai="26,30,32,36,37,38,81,83,89,93,96,128,130,131" machi="36" ten="50,4800,0" yaku="1,1,19,1,53,0" doraHai="40" doraHaiUra="9" who="2" fromWho="0" sc="370,-48,223,0,197,58,200,0" /><INIT seed="2,1,0,2,0,65" ten="322,223,255,200" oya="2" hai0="131,125,2,88,10,57,83,3,48,0,13,72,18" hai1="28,116,135,93,92,97,124,112,23,47,45,41,1" hai2="50,60,39,74,105,106,104,90,8,49,16,79,51" hai3="20,89,9,34,64,77,80,21,17,114,78,108,123"/><V36/><F74/><W38/><G38/><T27/><D131/><U4/><E112/><V128/><F79/><W73/><G34/><T24/><D125/><U15/><E116/><V22/><F128/><W100/><G123/><T96/><D72/><U110/><E1/><V59/><F8/><W44/><G44/><T99/><D99/><U118/><E110/><V82/><F82/><W95/><G108/><T94/><D83/><U43/><E135/><V52/><REACH who="2" step="1"/><F90/><REACH who="2" ten="322,223,245,200" step="2"/><W68/><G78/><T85/><D96/><U98/><E98/><V67/><F67/><W81/><G100/><T30/><D30/><U133/><E28/><V84/><F84/><W58/><G81/><T119/><D119/><U56/><E118/><V126/><F126/><W127/><G114/><T76/><D76/><U35/><E124/><V122/><F122/><W6/><G127/><T132/><D132/><U26/><E133/><V19/><F19/><W46/><G17/><T102/><D102/><U91/><E91/><V75/><F75/><W103/><G103/><T86/><D86/><U113/><E97/><V32/><F32/><W129/><G129/><T111/><D111/><U115/><E35/><V87/><F87/><W40/><G9/><T25/><D85/><U53/><E115/><V14/><AGARI ba="1,1" hai="14,16,22,36,39,49,50,51,52,59,60,104,105,106" machi="14" ten="40,12000,1" yaku="1,1,0,1,54,2,53,0" doraHai="65" doraHaiUra="63" who="2" fromWho="2" sc="322,-41,223,-41,245,133,200,-41" /><INIT seed="2,2,0,2,2,69" ten="281,182,378,159" oya="2" hai0="59,129,10,34,57,44,107,118,45,42,3,68,88" hai1="97,128,46,102,70,119,120,109,108,23,115,17,55" hai2="14,110,65,75,117,37,67,6,39,60,33,99,101" hai3="85,78,27,134,56,93,22,98,114,41,95,63,29"/><V83/><F117/><W84/><G134/><T0/><D118/><U24/><E119/><V26/><F110/><N who="1" m="42601" /><E70/><V124/><F67/><W51/><G114/><T125/><D107/><U18/><E115/><V36/><F124/><W106/><G106/><T127/><D68/><U82/><E82/><V62/><F62/><W94/><G78/><T2/><D34/><U116/><E128/><V80/><F75/><W28/><G28/><T66/><D129/><U52/><E120/><V131/><F131/><W13/><G13/><T132/><D132/><U91/><E91/><V30/><F14/><W5/><G5/><T9/><D66/><U11/><E46/><N who="0" m="18025" /><D88/><U135/><E135/><V16/><F16/><N who="1" m="6249" /><E11/><N who="0" m="4105" /><D42/><U96/><E116/><V73/><F6/><W79/><G41/><T76/><D76/><U19/><E97/><V54/><F54/><N who="3" m="34199" /><G79/><T104/><D104/><AGARI ba="2,0" hai="19,23,24,52,55,96,102,104" m="6249,42601" machi="104" ten="30,3900,0" yaku="14,1,54,2" doraHai="69" who="1" fromWho="0" sc="281,-45,182,45,378,0,159,0" /><INIT seed="3,0,0,2,5,0" ten="236,227,378,159" oya="3" hai0="110,51,29,108,93,111,14,69,58,46,103,9,98" hai1="49,2,33,94,25,130,44,124,50,99,78,10,75" hai2="35,95,42,62,84,55,56,21,63,7,6,86,17" hai3="135,59,24,113,90,91,32,30,27,125,129,74,16"/><W3/><G113/><T134/><D69/><U43/><E124/><V48/><F35/><W67/><G74/><T118/><D118/><U117/><E130/><V38/><F38/><W5/><G125/><T100/><D134/><U4/><E117/><V53/><F42/><W92/><G129/><T40/><D58/><U52/><E33/><V88/><F86/><W106/><G106/><T109/><N who="0" m="27648" /><DORA hai="81" /><T96/><D29/><U83/><E25/><N who="2" m="14511" /><F63/><W70/><G70/><T18/><REACH who="0" step="1"/><D98/><REACH who="0" ten="226,227,378,159" step="2"/><U102/><REACH who="1" step="1"/><E52/><REACH who="1" ten="226,217,378,159" step="2"/><V79/><F79/><W126/><G135/><T41/><D41/><U54/><E54/><V76/><F76/><W36/><G126/><T72/><D72/><U65/><E65/><V132/><F132/><W47/><G67/><T71/><D71/><U26/><E26/><V97/><F97/><W66/><G27/><T133/><D133/><U123/><E123/><V20/><F20/><W31/><G24/><T114/><D114/><U28/><E28/><V60/><F60/><W8/><G30/><T13/><D13/><U104/><E104/><V1/><F1/><W85/><G31/><T77/><D77/><U87/><E87/><V19/><F62/><W61/><G85/><T107/><D107/><U127/><E127/><V120/><F120/><W122/><G61/><T15/><D15/><U112/><E112/><V121/><F121/><W12/><G12/><T82/><D82/><U39/><AGARI ba="0,2" hai="2,4,10,39,43,44,49,50,75,78,83,94,99,102" machi="39" ten="20,12000,2" yaku="1,1,0,1,7,1,25,2,52,1,53,1" doraHai="0,81" doraHaiUra="116,105" who="1" fromWho="1" sc="226,-30,217,140,378,-30,159,-60" /><INIT seed="4,0,0,5,1,47" ten="196,357,348,99" oya="0" hai0="122,133,85,61,73,28,108,33,118,67,20,99,112" hai1="1,102,42,64,26,109,53,80,48,49,12,125,43" hai2="5,104,95,17,97,7,55,105,10,92,13,96,111" hai3="116,6,68,76,123,110,62,0,9,27,115,121,39"/><T40/><D118/><U35/><E1/><V34/><F34/><W65/><G116/><T94/><D122/><N who="3" m="46601" /><G110/><T66/><D108/><U32/><E109/><V36/><F111/><W113/><G27/><T54/><D73/><U44/><E64/><V126/><F36/><W2/><G76/><T106/><D106/><U90/><E102/><V22/><F126/><W15/><G39/><T131/><D131/><U134/><E134/><V41/><F41/><W72/><G72/><T83/><D133/><U98/><E125/><V70/><F70/><W16/><G2/><T60/><D40/><U91/><E12/><V3/><F7/><W89/><G89/><N who="0" m="55759" /><D33/><U74/><E98/><V8/><F8/><AGARI ba="0,0" hai="0,6,8,9,15,16,62,65,68,113,115" m="46601" machi="8" ten="30,2000,0" yaku="13,1,54,1" doraHai="47" who="3" fromWho="2" sc="196,0,357,0,348,-20,99,20" /><INIT seed="5,0,0,4,5,15" ten="196,357,328,119" oya="1" hai0="123,0,83,133,81,8,129,95,130,42,68,19,5" hai1="105,55,114,6,120,45,16,41,122,29,103,72,109" hai2="50,78,75,64,46,131,59,18,77,12,99,116,104" hai3="39,124,47,121,66,23,56,48,17,3,20,24,110"/><U88/><E72/><V73/><F116/><W134/><G110/><T115/><D68/><U4/><E29/><V102/><F131/><N who="0" m="50186" /><D133/><U90/><E105/><V127/><F127/><W132/><G121/><T14/><D123/><U13/><E103/><V43/><F75/><W97/><G3/><T36/><D115/><U112/><E55/><V76/><F73/><W107/><G124/><T96/><D36/><U63/><E63/><V80/><F80/><W111/><G111/><T67/><D67/><U125/><E125/><V135/><F135/><N who="3" m="51755" /><G23/><N who="0" m="11767" /><D42/><U38/><E109/><V98/><F98/><W113/><G113/><N who="1" m="43626" /><E122/><V94/><F104/><W69/><G69/><T70/><D70/><U53/><E53/><V85/><F85/><W37/><G66/><T34/><D34/><U74/><E74/><V58/><REACH who="2" step="1"/><F64/><REACH who="2" ten="196,357,318,119" step="2"/><W54/><G107/><T21/><D21/><AGARI ba="0,1" hai="12,18,21,43,46,50,58,59,76,77,78,94,99,102" machi="21" ten="40,8000,1" yaku="1,1,2,1,8,1,52,1,53,0" doraHai="15" doraHaiUra="101" who="2" fromWho="0" sc="196,-80,357,0,318,90,119,0" /><INIT seed="6,0,0,0,0,126" ten="116,357,408,119" oya="2" hai0="80,54,94,55,112,18,56,31,90,125,83,95,76" hai1="24,117,78,108,8,123,79,38,129,63,5,91,57" hai2="44,114,102,4,71,52,1,50,84,26,17,61,68" hai3="70,20,97,22,33,19,7,106,96,37,29,77,105"/><V75/><F75/><W12/><G37/><T107/><D107/><U3/><E117/><V16/><F114/><W47/><G70/><T53/><D112/><U104/><E108/><V73/><F73/><W64/><G64/><T101/><D125/><U43/><E104/><V23/><F102/><W131/><G77/><T72/><D31/><U48/><E48/><V62/><F17/><W86/><G47/><T2/><D2/><U127/><E123/><V74/><F74/><W66/><G66/><T111/><D111/><U39/><E91/><V67/><F84/><W89/><G33/><T41/><D41/><U14/><E24/><V40/><F62/><W99/><G7/><T45/><D45/><U36/><E43/><V60/><F60/><W69/><G69/><T11/><D83/><U103/><E103/><V27/><F71/><W120/><G120/><T81/><D81/><U115/><E127/><V113/><F113/><W49/><G49/><T82/><D82/><U98/><E98/><V21/><F40/><W110/><G110/><T87/><D95/><U32/><E32/><V121/><F121/><W100/><G106/><T46/><D46/><U118/><E118/><V35/><F35/><W6/><G6/><T9/><D101/><U10/><E115/><V51/><F51/><W132/><G132/><T116/><D116/><U109/><E109/><V119/><F119/><W85/><G100/><T30/><D30/><U133/><E133/><V28/><F4/><W92/><G105/><T58/><D18/><U130/><E39/><V42/><F42/><W25/><G86/><RYUUKYOKU ba="0,0" sc="116,10,357,-30,408,10,119,10" hai0="9,11,53,54,55,56,58,72,76,80,87,90,94" hai2="1,16,21,23,26,27,28,44,50,52,61,67,68" hai3="12,19,20,22,25,29,85,89,92,96,97,99,131" /><INIT seed="6,1,0,3,4,77" ten="126,327,418,129" oya="2" hai0="128,8,120,31,124,135,74,64,96,125,94,30,52" hai1="121,46,44,58,62,25,32,115,11,111,16,119,127" hai2="117,3,109,76,18,123,5,38,22,47,1,86,35" hai3="126,15,53,59,80,110,102,73,87,7,12,85,60"/><V55/><F123/><W100/><G110/><T39/><D120/><U112/><E121/><V113/><F109/><W43/><G73/><T19/><D74/><U122/><E122/><V106/><F113/><N who="1" m="43593" /><E111/><V33/><F117/><W6/><G87/><T82/><D39/><U71/><E71/><V89/><F106/><W34/><G43/><T36/><D36/><U10/><E127/><N who="0" m="48713" /><D64/><N who="1" m="38999" /><E119/><V132/><F132/><W40/><G34/><T20/><D8/><N who="1" m="3115" /><E32/><V108/><F108/><W98/><G40/><T105/><D105/><U90/><E90/><V91/><F38/><W4/><G126/><T88/><D135/><U70/><E70/><V17/><F35/><W116/><G116/><T63/><D128/><U65/><E65/><V97/><F33/><W107/><REACH who="3" step="1"/><G102/><REACH who="3" ten="126,327,418,119" step="2"/><T93/><D31/><U104/><E104/><V41/><F41/><W114/><G114/><T72/><D30/><U61/><E61/><V42/><F42/><W69/><G69/><T66/><D72/><U27/><E27/><V45/><F91/><AGARI ba="1,1" hai="4,6,7,12,15,53,59,60,80,85,91,98,100,107" machi="91" ten="40,5200,0" yaku="1,1,52,1,53,1" doraHai="77" doraHaiUra="54" who="3" fromWho="2" sc="126,0,327,0,418,-55,119,65" /><INIT seed="7,0,0,0,3,123" ten="126,327,363,184" oya="3" hai0="69,72,67,62,63,86,55,25,3,119,41,107,33" hai1="68,27,101,115,122,83,29,13,26,87,130,131,44" hai2="70,61,100,40,59,105,103,6,135,39,53,5,47" hai3="9,82,35,108,18,16,99,66,124,129,30,20,8"/><W85/><G66/><T98/><D72/><U75/><E101/><V10/><F135/><W50/><G129/><T110/><D3/><U60/><E75/><V23/><F23/><W22/><G35/><T49/><D119/><U32/><E122/><V11/><F70/><W113/><G113/><T34/><D41/><U95/><E95/><V121/><F121/><W2/><G99/><T17/><D62/><U15/><E44/><V91/><F91/><W64/><G64/><T74/><D74/><U88/><E27/><V132/><F132/><W96/><G96/><T48/><D48/><U126/><E126/><V65/><F65/><W1/><G50/><T80/><D17/><N who="3" m="6761" /><G85/><T73/><D73/><U19/><E19/><V106/><F106/><W57/><G57/><T92/><D107/><U7/><E115/><V104/><F104/><W24/><G82/><T133/><D133/><U37/><E68/><V78/><F78/><W45/><G45/><T58/><D25/><U118/><E131/><V102/><REACH who="2" step="1"/><F105/><REACH who="2" ten="126,327,353,184" step="2"/><W76/><G76/><T93/><D33/><U79/><E79/><V89/><F89/><W111/><G22/><T4/><D34/><U36/><E130/><V81/><F81/><W42/><G124/><T56/><D93/><U97/><E83/><V116/><F116/><W71/><G71/><T21/><D21/><U117/><E118/><V0/><F0/><N who="3" m="107" /><G42/><T114/><D69/><U134/><E117/><V109/><F109/><AGARI ba="0,1" hai="8,9,20,24,30,108,109,111" m="107,6761" machi="109" ten="30,18000,2" yaku="10,1,34,2,52,3,54,1" doraHai="123" who="3" fromWho="2" sc="126,0,327,0,353,-180,184,190" owari="126,-37.4,327,12.7,173,-22.7,374,47.4" /></mjloggm>