<mjloggm ver="2.3"><GO type="41" lobby="0"/><UN n0="%E2%93%9D%4C%75%63%6B%79%4A" n1="%E6%BA%80%E5%A4%A9%E3%81%AE%E6%98%9F%E3%81%AB%E9%85%94%E3%81%86" n2="%2D%34%37%33%30%30" n3="%48%49%52%4F%53%49%4E" dan="18,13,14,13" rate="2204.33,1914.67,1997.16,1883.24" sx="M,M,M,M"/><TAIKYOKU oya="0"/><INIT seed="0,0,0,3,1,18" ten="250,250,250,250" oya="0" hai0="74,27,79,62,32,8,51,111,29,80,3,42,96" hai1="23,84,127,54,76,43,59,99,85,132,135,70,112" hai2="129,45,24,122,21,106,9,121,72,81,7,73,118" hai3="78,82,115,95,87,130,57,119,58,46,71,5,61"/><T11/><D111/><U49/><E70/><V20/><F129/><W66/><G115/><T120/><D120/><U65/><E127/><V38/><F118/><W114/><G114/><T44/><D3/><U64/><E112/><V26/><F106/><W68/><G119/><T39/><D39/><U37/><E99/><V4/><F9/><W22/><G130/><T108/><D108/><U103/><E103/><V98/><F98/><W125/><G125/><T13/><D62/><U131/><E84/><V1/><F45/><W15/><G68/><T28/><D29/><U55/><E131/><V2/><REACH who="2" step="1"/><F81/><REACH who="2" ten="250,250,240,250" step="2"/><W19/><G46/><T97/><REACH who="0" step="1"/><D11/><REACH who="0" ten="240,250,240,250" step="2"/><U40/><E132/><V60/><F60/><W31/><G61/><T30/><D30/><U12/><E135/><V0/><F0/><W123/><G31/><T102/><D102/><U10/><E37/><AGARI ba="0,2" hai="1,2,4,7,20,21,24,26,37,38,72,73,121,122" machi="37" ten="25,8000,1" yaku="1,1,22,2,52,2,53,0" doraHai="18" doraHaiUra="53" who="2" fromWho="1" sc="240,0,250,-80,240,100,250,0" /><INIT seed="1,0,0,5,2,21" ten="240,170,340,250" oya="1" hai0="74,34,125,107,65,109,96,132,130,10,23,104,35" hai1="118,85,32,93,11,126,76,84,60,94,88,46,75" hai2="24,105,64,90,100,70,20,117,115,61,83,28,87" hai3="2,53,0,99,79,16,123,19,131,59,8,13,42"/><U112/><E118/><V106/><F117/><W56/><G123/><T128/><D65/><U133/><E32/><N who="0" m="12329" /><D96/><U44/><E112/><V120/><F115/><W81/><G42/><T103/><D103/><U15/><E133/><V102/><F120/><W113/><G113/><T48/><D48/><U114/><E114/><V71/><REACH who="2" step="1"/><F70/><REACH who="2" ten="240,170,330,250" step="2"/><W18/><G131/><T30/><D130/><U69/><E126/><V91/><F91/><W66/><G66/><T31/><D128/><U12/><E75/><V52/><F52/><W82/><G79/><T37/><D74/><U135/><E135/><V38/><F38/><W80/><G53/><T97/><D37/><U17/><E76/><V1/><F1/><W54/><G54/><T29/><D132/><U68/><E60/><V89/><F89/><W45/><G45/><T63/><D63/><U9/><E88/><V134/><F134/><W129/><G129/><T57/><D125/><U122/><E122/><V73/><F73/><W116/><G116/><T121/><D121/><U58/><E58/><N who="3" m="22058" /><G2/><T92/><D57/><U25/><REACH who="1" step="1"/><E17/><REACH who="1" ten="240,160,330,250" step="2"/><V62/><F62/><W110/><G18/><T6/><D31/><U5/><E5/><V22/><F22/><W67/><G67/><T124/><D23/><U98/><E98/><V39/><F39/><W50/><G99/><T41/><D97/><U78/><E78/><V40/><F40/><W119/><G50/><T72/><D41/><U47/><E47/><V14/><F14/><W77/><G119/><T3/><D72/><U101/><E101/><AGARI ba="0,2" hai="20,24,28,61,64,71,83,87,90,100,101,102,105,106" machi="101" ten="40,2600,0" yaku="1,1,52,1,53,0" doraHai="21" doraHaiUra="111" who="2" fromWho="1" sc="240,0,160,-26,330,46,250,0" /><INIT seed="2,0,0,2,5,65" ten="240,134,376,250" oya="2" hai0="49,107,81,24,11,30,3,47,41,103,19,9,22" hai1="88,76,2,25,63,34,35,104,28,67,85,74,52" hai2="46,96,20,114,75,15,70,78,17,73,37,98,69" hai3="32,4,54,64,99,48,40,113,129,18,72,89,38"/><V97/><F114/><W128/><G32/><T119/><D119/><U60/><E104/><V6/><F6/><W101/><G72/><T44/><D3/><U121/><E121/><V7/><F7/><W58/><G113/><T90/><D107/><U16/><E2/><V130/><F130/><W62/><G4/><T14/><D103/><U55/><E35/><V100/><F100/><W51/><G89/><T36/><D81/><U93/><E63/><V82/><REACH who="2" step="1"/><F73/><REACH who="2" ten="240,134,366,250" step="2"/><W126/><G101/><T13/><D90/><U61/><E74/><V26/><F26/><W79/><G79/><T106/><D106/><U10/><E76/><V59/><F59/><W123/><G123/><T43/><REACH who="0" step="1"/><D14/><REACH who="0" ten="230,134,366,250" step="2"/><N who="1" m="7255" /><E61/><V8/><F8/><AGARI ba="0,2" hai="8,9,11,13,19,22,24,30,36,41,43,44,47,49" machi="8" ten="30,2000,0" yaku="1,1,7,1,53,0" doraHai="65" doraHaiUra="120" who="0" fromWho="2" sc="230,40,134,0,366,-20,250,0" /><INIT seed="3,0,0,3,5,35" ten="270,134,346,250" oya="3" hai0="93,58,98,12,133,83,41,66,15,4,111,14,45" hai1="65,97,61,54,102,11,84,96,117,21,44,135,100" hai2="33,114,29,81,73,27,69,36,23,57,0,68,25" hai3="60,85,110,124,126,129,63,118,49,64,55,95,105"/><W94/><G105/><T71/><D71/><U78/><E135/><V2/><F114/><W130/><G118/><T9/><D133/><U120/><E120/><V90/><F36/><W86/><G110/><T59/><D111/><U34/><E34/><V70/><F57/><W128/><G49/><T109/><D83/><U24/><E117/><V48/><F48/><W20/><G20/><T76/><D76/><U32/><E32/><V28/><REACH who="2" step="1"/><F90/><REACH who="2" ten="270,134,336,250" step="2"/><W26/><G55/><T53/><D53/><U99/><E54/><V17/><F17/><W31/><G64/><T127/><D66/><U3/><E44/><V18/><F18/><W101/><G31/><T16/><D59/><U39/><E39/><V122/><F122/><W1/><G1/><T119/><D58/><U50/><E50/><V91/><F91/><W30/><G30/><T87/><D16/><N who="1" m="12327" /><E3/><V106/><F106/><W75/><G26/><T74/><D119/><U10/><E65/><V5/><F5/><W38/><G38/><T125/><D4/><U43/><E61/><V80/><F80/><W42/><G42/><T104/><D41/><U89/><E43/><V108/><F108/><W103/><G128/><T56/><D109/><U116/><E116/><V77/><AGARI ba="0,1" hai="0,2,23,25,27,28,29,33,68,69,70,73,77,81" machi="77" ten="40,8000,1" yaku="1,1,0,1,52,2,53,1" doraHai="35" doraHaiUra="79" who="2" fromWho="2" sc="270,-20,134,-20,336,90,250,-40" /><INIT seed="4,0,0,1,5,134" ten="250,114,426,210" oya="0" hai0="112,33,1,52,118,79,53,46,85,133,115,106,42" hai1="103,20,121,81,75,84,2,104,119,55,128,111,69" hai2="5,123,51,35,74,132,78,44,80,45,6,126,47" hai3="28,101,11,117,71,3,116,30,96,83,114,27,76"/><T29/><D1/><U105/><E20/><V19/><F123/><W10/><G114/><N who="0" m="43563" /><D106/><U108/><E55/><N who="0" m="21065" /><D133/><U59/><E59/><V70/><F132/><W60/><G28/><T72/><D72/><U9/><E9/><V40/><F70/><W37/><G11/><T107/><D107/><U32/><E103/><V4/><F35/><W87/><G37/><N who="0" m="21839" /><D118/><U130/><E84/><V12/><REACH who="2" step="1"/><F126/><REACH who="2" ten="250,114,416,210" step="2"/><W18/><G117/><T61/><D33/><U39/><E128/><V65/><F65/><W86/><G116/><T57/><D29/><U93/><E81/><V38/><F38/><W127/><G83/><N who="0" m="47359" /><D57/><U89/><E32/><V36/><F36/><W68/><G30/><T91/><D61/><U66/><E39/><V67/><F67/><W109/><G60/><T113/><D113/><U62/><E62/><V14/><F14/><W90/><G3/><T135/><D135/><U99/><E2/><V49/><F49/><W13/><G13/><T41/><D41/><U58/><E66/><V22/><AGARI ba="0,1" hai="4,5,6,12,19,22,40,44,45,47,51,74,78,80" machi="22" ten="30,2000,0" yaku="1,1,0,1,53,0" doraHai="134" doraHaiUra="50" who="2" fromWho="2" sc="250,-10,114,-5,416,30,210,-5" /><INIT seed="5,0,0,1,3,50" ten="240,109,446,205" oya="1" hai0="43,20,91,31,90,68,81,41,103,118,133,100,107" hai1="21,7,74,16,135,125,10,98,1,11,6,95,48" hai2="76,113,83,38,42,93,65,40,124,116,77,85,39" hai3="45,119,23,109,110,56,36,99,9,75,131,32,89"/><U34/><E74/><V28/><F116/><W14/><G32/><T30/><D68/><U47/><E34/><V94/><F65/><W67/><G75/><T26/><D107/><U57/><E57/><V112/><F28/><W35/><G35/><T128/><D128/><U106/><E135/><V105/><F105/><W61/><G119/><T60/><D133/><U127/><E106/><V25/><F25/><W64/><G131/><T84/><D60/><U115/><E115/><N who="2" m="44107" /><F77/><W18/><G109/><T80/><D118/><U70/><E70/><V0/><F0/><W121/><G121/><T82/><D31/><U102/><E10/><V108/><F108/><W52/><G110/><T55/><D91/><U44/><E7/><V78/><F78/><W117/><G117/><T71/><D71/><U97/><E97/><V129/><F129/><W126/><G126/><N who="1" m="48138" /><E48/><V114/><F124/><W132/><G132/><T86/><D86/><U88/><E102/><V130/><F130/><W122/><G122/><T53/><D103/><U79/><E79/><V4/><F4/><W22/><G36/><N who="2" m="13865" /><F114/><W33/><G33/><T134/><D100/><U120/><E120/><V37/><F37/><W13/><G14/><AGARI ba="0,0" hai="1,6,11,14,16,21,44,47,88,95,98" m="48138" machi="14" ten="30,5800,0" yaku="18,1,54,2" doraHai="50" who="1" fromWho="3" sc="240,0,109,58,446,0,205,-58" /><INIT seed="5,1,0,2,3,57" ten="240,167,446,147" oya="1" hai0="81,3,14,19,102,1,55,128,131,99,35,25,8" hai1="65,52,132,92,123,51,7,66,42,54,107,43,10" hai2="17,134,125,100,72,76,13,119,89,133,12,22,69" hai3="93,31,2,20,63,9,87,5,6,121,24,60,36"/><U83/><E107/><V109/><F109/><W28/><G36/><T58/><D81/><U118/><E123/><V37/><F119/><W44/><G121/><T41/><D41/><N who="1" m="15371" /><E118/><V29/><F37/><W47/><G28/><N who="0" m="19855" /><D99/><U97/><E132/><N who="2" m="50795" /><F125/><W38/><G38/><T96/><D96/><U115/><E115/><V30/><F100/><W127/><G127/><T103/><D103/><N who="1" m="60839" /><E83/><N who="2" m="45447" /><F69/><W122/><G122/><T70/><D70/><U114/><E114/><V98/><F12/><W27/><G27/><T110/><D102/><U105/><E105/><V78/><F78/><W126/><G126/><T21/><D110/><U61/><E10/><V62/><F30/><W59/><G9/><T80/><D80/><U56/><E7/><N who="3" m="2570" /><G2/><T91/><D3/><U113/><E113/><V73/><F29/><W85/><G59/><AGARI ba="1,0" hai="51,52,54,56,59,61,65,66" m="60839,15371" machi="59" ten="30,5800,0" yaku="8,1,52,1,54,1" doraHai="57" who="1" fromWho="3" sc="240,0,167,61,446,0,147,-61" /><INIT seed="5,2,0,0,0,101" ten="240,228,446,86" oya="1" hai0="57,68,81,131,72,85,32,123,17,42,125,103,65" hai1="54,55,96,98,106,35,30,94,76,93,14,58,111" hai2="37,34,135,6,99,64,3,102,92,95,113,112,27" hai3="1,86,48,53,67,89,51,41,2,33,70,84,49"/><U61/><E76/><V10/><F135/><W69/><G33/><T82/><D68/><U119/><E119/><V129/><F129/><W74/><G74/><T75/><D42/><U114/><E114/><N who="2" m="44139" /><F37/><W120/><G120/><T116/><D32/><U115/><E115/><V130/><F64/><W36/><G2/><T126/><D17/><U133/><E106/><N who="2" m="63839" /><F130/><W80/><G1/><T78/><D65/><U44/><E133/><V13/><F13/><W132/><G132/><T124/><D131/><U16/><E111/><V29/><AGARI ba="2,0" hai="3,6,10,27,29,34,92,95" m="63839,44139" machi="29" ten="30,4000,0" yaku="15,1,11,1,52,1" doraHai="101" who="2" fromWho="2" sc="240,-12,228,-22,446,46,86,-12" /><INIT seed="6,0,0,2,5,27" ten="228,206,492,74" oya="2" hai0="64,127,17,71,7,133,96,24,54,56,131,107,25" hai1="68,117,45,50,36,42,55,104,112,99,3,80,39" hai2="47,129,59,13,86,94,14,101,78,124,11,15,43" hai3="40,122,128,44,103,95,100,73,105,110,89,75,12"/><V41/><F124/><W51/><G110/><T5/><D71/><U38/><E117/><V87/><F129/><W118/><G118/><T108/><D64/><U0/><E68/><V30/><F30/><W10/><G128/><T82/><D107/><U77/><E112/><V90/><F101/><W49/><G122/><T1/><D1/><U126/><E126/><V60/><F11/><W125/><G125/><T85/><D96/><U113/><E113/><V31/><F31/><W9/><G105/><T115/><D133/><U93/><E104/><V109/><F47/><W114/><G114/><T21/><D108/><U48/><E48/><V53/><F109/><W84/><G75/><T106/><D106/><U6/><E55/><V121/><F121/><W135/><G73/><T52/><D54/><U116/><E116/><V19/><F19/><W83/><G135/><T37/><D37/><U33/><E33/><V123/><F123/><W76/><G49/><N who="0" m="30735" /><D131/><U65/><E65/><V20/><F20/><W67/><G67/><T58/><D58/><U111/><E111/><V102/><F102/><W81/><G81/><AGARI ba="0,0" hai="13,14,15,41,43,53,59,60,78,81,86,87,90,94" machi="81" ten="40,2000,0" yaku="8,1" doraHai="27" who="2" fromWho="3" sc="228,0,206,0,492,20,74,-20" /><INIT seed="6,1,0,1,5,116" ten="228,206,512,54" oya="2" hai0="3,100,83,40,9,108,91,106,32,67,18,115,109" hai1="80,125,31,19,132,92,53,128,105,126,113,72,14" hai2="124,26,7,88,102,93,118,35,10,36,135,17,29" hai3="28,51,98,52,27,39,15,50,49,37,84,0,69"/><V25/><F118/><W112/><G0/><T42/><D67/><U55/><E105/><V104/><F36/><W101/><G69/><T73/><D18/><U46/><E113/><V60/><F124/><W77/><G112/><T127/><D91/><U12/><E132/><V111/><F111/><W54/><G39/><T76/><D42/><U86/><E31/><V22/><F135/><W30/><G37/><T43/><D43/><U64/><E64/><V129/><F129/><W82/><G15/><T11/><D40/><U103/><E128/><V79/><F79/><W75/><G75/><T107/><D11/><U21/><E12/><V131/><F131/><W6/><G6/><N who="0" m="1247" /><D100/><U96/><E46/><V90/><F60/><W61/><G61/><T97/><D127/><N who="1" m="48651" /><E72/><V114/><F114/><W117/><G117/><T70/><D115/><U66/><E66/><V8/><F8/><W87/><G87/><T99/><D109/><U120/><E120/><V58/><F58/><W81/><G82/><T123/><D83/><U56/><E56/><V13/><F93/><W5/><G5/><T122/><D108/><U95/><E95/><V65/><F65/><W74/><G74/><T121/><D107/><U33/><E33/><V1/><F26/><W68/><G68/><T38/><D70/><U110/><E110/><V44/><F44/><W20/><G30/><T2/><D106/><U4/><E4/><V133/><F133/><W89/><G101/><T57/><D123/><U130/><E130/><V34/><F35/><W45/><G45/><T23/><D122/><U119/><E119/><RYUUKYOKU ba="1,0" sc="228,-30,206,10,512,10,54,10" hai1="14,19,21,53,55,80,86,92,96,103" hai2="1,7,10,13,17,22,25,29,34,88,90,102,104" hai3="20,27,28,49,50,51,52,54,77,81,84,89,98" /><INIT seed="6,2,0,0,0,7" ten="198,216,522,64" oya="2" hai0="55,3,56,98,79,60,73,11,88,93,106,17,0" hai1="81,65,43,100,119,1,107,58,71,19,68,30,35" hai2="76,92,113,67,109,15,97,22,84,61,62,104,121" hai3="13,133,64,103,85,131,49,14,4,38,41,90,114"/><V117/><F104/><W9/><G38/><T120/><D120/><U86/><E119/><V123/><F117/><W118/><G118/><T102/><D79/><U34/><E1/><V126/><F109/><W23/><G131/><T44/><D73/><U6/><E6/><V46/><F126/><W31/><G133/><T52/><D55/><U135/><E135/><V99/><F113/><W18/><G114/><T53/><D53/><U21/><E43/><V125/><F125/><W42/><G103/><T132/><D132/><U75/><E75/><V12/><F46/><W26/><G64/><T8/><D3/><U54/><E30/><V28/><F67/><W32/><REACH who="3" step="1"/><G49/><REACH who="3" ten="198,216,522,54" step="2"/><T80/><D102/><U87/><E65/><V57/><F15/><W48/><G48/><T101/><D101/><U36/><E100/><V69/><F57/><W45/><G45/><T10/><D44/><U50/><E36/><V70/><F84/><W127/><G127/><T25/><D106/><U51/><E86/><V33/><F76/><W111/><G111/><T29/><D0/><U66/><E107/><V83/><F62/><W112/><G112/><T94/><D60/><U130/><E51/><V37/><F83/><AGARI ba="2,1" hai="4,9,13,14,18,23,26,31,32,41,42,83,85,90" machi="83" ten="30,7700,0" yaku="1,1,7,1,52,1,53,1" doraHai="7" doraHaiUra="82" who="3" fromWho="2" sc="198,0,216,0,522,-83,54,93" /><INIT seed="7,0,0,5,3,130" ten="198,216,439,147" oya="3" hai0="92,121,43,31,113,125,28,34,1,14,74,3,36" hai1="30,89,21,76,25,60,22,15,122,73,79,39,90" hai2="104,26,7,0,133,107,134,80,50,111,13,44,69" hai3="68,82,40,110,20,19,65,85,38,117,61,100,24"/><W115/><G117/><T47/><D14/><U18/><E122/><V49/><F69/><W96/><G115/><T54/><D54/><U55/><E39/><V103/><F111/><W91/><G110/><T123/><D92/><U62/><E73/><V5/><F50/><W118/><G118/><T98/><D98/><U9/><E22/><V108/><F108/><W63/><G63/><N who="1" m="24106" /><E55/><V97/><F104/><W84/><G84/><T32/><D125/><U45/><E45/><V109/><F109/><W12/><G40/><T129/><D129/><U35/><E35/><N who="0" m="13353" /><D74/><U64/><E64/><V119/><F80/><W105/><REACH who="3" step="1"/><G38/><REACH who="3" ten="198,216,439,137" step="2"/><T51/><D113/><U4/><E79/><V11/><F119/><W23/><G23/><T46/><D43/><U57/><E76/><V83/><F83/><W124/><G124/><T29/><D36/><U102/><E21/><V106/><F26/><AGARI ba="0,1" hai="12,19,20,24,26,61,65,68,82,85,91,96,100,105" machi="26" ten="40,2000,0" yaku="1,1,53,0" doraHai="130" doraHaiUra="88" who="3" fromWho="2" sc="198,0,216,0,439,-20,137,30" /><INIT seed="7,1,0,1,2,117" ten="198,216,419,167" oya="3" hai0="99,116,105,58,103,121,42,51,0,114,40,74,69" hai1="123,60,110,59,55,15,49,19,131,107,50,98,66" hai2="120,10,17,79,129,100,36,128,32,39,22,16,65" hai3="54,90,80,133,122,89,11,82,73,3,12,24,45"/><W67/><G3/><T119/><D58/><U47/><E110/><V35/><F65/><W76/><G133/><T125/><D51/><U13/><E131/><V34/><F79/><W106/><G106/><T23/><D23/><U4/><E123/><V18/><F100/><W20/><G122/><T29/><D29/><U132/><E132/><V33/><F120/><W92/><G67/><T64/><D125/><U5/><E50/><V1/><N who="2" m="8192" /><DORA hai="8" /><V53/><F53/><W70/><G70/><T102/><D103/><U135/><E135/><V41/><F41/><N who="0" m="15978" /><D74/><U78/><E78/><V37/><F22/><W118/><G118/><T25/><D25/><U86/><E86/><V57/><F57/><W21/><G76/><T77/><D77/><U63/><E98/><V134/><F134/><W130/><G73/><T84/><D84/><U62/><E107/><V56/><F56/><W71/><G71/><T44/><D121/><U72/><E72/><V113/><F113/><W48/><G21/><T101/><D114/><U104/><E104/><V124/><F124/><W6/><G130/><T109/><D119/><U91/><E91/><N who="3" m="34826" /><G92/><T61/><D116/><U81/><E81/><V2/><F2/><W127/><G127/><T93/><D0/><U27/><E63/><V52/><F128/><W111/><G111/><T75/><D75/><U95/><E95/><V28/><F129/><W26/><G26/><T85/><D109/><U108/><E108/><V97/><F1/><W115/><G115/><T96/><D85/><U83/><E62/><V30/><F36/><W43/><G43/><RYUUKYOKU ba="1,0" sc="198,15,216,-15,419,-15,167,15" hai0="44,61,64,69,93,96,99,101,102,105" hai3="6,11,12,20,24,45,48,54,80,82" /><INIT seed="7,2,0,2,4,16" ten="213,201,404,182" oya="3" hai0="105,134,53,96,14,100,37,18,120,9,67,7,6" hai1="65,110,94,90,76,119,123,23,56,0,135,8,116" hai2="122,74,58,83,71,73,112,13,63,43,59,133,60" hai3="107,19,81,124,48,68,54,41,95,45,5,87,15"/><W79/><G107/><T2/><D37/><U118/><E110/><V89/><F122/><W49/><G68/><T25/><D120/><U21/><E123/><V30/><F71/><W40/><G124/><T57/><D67/><U4/><E135/><V12/><F133/><W111/><G111/><T24/><D134/><U113/><E113/><V3/><F3/><W34/><G34/><T50/><D7/><U103/><E103/><V85/><F43/><W80/><G5/><T126/><D126/><U121/><E76/><V99/><F30/><W97/><G81/><T104/><D105/><U128/><E121/><V44/><F44/><W77/><G49/><T131/><D131/><U91/><E128/><V64/><F99/><W55/><G77/><T42/><D42/><U28/><E28/><V125/><F112/><W36/><G41/><T78/><D78/><U38/><E38/><V117/><F117/><W29/><G29/><T47/><D47/><U10/><E10/><AGARI ba="2,0" hai="2,6,9,10,14,18,24,25,50,53,57,96,100,104" machi="10" ten="30,1000,0" yaku="7,1" doraHai="16" who="0" fromWho="1" sc="213,16,201,-16,404,0,182,0" owari="229,2.9,185,-21.5,404,50.4,182,-31.8" /></mjloggm>