<mjloggm ver="2.3"><GO type="41" lobby="0"/><UN n0="%E2%93%9D%4C%75%63%6B%79%4A" n1="%41%4D%54%32" n2="%E3%81%95%E3%82%8F%E3%82%84%E3%81%8B%E9%9D%A9%E5%91%BD" n3="%E3%81%97%E3%81%BE%E3%81%8A%E3%83%BC%E3%83%BC" dan="17,13,13,15" rate="2166.56,1870.13,1893.68,1997.65" sx="M,M,F,M"/><TAIKYOKU oya="0"/><INIT seed="0,0,0,0,3,128" ten="250,250,250,250" oya="0" hai0="2,45,9,55,14,26,68,63,110,83,118,70,100" hai1="126,121,81,61,7,13,59,93,117,33,103,34,87" hai2="44,88,49,112,12,57,40,90,32,20,119,24,60" hai3="48,22,133,17,67,36,99,109,71,5,95,56,6"/><T66/><D118/><U78/><E121/><V132/><F112/><W115/><G36/><T41/><D2/><U114/><E117/><V8/><F32/><W89/><G115/><T74/><D100/><U42/><E126/><V37/><F119/><W11/><G109/><T96/><D96/><U101/><E42/><V27/><F132/><W82/><G133/><T31/><D55/><U19/><E7/><N who="2" m="3103" /><F37/><W98/><G71/><T46/><D70/><U127/><E127/><V111/><F111/><W107/><G107/><T92/><D92/><U23/><E114/><V25/><F20/><W3/><G6/><T15/><D110/><U105/><E105/><V4/><F4/><W50/><G82/><T72/><D83/><U52/><REACH who="1" step="1"/><E93/><REACH who="1" ten="250,240,250,250" step="2"/><V120/><F120/><W58/><G99/><T73/><D41/><U54/><E54/><AGARI ba="0,1" hai="24,25,27,40,44,49,54,57,60,88,90" m="3103" machi="54" ten="30,2000,0" yaku="8,1,54,1" doraHai="128" who="2" fromWho="1" sc="250,0,240,-20,250,30,250,0" /><INIT seed="1,0,0,1,3,34" ten="250,220,280,250" oya="1" hai0="80,53,105,8,121,43,6,135,16,120,51,92,86" hai1="90,130,132,128,19,102,39,129,21,91,20,33,110" hai2="122,41,93,4,104,134,60,3,27,54,59,69,31" hai3="7,42,68,52,118,40,28,47,66,96,65,87,123"/><U124/><E33/><V55/><F122/><N who="0" m="47210" /><D105/><U12/><E39/><V44/><F104/><W26/><G123/><T109/><D92/><U67/><E102/><V85/><F134/><W1/><G118/><T38/><D43/><U82/><E132/><V79/><F69/><W64/><G68/><T113/><D38/><U78/><E124/><V98/><F3/><W107/><G87/><T95/><D95/><U50/><E67/><V56/><F4/><W131/><G131/><T112/><D109/><U84/><E110/><V30/><F79/><W61/><G96/><T11/><D11/><U76/><E91/><N who="2" m="53487" /><F98/><W106/><G106/><T97/><D97/><U108/><E108/><V70/><F70/><W5/><G5/><T36/><D36/><U22/><REACH who="1" step="1"/><E50/><REACH who="1" ten="250,210,280,250" step="2"/><N who="2" m="26895" /><F27/><W2/><G107/><T75/><D135/><U23/><AGARI ba="0,1" hai="12,19,20,21,22,23,76,78,82,84,90,128,129,130" machi="23" ten="40,7800,0" yaku="1,1,0,1,19,1,53,0" doraHai="34" doraHaiUra="94" who="1" fromWho="1" sc="250,-26,210,88,280,-26,250,-26" /><INIT seed="1,1,0,5,5,9" ten="224,298,254,224" oya="1" hai0="90,117,128,110,6,109,101,87,72,8,40,93,107" hai1="54,28,25,18,73,56,70,32,37,89,106,17,116" hai2="71,30,127,113,76,96,97,86,100,3,77,19,95" hai3="104,123,31,92,126,85,133,47,118,81,78,114,38"/><U53/><E116/><V99/><F71/><W102/><G123/><T39/><D117/><U50/><E37/><V130/><F3/><W80/><G118/><T69/><D69/><U23/><E73/><V115/><F30/><W55/><G114/><N who="2" m="43529" /><F19/><W62/><G126/><T111/><D72/><U15/><E70/><V91/><F127/><W105/><G133/><T124/><D124/><U14/><E106/><N who="2" m="63751" /><F130/><W125/><G125/><T58/><D128/><U52/><E89/><V59/><F59/><W74/><G38/><T7/><D58/><U29/><E29/><V43/><F43/><W131/><G131/><T75/><D75/><U51/><E51/><V21/><F21/><AGARI ba="1,0" hai="14,15,17,18,21,23,25,28,32,50,52,53,54,56" machi="21" ten="30,12000,1" yaku="7,1,9,1,52,2,54,1" doraHai="9" who="1" fromWho="2" sc="224,0,298,123,254,-123,224,0" /><INIT seed="1,2,0,5,0,99" ten="224,421,131,224" oya="1" hai0="93,61,67,88,64,33,60,90,17,38,113,134,21" hai1="65,20,3,16,72,110,116,29,13,76,44,39,87" hai2="68,23,63,104,125,18,8,31,78,126,97,0,12" hai3="80,46,98,19,55,30,96,6,84,124,22,1,4"/><U129/><E116/><V121/><F121/><W75/><G124/><N who="2" m="47721" /><F78/><W40/><G75/><T118/><D33/><U36/><E3/><V111/><F111/><W119/><G30/><T42/><D113/><U120/><E120/><V50/><F50/><W107/><G119/><T81/><D134/><U103/><E72/><V94/><F104/><W91/><G55/><T114/><D114/><U77/><E129/><V24/><F68/><W128/><G128/><T74/><D38/><U105/><E65/><N who="0" m="25161" /><D42/><U100/><E105/><V109/><F109/><W27/><G1/><T73/><D74/><U130/><E110/><V52/><F0/><W43/><G43/><T10/><D10/><U79/><E87/><V15/><F15/><W57/><G57/><T86/><D73/><U28/><E130/><V45/><F97/><W53/><G53/><T49/><D49/><U127/><E127/><V102/><F94/><W51/><G98/><N who="0" m="57655" /><D118/><U133/><E133/><V117/><F117/><W71/><REACH who="3" step="1"/><G71/><REACH who="3" ten="224,421,131,214" step="2"/><T34/><D34/><U41/><REACH who="1" step="1"/><E39/><REACH who="1" ten="224,411,131,214" step="2"/><V123/><F123/><W35/><G35/><T108/><D108/><U135/><E135/><V62/><F102/><AGARI ba="2,2" hai="4,6,19,22,27,40,46,51,80,84,91,96,102,107" machi="102" ten="40,2600,0" yaku="1,1,52,1,53,0" doraHai="99" doraHaiUra="115" who="3" fromWho="2" sc="224,0,411,0,131,-32,214,52" /><AGARI ba="2,0" hai="13,16,20,28,29,36,41,44,76,77,79,100,102,103" machi="102" ten="40,12000,1" yaku="1,1,52,3,54,1,53,0" doraHai="99" doraHaiUra="115" who="1" fromWho="2" sc="224,0,411,120,99,-120,266,0" owari="224,-17.6,531,63.1,-21,-52.1,266,6.6" /></mjloggm>