<mjloggm ver="2.3"><GO type="41" lobby="0"/><UN n0="%E3%81%8B%E3%82%82%E3%81%97%E3%82%8C%E3%81%AA%E3%81%84%E7%AB%8B%E7%9B%B4" n1="%E8%A5%BF%E7%93%9C" n2="%E3%83%99%E3%83%AA%E3%83%B3%E3%83%80" n3="%E2%93%9D%4C%75%63%6B%79%4A" dan="14,13,14,18" rate="1930.65,1847.34,1933.25,2154.17" sx="M,M,M,M"/><TAIKYOKU oya="0"/><INIT seed="0,0,0,2,3,36" ten="250,250,250,250" oya="0" hai0="53,47,100,97,52,116,35,41,56,131,81,23,99" hai1="11,94,50,21,86,124,111,15,29,12,33,103,14" hai2="24,40,132,107,108,130,115,27,7,44,31,93,3" hai3="126,110,18,45,1,62,69,82,34,105,133,73,38"/><T123/><D35/><U106/><E111/><V68/><F115/><W95/><RYUUKYOKU type="yao9" ba="0,0" sc="250,0,250,0,250,0,250,0" hai3="1,18,34,38,45,62,69,73,82,95,105,110,126,133" /><INIT seed="0,1,0,5,3,60" ten="250,250,250,250" oya="0" hai0="112,124,27,125,42,81,135,26,10,128,118,9,36" hai1="22,130,107,58,40,127,90,113,89,82,30,16,11" hai2="117,62,68,44,87,50,34,48,95,38,17,77,46" hai3="65,85,25,57,24,114,19,104,13,33,102,126,94"/><T72/><D112/><U110/><E107/><V111/><F34/><W35/><G114/><T64/><D118/><U66/><E110/><V31/><F31/><W121/><G104/><T69/><D128/><U56/><E127/><N who="0" m="48713" /><D135/><U93/><E130/><V51/><F111/><W97/><G126/><T41/><D26/><U47/><E82/><V109/><F109/><W78/><G121/><T80/><D27/><N who="1" m="16759" /><E113/><V3/><F3/><W134/><G35/><T70/><D80/><U49/><E93/><V23/><F38/><W131/><G134/><T96/><D96/><U122/><E122/><V92/><F117/><W132/><G132/><T39/><D70/><U91/><E66/><V0/><F68/><W20/><G33/><T101/><D101/><U43/><E40/><N who="0" m="15465" /><D39/><U55/><E43/><V74/><F74/><W106/><G131/><T84/><D72/><U116/><E116/><V52/><F0/><W1/><G1/><T71/><D36/><U29/><E29/><V18/><F95/><W28/><G28/><T53/><D53/><U86/><E86/><V119/><F119/><W7/><G106/><T133/><D133/><U129/><E129/><V32/><F32/><W88/><G102/><T75/><D75/><U100/><E100/><V73/><F73/><W54/><G54/><T4/><D71/><U105/><E105/><V98/><F52/><W120/><G120/><T8/><D4/><U59/><E47/><V79/><F44/><W83/><G7/><T15/><D15/><AGARI ba="1,0" hai="11,15,16,49,55,56,58,59,89,90,91" m="16759" machi="15" ten="30,2000,0" yaku="8,1,54,1" doraHai="60" who="1" fromWho="0" sc="250,-23,250,23,250,0,250,0" /><INIT seed="1,0,0,5,2,131" ten="227,273,250,250" oya="1" hai0="101,37,40,12,31,119,83,93,121,11,68,71,26" hai1="36,78,85,34,109,79,38,115,25,108,17,10,50" hai2="4,92,117,90,114,24,88,118,7,47,74,126,15" hai3="75,46,39,33,122,65,89,112,8,6,69,32,22"/><U134/><E115/><V84/><F74/><W2/><G112/><T44/><D119/><U105/><E105/><V128/><F114/><W132/><G22/><T19/><D121/><U96/><E96/><V113/><F113/><W58/><G58/><T81/><D68/><U124/><E124/><V5/><F128/><W100/><G89/><T73/><D71/><U76/><E85/><V135/><F126/><W57/><G57/><T95/><D73/><U54/><E134/><V16/><F135/><W107/><G132/><T0/><D0/><U18/><E10/><V123/><F123/><W67/><G67/><T61/><D61/><U45/><E18/><V70/><F70/><W1/><G2/><T91/><D101/><U82/><E82/><V63/><F63/><N who="3" m="40127" /><G75/><T62/><D62/><U23/><REACH who="1" step="1"/><E34/><REACH who="1" ten="227,263,250,250" step="2"/><V14/><F118/><W49/><G33/><T106/><D106/><U59/><E59/><V98/><F117/><W116/><G32/><T111/><D83/><U3/><E3/><V9/><F47/><W20/><G46/><T130/><D81/><U41/><E41/><V80/><F24/><W42/><G116/><T30/><D44/><U102/><E102/><V133/><F133/><W94/><G100/><T51/><D40/><U125/><E125/><V77/><F77/><W53/><G42/><T43/><D43/><U55/><E55/><V72/><F72/><W66/><G53/><T52/><D52/><U99/><E99/><V13/><AGARI ba="0,1" hai="4,5,7,9,13,14,15,16,80,84,88,90,92,98" machi="13" ten="30,7900,0" yaku="0,1,8,1,54,2" doraHai="131" who="2" fromWho="2" sc="227,-20,263,-39,250,89,250,-20" /><INIT seed="2,0,0,3,2,3" ten="207,224,339,230" oya="2" hai0="107,91,55,39,104,10,102,103,129,118,18,115,121" hai1="25,95,134,76,30,56,69,61,88,5,58,75,9" hai2="109,86,130,78,108,74,87,77,65,24,81,38,126" hai3="112,20,122,35,48,114,51,62,47,119,2,21,44"/><V7/><F38/><W37/><G35/><T120/><D39/><U67/><E134/><V57/><F130/><W40/><G2/><T23/><D115/><N who="3" m="44073" /><G21/><T80/><D129/><U72/><E76/><V70/><F70/><W106/><G20/><T71/><D71/><U14/><E75/><V83/><F24/><W116/><G106/><T41/><D41/><U29/><E72/><N who="2" m="43175" /><F65/><W49/><G122/><T124/><D55/><U28/><REACH who="1" step="1"/><E25/><REACH who="1" ten="207,214,339,230" step="2"/><V92/><F74/><W66/><G47/><T117/><D120/><U63/><E63/><V50/><F78/><W68/><AGARI ba="0,1" hai="37,40,44,48,49,51,62,66,68,116,119" m="44073" machi="68" ten="30,4000,0" yaku="11,1,34,2" doraHai="3" who="3" fromWho="3" sc="207,-10,214,-10,339,-20,230,50" /><INIT seed="3,0,0,3,3,28" ten="197,204,319,280" oya="3" hai0="109,126,79,31,23,124,132,34,121,105,127,106,85" hai1="29,74,117,32,5,24,38,53,72,36,30,44,69" hai2="123,2,89,119,116,26,94,129,83,48,97,39,78" hai3="41,15,107,66,81,37,19,13,64,17,120,49,113"/><W52/><G120/><T4/><D121/><U60/><E117/><V98/><F39/><W50/><G37/><T103/><D4/><U84/><E30/><V33/><F2/><W51/><G107/><T76/><D109/><U90/><E5/><V87/><F48/><W92/><G113/><T55/><D132/><U43/><E38/><V93/><F26/><W22/><G81/><N who="0" m="47271" /><D23/><U133/><E90/><N who="2" m="55479" /><F33/><W114/><G114/><T18/><D18/><U63/><E133/><V108/><F123/><W42/><G92/><T65/><D65/><N who="3" m="25193" /><G52/><T101/><D55/><U27/><E27/><V122/><F122/><W70/><G70/><T134/><D79/><U73/><E69/><V58/><F58/><W47/><G47/><T54/><D54/><U91/><REACH who="1" step="1"/><E53/><REACH who="1" ten="197,194,319,280" step="2"/><V95/><F108/><W102/><G102/><N who="0" m="38923" /><D134/><U10/><E10/><AGARI ba="0,1" hai="10,13,15,17,19,22,41,42,49,50,51" m="25193" machi="10" ten="30,1500,0" yaku="8,1" doraHai="28" who="3" fromWho="1" sc="197,0,194,-15,319,0,280,25" /><INIT seed="3,1,0,4,3,53" ten="197,179,319,305" oya="3" hai0="133,38,90,112,52,35,79,41,1,111,78,3,36" hai1="13,121,86,6,129,74,37,106,48,2,75,93,69" hai2="102,116,17,39,26,72,70,0,64,71,130,16,82" hai3="91,34,62,27,33,11,58,14,131,99,128,120,56"/><W123/><G99/><T134/><D35/><N who="3" m="13321" /><G91/><T124/><D111/><U66/><E106/><V42/><F102/><W101/><G101/><T92/><D124/><U20/><E2/><N who="0" m="521" /><D112/><U31/><E121/><N who="3" m="46666" /><G62/><T104/><D104/><U49/><E37/><N who="0" m="14441" /><D41/><U107/><E107/><V81/><F39/><W67/><G67/><T84/><D52/><U118/><E66/><V110/><F42/><W100/><G100/><T46/><D46/><U19/><E69/><V96/><F96/><W25/><G58/><T115/><D115/><U119/><E6/><V30/><F64/><W76/><G76/><T50/><D50/><U109/><E109/><V122/><F71/><W10/><G56/><T108/><D108/><U32/><E32/><V83/><F70/><W43/><G43/><T7/><D7/><U88/><E48/><V125/><F110/><W73/><G73/><T63/><D63/><U80/><E49/><V135/><F72/><W95/><G95/><T98/><D98/><U28/><E75/><V77/><F83/><W113/><G113/><T8/><D79/><U105/><E105/><V12/><F82/><W23/><G11/><T57/><D57/><U59/><E59/><V51/><F81/><W54/><G54/><T89/><D8/><U45/><E45/><V22/><F77/><W97/><G97/><N who="0" m="57487" /><D78/><U68/><E68/><V103/><F122/><W126/><G126/><T47/><D47/><U55/><E55/><V5/><F125/><W15/><G10/><T114/><D114/><U61/><E61/><V29/><F51/><W94/><G94/><T132/><D90/><RYUUKYOKU ba="1,0" sc="197,30,179,-10,319,-10,305,-10" hai0="84,132,133,134" /><INIT seed="4,2,0,2,3,89" ten="227,169,309,295" oya="0" hai0="118,135,132,102,63,77,14,11,75,2,92,76,91" hai1="96,64,110,56,18,101,107,120,113,43,42,29,124" hai2="78,51,17,73,28,49,100,83,69,129,68,82,22" hai3="35,25,55,97,47,8,109,95,40,44,50,104,23"/><T134/><D2/><U36/><E36/><V60/><F129/><W58/><G35/><T85/><D118/><U66/><E120/><V125/><F125/><W65/><G104/><T54/><D102/><U45/><E110/><V81/><F28/><W9/><G65/><T1/><D1/><U126/><E113/><V61/><F100/><W26/><G26/><T71/><D75/><U19/><E29/><V31/><F31/><W79/><G79/><T123/><D123/><U88/><E43/><V74/><F78/><W106/><G106/><T62/><D62/><N who="2" m="24170" /><F17/><N who="3" m="12527" /><G109/><T80/><D80/><U13/><E56/><V6/><F22/><W108/><G108/><T37/><D37/><U39/><E19/><V7/><F51/><N who="3" m="27111" /><G58/><N who="0" m="35287" /><D71/><N who="2" m="27210" /><F49/><W30/><G30/><T105/><D105/><U46/><E46/><V98/><F98/><W93/><G97/><T116/><D116/><U90/><E126/><V84/><F84/><W117/><G117/><T119/><D119/><U99/><E124/><V130/><F130/><W86/><G86/><T59/><D59/><U52/><E90/><V111/><F111/><W5/><G5/><AGARI ba="2,0" hai="5,11,14,76,77,85,91,92,132,134,135" m="35287" machi="5" ten="30,2900,0" yaku="20,1,52,1" doraHai="89" who="0" fromWho="3" sc="227,35,169,0,309,0,295,-35" /><AGARI ba="2,0" hai="5,6,7,73,74,81,82,83" m="27210,24170" machi="5" ten="40,2600,0" yaku="28,2" doraHai="89" who="2" fromWho="3" sc="262,0,169,0,309,26,260,-26" /><INIT seed="4,3,0,5,2,51" ten="262,169,335,234" oya="0" hai0="132,106,16,127,4,39,64,55,58,20,62,80,81" hai1="79,38,50,1,135,133,128,29,118,12,69,91,66" hai2="22,56,87,129,84,17,74,123,41,113,27,15,49" hai3="61,104,90,65,92,121,82,18,67,120,88,26,85"/><T99/><D39/><U112/><E1/><V119/><F123/><N who="3" m="47179" /><G104/><T11/><D127/><U103/><E38/><V47/><F74/><W59/><G18/><T76/><D132/><U83/><E91/><V89/><F113/><W134/><G26/><N who="0" m="14599" /><D106/><U46/><E118/><V14/><F129/><W109/><G109/><T30/><D30/><U73/><E29/><V23/><F119/><W37/><G37/><T28/><D28/><U6/><E128/><V32/><F32/><W0/><G0/><T115/><D115/><U86/><E73/><V105/><F105/><W72/><G72/><T5/><D99/><U116/><E116/><V68/><F68/><W124/><G124/><T114/><D114/><U19/><E103/><V25/><F87/><N who="3" m="50551" /><G134/><T63/><D76/><U107/><E107/><V45/><F14/><W34/><G34/><T33/><D33/><U54/><E6/><N who="0" m="2665" /><D11/><U13/><E12/><V48/><F15/><W95/><G95/><T130/><D130/><U24/><E24/><V70/><F25/><W7/><G7/><T53/><D64/><AGARI ba="3,0" hai="59,61,64,65,67,85,88,92" m="50551,47179" machi="64" ten="30,2000,0" yaku="13,1,54,1" doraHai="51" who="3" fromWho="0" sc="262,-29,169,0,335,0,234,29" /><INIT seed="5,0,0,2,0,106" ten="233,169,335,263" oya="1" hai0="58,75,119,100,64,59,56,103,5,110,134,113,27" hai1="43,42,115,48,127,9,135,55,122,66,130,18,28" hai2="17,102,73,82,121,98,1,76,74,25,49,33,83" hai3="29,62,125,126,22,31,111,116,15,60,70,19,67"/><U128/><E122/><V57/><F1/><W65/><G111/><T80/><D110/><U30/><E66/><V114/><F121/><W24/><G116/><T109/><D109/><U96/><E115/><V84/><F114/><W124/><REACH who="3" step="1"/><G24/><REACH who="3" ten="233,169,335,253" step="2"/><T23/><D113/><U97/><E135/><V92/><F25/><W101/><G101/><T2/><D119/><U53/><E127/><V78/><F102/><W61/><G61/><T20/><D134/><U54/><E48/><V108/><F49/><W131/><G131/><N who="1" m="50218" /><E9/><V104/><F108/><W86/><G86/><T21/><D27/><U11/><E11/><V117/><F84/><W41/><G41/><N who="1" m="15370" /><E18/><V120/><F17/><W39/><G39/><T38/><D38/><U35/><E35/><V79/><F33/><W13/><G13/><T105/><D100/><U88/><E88/><V12/><F12/><W36/><G36/><T37/><D37/><U8/><E8/><V34/><F34/><W69/><AGARI ba="0,1" hai="15,19,22,29,31,60,62,65,67,69,70,124,125,126" machi="69" ten="30,7900,0" yaku="1,1,0,1,9,1,18,1,53,0" doraHai="106" doraHaiUra="71" who="3" fromWho="3" sc="233,-20,169,-39,335,-20,253,89" /><INIT seed="6,0,0,2,0,76" ten="213,130,315,342" oya="2" hai0="131,49,51,116,40,103,115,125,124,27,84,87,120" hai1="70,45,118,57,98,44,126,88,7,30,0,122,38" hai2="69,34,109,35,95,17,72,50,94,23,75,91,111" hai3="62,3,14,132,65,128,8,11,32,134,15,79,112"/><V60/><F50/><N who="0" m="18954" /><D120/><U54/><E70/><V119/><F119/><W90/><G79/><T110/><D110/><N who="2" m="41994" /><F60/><W39/><G39/><T18/><D103/><U22/><E118/><V26/><F69/><W12/><G32/><N who="2" m="12329" /><F95/><W74/><G74/><T56/><D116/><U25/><E126/><N who="0" m="48745" /><D40/><U1/><E38/><V9/><F9/><W86/><G11/><T127/><D131/><U68/><E68/><V100/><F100/><W13/><G128/><T106/><D106/><U61/><E122/><V113/><F113/><W93/><G112/><T5/><D115/><U96/><E96/><AGARI ba="0,0" hai="17,23,26,72,75,91,94,96" m="12329,41994" machi="96" ten="30,1500,0" yaku="10,1" doraHai="76" who="2" fromWho="1" sc="213,0,130,-15,315,15,342,0" /><INIT seed="6,1,0,0,1,106" ten="213,115,330,342" oya="2" hai0="99,16,94,104,35,59,33,49,133,61,51,65,74" hai1="15,112,42,102,132,10,30,88,115,89,92,1,108" hai2="70,66,13,83,79,90,86,8,98,77,24,12,50" hai3="68,37,129,96,75,114,26,127,80,56,38,97,53"/><V62/><F24/><W11/><G68/><T118/><D104/><U23/><E1/><V69/><F69/><W95/><G129/><T57/><D133/><U110/><E42/><V9/><F50/><W101/><G127/><T21/><D118/><U34/><E34/><V41/><F41/><W130/><G114/><N who="1" m="43562" /><E132/><V54/><F54/><W71/><G97/><T29/><D74/><U14/><E102/><V39/><F39/><W2/><G71/><T103/><D57/><U43/><E43/><V0/><F0/><W121/><G121/><T7/><D7/><N who="1" m="3423" /><E89/><V52/><F52/><W3/><G3/><T4/><D4/><U109/><E30/><V126/><F126/><W113/><G113/><T123/><D123/><U17/><E110/><V120/><F120/><W18/><G130/><T125/><D125/><U31/><E31/><V84/><F98/><AGARI ba="1,0" hai="15,17,23,88,92,98,108,109" m="3423,43562" machi="98" ten="30,2000,0" yaku="15,1,54,1" doraHai="106" who="1" fromWho="2" sc="213,0,115,23,330,-23,342,0" /><INIT seed="7,0,0,3,4,121" ten="213,138,307,342" oya="3" hai0="49,72,57,101,21,5,46,124,125,77,96,48,67" hai1="119,15,86,64,40,31,22,89,76,90,63,45,92" hai2="116,41,112,74,100,117,134,10,17,3,98,78,73" hai3="60,82,34,114,30,84,1,122,66,50,91,70,81"/><W106/><G122/><T132/><D5/><U62/><E119/><V12/><F112/><W103/><G114/><T99/><D132/><U87/><E76/><V55/><F134/><W85/><G1/><T127/><D72/><U37/><E64/><V19/><F41/><W6/><G6/><T9/><D77/><U39/><E39/><V20/><F74/><W13/><G13/><T107/><D9/><U24/><E15/><V110/><F110/><W23/><G23/><T58/><D21/><U80/><REACH who="1" step="1"/><E37/><REACH who="1" ten="213,128,307,342" step="2"/><V65/><F3/><W33/><G30/><T108/><D67/><U69/><E69/><V25/><F65/><W59/><G70/><T88/><D124/><U52/><E52/><V47/><F78/><W8/><G8/><T79/><D79/><U53/><E53/><V44/><F73/><W123/><G123/><T28/><D125/><U56/><E56/><V128/><F116/><W0/><G0/><T38/><D58/><U42/><E42/><V36/><F117/><W75/><G75/><T7/><D57/><U27/><E27/><V68/><F68/><W97/><G50/><T61/><D48/><U11/><E11/><V26/><F25/><W83/><G83/><T51/><D49/><U18/><E18/><V35/><F36/><W115/><G115/><T113/><D51/><U105/><E105/><N who="2" m="63639" /><F55/><W14/><G14/><T93/><D38/><U133/><E133/><V54/><F54/><W129/><G129/><T135/><D127/><U104/><E104/><V130/><F35/><W4/><G4/><T120/><D135/><U126/><E126/><RYUUKYOKU ba="0,1" sc="213,-30,128,10,307,10,342,10" hai1="22,24,31,40,45,62,63,80,86,87,89,90,92" hai2="10,12,17,19,20,26,44,47,128,130" hai3="33,34,59,60,66,81,82,84,85,91,97,103,106" owari="183,-21.7,138,-36.2,317,11.7,362,46.2" /></mjloggm>