<mjloggm ver="2.3"><GO type="41" lobby="0"/><UN n0="%64%65%63%6F%79%E5%B0%86%E8%BB%8D" n1="%E5%8C%97%E5%8E%9F%E7%9A%84%E7%94%B7%E6%9C%8B%E5%8F%8B" n2="%E7%BE%8E%E8%B1%9A" n3="%E2%93%9D%4C%75%63%6B%79%4A" dan="14,14,14,13" rate="1975.32,1917.04,1864.64,1994.18" sx="M,M,M,M"/><TAIKYOKU oya="0"/><INIT seed="0,0,0,5,1,14" ten="250,250,250,250" oya="0" hai0="91,78,1,64,61,106,110,124,39,105,27,95,86" hai1="5,16,37,45,90,10,13,135,98,43,63,9,2" hai2="70,19,116,101,89,31,123,99,108,66,17,30,75" hai3="94,65,53,120,52,77,11,81,58,79,34,40,127"/><T0/><D110/><U92/><REACH who="1" step="1"/><E63/><REACH who="1" ten="250,240,250,250" step="2"/><V76/><F108/><W12/><G120/><T111/><D111/><U20/><E20/><V47/><F123/><W102/><G34/><T96/><D124/><U113/><E113/><V118/><F76/><W4/><G79/><T3/><D78/><U87/><E87/><V109/><F75/><W100/><G77/><T83/><D86/><U129/><E129/><V48/><F109/><W117/><G127/><T18/><D83/><U69/><E69/><V50/><F70/><W33/><G81/><T60/><D61/><U38/><E38/><V85/><F85/><W97/><G33/><T126/><D39/><U24/><E24/><V71/><F71/><W84/><G84/><T54/><D126/><U67/><E67/><V42/><F66/><W51/><G65/><T35/><D64/><U25/><E25/><V55/><F118/><W107/><G117/><T46/><D35/><U41/><E41/><V56/><F116/><W23/><G40/><T28/><D46/><U21/><E21/><V131/><F131/><W7/><G23/><N who="0" m="13815" /><D28/><U93/><E93/><N who="2" m="58607" /><F31/><W8/><G94/><T74/><D74/><U36/><E36/><V133/><F30/><W103/><REACH who="3" step="1"/><G53/><REACH who="3" ten="250,240,250,240" step="2"/><T59/><AGARI ba="0,2" hai="0,1,3,54,59,60,91,95,96,105,106" m="13815" machi="59" ten="40,3900,0" yaku="25,1,52,1" doraHai="14" who="0" fromWho="0" sc="250,59,240,-13,250,-13,240,-13" /><INIT seed="0,1,0,5,3,129" ten="309,227,237,227" oya="0" hai0="99,90,5,92,11,63,67,8,10,75,65,56,29" hai1="130,62,78,98,2,82,85,59,103,114,105,116,17" hai2="4,127,18,122,32,46,42,83,128,60,102,0,27" hai3="95,101,119,86,1,89,110,111,28,3,115,22,58"/><T117/><D75/><U97/><E116/><V15/><F122/><W70/><G70/><T23/><D117/><U20/><E130/><V49/><F128/><W26/><G119/><T45/><D45/><U47/><E114/><V41/><F127/><W71/><G71/><T13/><D29/><U100/><E2/><V66/><F102/><W106/><G115/><T123/><D123/><U107/><E47/><V113/><F113/><W112/><G112/><T133/><D133/><U12/><E59/><V121/><F121/><W134/><G134/><T118/><D118/><U93/><REACH who="1" step="1"/><E62/><REACH who="1" ten="309,217,237,227" step="2"/><V72/><F0/><W87/><G3/><T131/><D131/><U34/><E34/><V73/><F32/><W24/><G58/><T6/><D67/><U40/><E40/><V19/><F41/><W50/><G1/><T14/><REACH who="0" step="1"/><D23/><REACH who="0" ten="299,217,237,227" step="2"/><U69/><E69/><V38/><F66/><W126/><G126/><T61/><D61/><U7/><E7/><AGARI ba="1,2" hai="5,6,7,8,10,11,13,14,56,63,65,90,92,99" machi="7" ten="40,7700,0" yaku="1,1,8,1,53,1" doraHai="129" doraHaiUra="94" who="0" fromWho="1" sc="299,100,217,-80,237,0,227,0" /><INIT seed="0,2,0,0,4,26" ten="399,137,237,227" oya="0" hai0="95,55,127,90,1,78,43,29,59,65,12,84,7" hai1="13,105,11,32,82,52,66,112,64,124,3,8,19" hai2="17,119,24,133,130,106,91,44,73,102,60,50,96" hai3="81,117,46,85,6,47,33,129,49,4,109,104,79"/><T132/><D127/><U121/><E121/><V53/><F133/><W41/><G117/><T51/><D132/><U56/><E105/><V115/><F73/><W42/><G33/><T98/><D1/><U75/><E124/><V118/><F115/><W15/><G104/><T68/><D68/><U67/><E112/><V10/><F130/><W14/><G109/><T87/><D65/><U100/><E100/><V80/><F60/><W34/><G34/><T36/><D36/><U63/><E32/><V5/><F24/><W126/><G126/><T31/><D43/><U54/><E54/><V61/><F61/><W35/><G35/><T16/><D7/><U20/><REACH who="1" step="1"/><E3/><REACH who="1" ten="399,127,237,227" step="2"/><V30/><F119/><W37/><G129/><T111/><D111/><U72/><E72/><V88/><F118/><W69/><G69/><T27/><D27/><U128/><E128/><V83/><F102/><W135/><G135/><T86/><D78/><AGARI ba="2,1" hai="8,11,13,19,20,52,56,63,64,66,67,75,78,82" machi="78" ten="40,2600,0" yaku="1,1,54,1,53,0" doraHai="26" doraHaiUra="101" who="1" fromWho="0" sc="399,-32,127,42,237,0,227,0" /><INIT seed="1,0,0,5,4,8" ten="367,169,237,227" oya="1" hai0="64,72,110,10,129,113,94,121,15,86,39,106,108" hai1="92,0,107,13,3,71,128,12,6,77,135,23,126" hai2="35,99,40,101,90,80,119,30,91,18,44,85,24" hai3="67,102,100,96,34,37,81,122,17,45,58,95,56"/><U82/><E107/><V132/><F119/><W51/><G37/><T62/><D39/><U60/><E92/><V22/><F132/><W4/><G34/><T117/><D129/><U105/><E105/><V20/><F91/><W118/><G122/><T2/><D106/><U46/><E128/><V124/><F124/><W14/><G4/><T109/><D72/><U43/><E126/><V68/><F68/><W54/><G118/><T52/><D2/><U78/><E135/><V41/><F40/><W53/><G67/><T27/><D27/><U11/><E78/><V123/><F123/><W134/><G134/><T74/><D74/><U59/><E71/><V133/><F133/><W63/><G81/><T32/><D32/><U28/><E23/><V79/><F90/><W66/><G102/><T29/><D29/><U55/><E28/><V103/><F99/><W93/><G95/><T112/><D121/><U104/><E0/><V98/><F98/><W130/><G130/><T111/><D117/><U116/><E104/><V50/><F35/><W120/><G120/><T36/><D36/><U5/><E5/><V73/><F73/><W25/><G25/><AGARI ba="0,0" hai="18,20,22,24,25,30,41,44,50,79,80,85,101,103" machi="25" ten="30,2000,0" yaku="7,1,8,1" doraHai="8" who="2" fromWho="3" sc="367,0,169,0,237,20,227,-20" /><INIT seed="2,0,0,1,0,123" ten="367,169,257,207" oya="2" hai0="103,96,3,6,79,52,101,13,23,42,49,20,128" hai1="109,0,71,34,59,19,90,24,87,114,133,92,43" hai2="54,91,94,121,72,58,86,97,35,98,63,31,70" hai3="78,45,75,56,122,29,2,125,73,11,51,130,16"/><V30/><F121/><W89/><G122/><T32/><D32/><U112/><E71/><V57/><F72/><W10/><G29/><T22/><D3/><U77/><E0/><V62/><F70/><W41/><G125/><T15/><D128/><U118/><E118/><V110/><F110/><W129/><G89/><T81/><D42/><U12/><E43/><V132/><F132/><W119/><G119/><T44/><D6/><U64/><E133/><V120/><F120/><W104/><G104/><T127/><D127/><U65/><E77/><V107/><F107/><W99/><G99/><T14/><REACH who="0" step="1"/><D96/><REACH who="0" ten="357,169,257,207" step="2"/><N who="2" m="36970" /><F35/><W1/><G78/><T39/><D39/><U8/><E34/><V83/><F83/><W108/><G130/><T27/><D27/><U66/><E24/><V131/><F131/><W74/><G129/><T9/><D9/><U46/><E46/><V36/><F36/><W21/><G2/><T37/><D37/><U105/><E105/><V111/><F111/><W61/><G108/><T115/><D115/><U124/><E109/><V60/><F60/><W117/><G1/><T76/><D76/><U4/><E124/><V85/><F85/><AGARI ba="0,1" hai="13,14,15,20,22,23,44,49,52,79,81,85,101,103" machi="85" ten="40,5200,0" yaku="1,1,8,1,54,1,53,0" doraHai="123" doraHaiUra="69" who="0" fromWho="2" sc="357,62,169,0,257,-52,207,0" /><INIT seed="3,0,0,5,5,21" ten="419,169,205,207" oya="3" hai0="29,113,91,76,122,35,33,41,125,70,15,65,119" hai1="69,66,43,4,27,102,83,9,10,110,94,103,14" hai2="127,67,2,124,0,63,106,98,109,73,95,7,46" hai3="36,12,130,19,101,6,1,60,28,34,96,121,133"/><W99/><G121/><T129/><D125/><N who="2" m="48202" /><F106/><W105/><G36/><T123/><D129/><U74/><E110/><V56/><F73/><W135/><G99/><T51/><D35/><U120/><E120/><V61/><F109/><W116/><G116/><T59/><D119/><U86/><E74/><V16/><F46/><W38/><G38/><T132/><D132/><N who="3" m="50761" /><G60/><T134/><D113/><U85/><E43/><V45/><F45/><W81/><G81/><T52/><D70/><U25/><E69/><V32/><F63/><W3/><G6/><T20/><D65/><U108/><E66/><V13/><F7/><W64/><G64/><T17/><D41/><U115/><E108/><V71/><F32/><W40/><G40/><T31/><D76/><U107/><E115/><V75/><F75/><W5/><G5/><T90/><D134/><U58/><E58/><V82/><F82/><W126/><G130/><T30/><D33/><U79/><E107/><V37/><F37/><W47/><G47/><T23/><D122/><U92/><E9/><N who="2" m="6191" /><F71/><W111/><G111/><T77/><D77/><U39/><E39/><V93/><F95/><N who="1" m="36393" /><E86/><V57/><F56/><W87/><G87/><T42/><D42/><U44/><E44/><V50/><F50/><W117/><G126/><T88/><D123/><U8/><E8/><AGARI ba="0,0" hai="8,15,17,20,23,29,30,31,51,52,59,88,90,91" machi="8" ten="40,5200,0" yaku="8,1,54,2" doraHai="21" who="0" fromWho="1" sc="419,52,169,-52,205,0,207,0" /><INIT seed="4,0,0,2,2,92" ten="471,117,205,207" oya="0" hai0="46,126,63,115,79,12,53,47,133,3,7,13,56" hai1="1,49,61,14,78,20,127,89,123,130,43,93,96" hai2="31,73,131,110,50,41,23,132,112,27,124,125,135" hai3="88,121,109,57,65,97,34,35,122,76,44,116,33"/><T118/><D126/><N who="2" m="48746" /><F41/><W71/><G109/><T68/><D133/><U128/><E127/><V40/><F40/><W5/><G76/><T64/><D115/><U58/><E123/><N who="3" m="47114" /><G5/><T90/><D79/><U114/><E1/><V39/><F73/><W91/><G57/><T17/><D3/><U48/><E78/><V69/><F69/><W16/><G116/><T106/><D106/><U107/><E107/><V129/><F39/><W52/><G65/><T100/><D90/><N who="3" m="34345" /><G71/><T80/><D100/><U67/><E114/><V70/><F70/><W60/><G16/><T74/><D118/><U62/><E62/><V9/><F50/><N who="3" m="28743" /><G97/><T119/><D7/><U19/><REACH who="1" step="1"/><E43/><REACH who="1" ten="471,107,205,207" step="2"/><V77/><F77/><W26/><G60/><T29/><D74/><U38/><E38/><V10/><F112/><W15/><G15/><T105/><D119/><U83/><E83/><V113/><F113/><W4/><G4/><T75/><D80/><U6/><E6/><V30/><F110/><W117/><G117/><T32/><D75/><U84/><E84/><V111/><F111/><W51/><G51/><AGARI ba="0,1" hai="14,19,20,48,49,51,58,61,67,89,93,96,128,130" machi="51" ten="40,2600,0" yaku="1,1,52,1,53,0" doraHai="92" doraHaiUra="108" who="1" fromWho="3" sc="471,0,107,36,205,0,207,-26" /><INIT seed="5,0,0,2,1,46" ten="471,143,205,181" oya="1" hai0="60,93,34,80,27,121,50,107,42,131,91,59,56" hai1="25,38,62,9,24,127,81,73,88,116,47,97,86" hai2="122,106,130,77,118,30,16,26,114,100,117,125,1" hai3="123,103,128,61,33,11,21,66,113,105,7,20,17"/><U98/><E116/><V14/><F122/><W10/><G123/><T36/><D107/><U71/><E127/><V23/><F77/><W54/><G33/><T13/><D131/><U120/><E120/><V19/><F100/><W32/><G32/><T92/><D121/><U68/><E73/><V51/><F106/><W31/><G113/><T79/><D36/><U57/><E9/><V135/><F51/><W134/><G134/><T2/><D2/><U37/><E37/><V72/><F72/><W95/><G54/><T39/><D39/><U101/><E47/><V53/><F53/><W129/><G31/><T65/><D91/><U49/><E38/><V3/><F130/><N who="3" m="50283" /><G95/><T43/><D34/><U119/><E119/><N who="2" m="45579" /><F135/><W110/><G103/><T28/><D92/><N who="1" m="58535" /><E71/><V76/><F76/><W83/><G105/><T8/><D93/><N who="1" m="56615" /><E68/><V96/><F96/><W108/><G11/><T35/><D79/><N who="1" m="46399" /><E49/><V111/><F125/><W52/><G10/><T99/><D50/><U22/><E22/><N who="2" m="11639" /><F114/><W82/><G21/><T40/><D99/><U109/><E109/><V6/><F111/><W126/><G110/><T70/><REACH who="0" step="1"/><D80/><REACH who="0" ten="461,143,205,181" step="2"/><U89/><E89/><V94/><F1/><W84/><G108/><T112/><D112/><U90/><E90/><V104/><F104/><W74/><G126/><T63/><D63/><U55/><AGARI ba="0,1" hai="24,25,55,57,62" m="46399,56615,58535" machi="55" ten="30,3000,0" yaku="8,1,54,1" doraHai="46" who="1" fromWho="1" sc="461,-10,143,40,205,-10,181,-10" /><INIT seed="5,1,0,0,3,94" ten="451,183,195,171" oya="1" hai0="14,30,120,54,15,28,96,90,8,44,126,34,78" hai1="103,95,83,32,110,33,112,97,102,25,82,17,4" hai2="130,125,101,46,31,62,134,26,116,27,21,1,74" hai3="23,59,45,16,113,86,133,109,48,68,50,53,36"/><U106/><E112/><V127/><F116/><W18/><G113/><T117/><D34/><U11/><E110/><V40/><F74/><W6/><G109/><T104/><D126/><N who="2" m="48138" /><F130/><W115/><G68/><T52/><D15/><U76/><E32/><V37/><F134/><W92/><G36/><T7/><D120/><U20/><E33/><N who="2" m="20727" /><F62/><W131/><G131/><T77/><D104/><U71/><E71/><V85/><F85/><W3/><G133/><T98/><D90/><U107/><E103/><V108/><F108/><W55/><G115/><T111/><D117/><U135/><E135/><V69/><F101/><W39/><G39/><T81/><D111/><U99/><E99/><N who="0" m="37929" /><D81/><U88/><E102/><V67/><F1/><W43/><G3/><T41/><D41/><U57/><E57/><V105/><F105/><W70/><G59/><T29/><D44/><U132/><E132/><V75/><F75/><W63/><G45/><T66/><D66/><U9/><E83/><V89/><F89/><W60/><G70/><T93/><D93/><U114/><E114/><V128/><F128/><W91/><G92/><T79/><AGARI ba="1,0" hai="7,8,14,28,29,30,52,54,77,78,79" m="37929" machi="79" ten="40,8000,1" yaku="8,1,52,3,54,1" doraHai="94" who="0" fromWho="0" sc="451,83,183,-41,195,-21,171,-21" /><INIT seed="6,0,0,3,3,40" ten="534,142,174,150" oya="2" hai0="17,120,97,58,9,124,51,34,25,20,87,67,57" hai1="41,106,24,0,14,33,36,84,43,122,93,8,94" hai2="78,44,115,53,112,107,28,121,114,100,80,102,131" hai3="49,55,54,72,39,116,66,37,11,75,119,32,76"/><V82/><F121/><W2/><G76/><T105/><D34/><U47/><E106/><V18/><F28/><W110/><G66/><T59/><D124/><U85/><E0/><V98/><F102/><W23/><G49/><T126/><D126/><U130/><E130/><V38/><F131/><W46/><G23/><T71/><D120/><U129/><E129/><V73/><F18/><W74/><G110/><T19/><D71/><U62/><E122/><V27/><F27/><W7/><G55/><T4/><D67/><U132/><E132/><V3/><F82/><W61/><G32/><T109/><D19/><U90/><E62/><V128/><F128/><W21/><G21/><T30/><D17/><U10/><E43/><N who="2" m="22647" /><F53/><W127/><G127/><T60/><D51/><U83/><E14/><V103/><F100/><W52/><G54/><T86/><D105/><U56/><E56/><V111/><F3/><W81/><G81/><T29/><D97/><U64/><E64/><V117/><F111/><W69/><G69/><T96/><D96/><U42/><E42/><V135/><F117/><W1/><G2/><T125/><D30/><U118/><E118/><V108/><F108/><W31/><G31/><T63/><D109/><U113/><E113/><V123/><F123/><W45/><G119/><T70/><D70/><U12/><E12/><V95/><F95/><N who="1" m="36361" /><E85/><N who="0" m="32265" /><D125/><U99/><E99/><V5/><F5/><W22/><G116/><T92/><D92/><U65/><E65/><V77/><F77/><W15/><G1/><T134/><D4/><U16/><E16/><V68/><F68/><RYUUKYOKU ba="0,0" sc="534,-15,142,15,174,15,150,-15" hai1="8,10,24,33,36,41,47,83,84,90" hai2="73,78,80,98,103,107,112,114,115,135" /><INIT seed="6,1,0,2,3,117" ten="519,157,189,135" oya="2" hai0="9,23,118,26,55,7,87,41,64,44,89,83,90" hai1="38,66,132,37,92,94,96,57,103,102,68,0,52" hai2="18,51,131,127,133,65,84,39,69,4,97,11,70" hai3="49,42,108,16,82,134,120,61,80,6,114,112,129"/><V14/><F39/><W71/><G6/><T3/><D118/><U95/><E0/><V113/><F113/><N who="3" m="43627" /><G108/><T36/><D55/><U46/><E132/><V93/><F131/><W73/><G129/><T88/><D64/><U123/><E123/><V111/><F133/><W1/><G1/><T109/><D109/><U74/><E74/><V2/><F111/><W54/><G134/><T20/><D20/><U29/><E29/><AGARI ba="1,0" hai="3,7,9,23,26,29,36,41,44,83,87,88,89,90" machi="29" ten="30,2000,0" yaku="7,1,54,1" doraHai="117" who="0" fromWho="1" sc="519,23,157,-23,189,0,135,0" /><INIT seed="7,0,0,1,1,39" ten="542,134,189,135" oya="3" hai0="69,115,30,16,103,59,77,23,32,47,38,19,89" hai1="128,48,5,134,101,44,76,80,28,123,105,118,108" hai2="91,50,12,119,64,133,110,117,99,92,42,82,81" hai3="125,8,122,84,58,67,95,70,15,61,45,55,36"/><W54/><G122/><T9/><D69/><U14/><E108/><V97/><F110/><W49/><G125/><T114/><D103/><U17/><E123/><V27/><F133/><W46/><G84/><T31/><D77/><U86/><E134/><V10/><F64/><W40/><G95/><T111/><D32/><U83/><E128/><V34/><F34/><W13/><REACH who="3" step="1"/><G8/><REACH who="3" ten="542,134,189,125" step="2"/><T75/><D9/><U79/><E118/><V7/><F119/><W63/><AGARI ba="0,1" hai="13,15,36,40,45,46,49,54,55,58,61,63,67,70" machi="63" ten="20,18000,2" yaku="1,1,2,1,0,1,7,1,52,1,53,2" doraHai="39" doraHaiUra="41" who="3" fromWho="3" sc="542,-60,134,-60,189,-60,125,190" /><INIT seed="7,1,0,1,4,123" ten="482,74,129,315" oya="3" hai0="133,99,38,60,121,14,61,65,130,81,53,32,80" hai1="102,75,117,106,92,69,59,0,129,88,19,15,111" hai2="109,36,37,10,64,34,11,52,79,7,48,41,63" hai3="28,120,113,110,134,95,13,42,107,73,116,118,56"/><W31/><G107/><T4/><D32/><U85/><E69/><V97/><F34/><W54/><G73/><T127/><D121/><U55/><E0/><V135/><F135/><W21/><G120/><T9/><D38/><U26/><E75/><V108/><F11/><W86/><G42/><T70/><D127/><U125/><E125/><V3/><F97/><W33/><G33/><T96/><D133/><U5/><E129/><V77/><F79/><W87/><G134/><T91/><D130/><U83/><E117/><V57/><F77/><W66/><G66/><T82/><D91/><U124/><E124/><V74/><F74/><W47/><G47/><T8/><REACH who="0" step="1"/><D9/><REACH who="0" ten="472,74,129,315" step="2"/><U101/><E106/><V24/><F36/><W44/><G44/><T17/><D17/><U119/><E119/><V72/><F37/><W93/><G113/><T23/><D23/><U132/><E132/><V6/><F6/><W128/><G128/><T18/><D18/><U25/><E5/><V2/><F10/><W46/><G46/><T29/><D29/><U45/><E45/><V16/><F7/><W62/><G118/><T89/><D89/><U22/><E111/><V76/><F109/><W51/><G110/><T90/><D90/><U1/><E1/><V105/><F108/><W20/><G116/><T78/><D78/><U40/><E40/><V67/><F2/><W12/><G51/><T35/><D35/><U103/><REACH who="1" step="1"/><E83/><REACH who="1" ten="472,64,129,315" step="2"/><V131/><F3/><W30/><G21/><T104/><D104/><U39/><E39/><V112/><F41/><W100/><G20/><T94/><D94/><RYUUKYOKU ba="1,2" sc="472,15,64,15,129,-15,315,-15" hai0="4,8,14,53,60,61,65,70,80,81,82,96,99" hai1="15,19,22,25,26,55,59,85,88,92,101,102,103" owari="507,60.7,79,-42.1,114,-28.6,300,10.0" /></mjloggm>