<mjloggm ver="2.3"><GO type="41" lobby="0"/><UN n0="%E2%93%9D%4C%75%63%6B%79%4A" n1="%E3%83%A2%E3%83%A2%E3%83%B4" n2="%35%62%65%74%37%32" n3="%E3%81%97%E3%81%A1%E3%81%8C%E3%81%A4" dan="17,14,14,15" rate="2136.25,1929.47,1919.64,1980.38" sx="M,M,M,M"/><TAIKYOKU oya="0"/><INIT seed="0,0,0,3,1,4" ten="250,250,250,250" oya="0" hai0="27,31,73,10,98,116,96,107,13,37,108,6,106" hai1="64,43,110,99,30,95,105,124,113,25,78,86,131" hai2="89,12,22,117,68,38,97,54,60,92,28,101,90" hai3="130,39,46,52,103,47,21,16,85,44,14,51,91"/><T53/><D116/><U65/><E110/><V70/><F38/><W94/><G130/><T84/><D73/><U20/><E124/><V32/><F117/><W35/><G35/><T50/><D37/><U40/><E131/><V81/><F32/><W109/><G109/><T127/><D108/><U115/><E105/><V19/><F28/><W87/><G39/><T7/><D127/><U132/><E132/><V112/><F112/><N who="1" m="43081" /><E86/><V57/><F81/><W76/><G103/><T8/><D84/><U45/><E78/><V36/><F36/><W128/><G128/><T3/><D107/><U59/><E59/><V67/><REACH who="2" step="1"/><F70/><REACH who="2" ten="250,250,240,250" step="2"/><W135/><G135/><T75/><D75/><U61/><E61/><AGARI ba="0,1" hai="12,19,22,54,57,60,61,67,68,89,90,92,97,101" machi="61" ten="30,7700,0" yaku="1,1,2,1,7,1,53,1" doraHai="4" doraHaiUra="18" who="2" fromWho="1" sc="250,0,250,-77,240,87,250,0" /><INIT seed="1,0,0,4,0,4" ten="250,173,327,250" oya="1" hai0="88,83,86,68,28,47,114,110,75,95,133,135,108" hai1="41,98,102,9,37,23,46,87,131,65,117,54,5" hai2="33,64,112,16,62,22,60,106,59,105,125,96,107" hai3="51,67,25,50,124,63,89,53,66,97,116,3,90"/><U126/><E117/><V82/><F33/><W84/><G124/><T49/><D68/><U12/><E126/><V52/><F125/><W17/><G116/><T38/><D38/><U81/><E131/><V104/><F112/><W44/><G3/><T100/><D28/><U69/><E54/><V26/><F82/><W92/><G63/><T48/><D49/><U78/><E69/><V55/><REACH who="2" step="1"/><F60/><REACH who="2" ten="250,173,317,250" step="2"/><W91/><G51/><T7/><D48/><U94/><E65/><V24/><F24/><W61/><G67/><T39/><D114/><U1/><REACH who="1" step="1"/><E23/><REACH who="1" ten="250,163,317,250" step="2"/><V30/><F30/><W40/><G53/><T20/><D135/><U10/><E10/><V36/><F36/><W43/><G43/><T14/><D39/><U57/><E57/><V103/><AGARI ba="0,2" hai="16,22,26,52,55,59,62,64,96,103,104,105,106,107" machi="103" ten="40,8000,1" yaku="1,1,0,1,54,2,53,1" doraHai="4" doraHaiUra="18" who="2" fromWho="2" sc="250,-20,163,-40,317,100,250,-20" /><INIT seed="2,0,0,3,1,76" ten="230,123,417,230" oya="2" hai0="115,121,81,36,82,47,44,134,19,43,122,42,118" hai1="61,114,119,125,39,126,133,57,70,132,55,1,62" hai2="98,22,88,110,74,90,117,99,111,64,123,40,75" hai3="9,120,116,124,27,56,105,63,41,38,103,108,54"/><V106/><F40/><W52/><G116/><T18/><D118/><U94/><E119/><V73/><F117/><W20/><G120/><T104/><D104/><U15/><E1/><V13/><F64/><W48/><G124/><N who="1" m="47722" /><E15/><V32/><F32/><W84/><G9/><T102/><D102/><U17/><E17/><V77/><F123/><W87/><G108/><N who="2" m="41513" /><F77/><W68/><G68/><T11/><D11/><U30/><E30/><V23/><F13/><W37/><G103/><T7/><D36/><U28/><E28/><V89/><F106/><W6/><G105/><T83/><D83/><U113/><E94/><V50/><F50/><W53/><G6/><T72/><D7/><U2/><E39/><V24/><F24/><W10/><G38/><T29/><D29/><U128/><E2/><V109/><F109/><W60/><G37/><T14/><D14/><U35/><E35/><V45/><F45/><N who="3" m="25647" /><G60/><T69/><D122/><U33/><E33/><V21/><AGARI ba="0,0" hai="21,22,23,73,74,75,88,89,90,98,99" m="41513" machi="21" ten="50,18000,2" yaku="29,2,28,2,14,1,10,1,54,1" doraHai="76" who="2" fromWho="2" sc="230,-60,123,-60,417,180,230,-60" /><INIT seed="2,1,0,0,3,117" ten="170,63,597,170" oya="2" hai0="72,58,2,30,98,13,124,122,27,35,69,131,100" hai1="62,4,7,133,115,60,75,93,44,15,86,92,46" hai2="70,77,113,40,89,99,118,16,110,106,21,39,17" hai3="96,81,57,65,132,49,80,5,73,36,87,51,66"/><V10/><F113/><W91/><G36/><T90/><D2/><U55/><E75/><V125/><F70/><W47/><G132/><T114/><D114/><U108/><E115/><V119/><F77/><W135/><G135/><T68/><D124/><U126/><E133/><V107/><F125/><W128/><G128/><T12/><D131/><U71/><E126/><V33/><F33/><W53/><G96/><T37/><D37/><U102/><E71/><V79/><F79/><W64/><G5/><T56/><D72/><U14/><E86/><V38/><F10/><W34/><G34/><T111/><D111/><U29/><E29/><V48/><F48/><W116/><G116/><T43/><D43/><U25/><E25/><V41/><F99/><W121/><G121/><T54/><D122/><U0/><E0/><V101/><F101/><W97/><G97/><T50/><D58/><U109/><E55/><V127/><F127/><W61/><G47/><T105/><D69/><U76/><E76/><V82/><F110/><W31/><G31/><T104/><D105/><U18/><E18/><V22/><F82/><N who="3" m="31851" /><G73/><T32/><D35/><U78/><E78/><V129/><F89/><W24/><G24/><T59/><D90/><U95/><E95/><AGARI ba="1,0" hai="49,51,53,57,61,64,65,66,87,91,95" m="31851" machi="95" ten="30,1000,0" yaku="8,1" doraHai="117" who="3" fromWho="1" sc="170,0,63,-13,597,0,170,13" /><INIT seed="3,0,0,2,5,125" ten="170,50,597,183" oya="3" hai0="38,66,122,13,128,80,15,77,43,74,115,94,81" hai1="114,54,73,8,52,16,53,106,9,91,26,49,134" hai2="96,35,7,87,27,61,124,67,113,89,12,24,29" hai3="79,34,46,72,17,0,48,59,28,36,30,120,98"/><W2/><G120/><T39/><D122/><U118/><E114/><V10/><F124/><W25/><G30/><T57/><D115/><U112/><E112/><V93/><F113/><W4/><G98/><T132/><D132/><U126/><E126/><V6/><F24/><W111/><G111/><T119/><D43/><U63/><E134/><V84/><F6/><W64/><G36/><T76/><D66/><U11/><E106/><V18/><F18/><W5/><G17/><T99/><D57/><AGARI ba="0,0" hai="7,10,12,27,29,35,57,61,67,84,87,89,93,96" machi="57" ten="30,1000,0" yaku="7,1" doraHai="125" who="2" fromWho="0" sc="170,-10,50,0,597,10,183,0" /><INIT seed="4,0,0,2,2,91" ten="160,50,607,183" oya="0" hai0="88,22,134,34,94,4,13,118,125,59,46,102,89" hai1="110,128,26,56,77,79,38,116,48,107,14,47,54" hai2="117,95,124,10,96,80,83,27,127,7,12,5,58" hai3="135,20,113,99,78,62,133,28,19,63,82,42,40"/><T111/><D118/><U74/><E107/><V73/><F117/><W24/><G113/><T39/><D34/><U36/><E110/><V0/><F27/><W126/><G126/><N who="2" m="48169" /><F73/><W45/><G99/><N who="0" m="59767" /><D39/><U131/><E116/><V84/><F58/><W43/><G45/><T112/><D134/><N who="3" m="51209" /><G28/><T115/><D46/><U90/><E74/><AGARI ba="0,0" hai="19,20,24,40,42,43,62,63,74,78,82" m="51209" machi="74" ten="30,1000,0" yaku="20,1" doraHai="91" who="3" fromWho="1" sc="160,0,50,-10,607,0,183,10" /><INIT seed="5,0,0,0,1,123" ten="160,40,607,193" oya="1" hai0="82,122,133,83,63,22,35,1,33,112,78,46,124" hai1="106,18,37,125,2,101,77,71,64,74,76,44,14" hai2="50,110,41,107,8,43,103,94,115,91,13,40,86" hai3="75,114,26,104,48,66,32,36,93,88,85,55,17"/><U29/><E2/><V81/><F110/><W72/><G36/><T56/><D1/><U120/><E120/><V100/><F107/><W67/><G104/><T84/><D122/><U62/><E125/><V80/><F50/><W59/><G114/><T99/><D124/><U19/><E29/><V89/><F115/><W135/><G135/><T134/><D46/><U16/><E74/><V96/><F80/><W49/><G49/><T12/><D99/><U57/><E14/><V34/><F34/><W38/><G38/><T47/><D47/><U97/><REACH who="1" step="1"/><E71/><REACH who="1" ten="160,30,607,193" step="2"/><V30/><F30/><W79/><G75/><T58/><D12/><U119/><E119/><V9/><F13/><W6/><G32/><T7/><D35/><U65/><E65/><V132/><F132/><W127/><G127/><T31/><D33/><U131/><E131/><V53/><F8/><W60/><G67/><T27/><D112/><U11/><E11/><V4/><F9/><W92/><G72/><T102/><D134/><U113/><E113/><V118/><F118/><W39/><G66/><T61/><D133/><U111/><E111/><V130/><F130/><W70/><G70/><T68/><D68/><U25/><E25/><V54/><F4/><W121/><G26/><T52/><D7/><U24/><E24/><V51/><F54/><W105/><G6/><T73/><D73/><U129/><E129/><V98/><F53/><W10/><G55/><N who="0" m="34271" /><D83/><U20/><E20/><V108/><F108/><W3/><G3/><T90/><D78/><U23/><E23/><V5/><F81/><N who="3" m="47295" /><G121/><T42/><D42/><AGARI ba="0,1" hai="16,18,19,37,42,44,57,62,64,76,77,97,101,106" machi="42" ten="40,12000,1" yaku="1,1,6,1,54,1,53,1" doraHai="123" doraHaiUra="95" who="1" fromWho="0" sc="160,-120,30,130,607,0,193,0" /><INIT seed="5,1,0,2,3,116" ten="40,160,607,193" oya="1" hai0="113,3,28,134,58,31,66,109,103,57,60,63,76" hai1="77,2,15,47,32,35,93,53,91,4,108,92,61" hai2="16,6,26,67,18,72,128,80,20,131,82,17,55" hai3="95,98,36,123,105,65,111,13,22,84,11,101,38"/><U86/><E2/><V49/><F6/><W59/><G111/><T10/><D109/><U112/><E112/><V27/><F67/><W107/><G22/><T14/><D134/><U97/><E108/><V73/><F20/><W9/><G123/><T39/><D39/><U42/><E32/><V24/><F55/><W110/><G110/><T94/><D76/><U132/><E35/><V51/><F82/><W135/><G135/><T120/><D3/><U89/><E132/><V106/><F106/><W34/><G34/><T8/><D113/><U7/><E77/><V78/><F73/><W19/><G9/><T1/><D1/><U71/><E15/><V99/><F99/><W90/><REACH who="3" step="1"/><G107/><REACH who="3" ten="40,160,607,183" step="2"/><T56/><D10/><U68/><E68/><V12/><F12/><W44/><G44/><T33/><D33/><U104/><E104/><V25/><F25/><W124/><G124/><T96/><D120/><U64/><REACH who="1" step="1"/><E53/><REACH who="1" ten="40,150,607,183" step="2"/><V5/><F78/><W129/><G129/><T70/><REACH who="0" step="1"/><D63/><AGARI ba="1,2" hai="11,13,19,36,38,59,63,65,84,90,95,98,101,105" machi="63" ten="40,1300,0" yaku="1,1,53,0" doraHai="116" doraHaiUra="41" who="3" fromWho="0" sc="40,-16,150,0,607,0,183,36" /><INIT seed="6,0,0,2,2,95" ten="24,150,607,219" oya="2" hai0="2,37,115,109,123,11,35,106,51,122,30,6,64" hai1="84,65,23,59,45,111,54,62,16,60,26,97,77" hai2="31,58,130,25,10,82,17,107,129,76,103,132,104" hai3="100,126,133,135,13,124,42,83,71,55,70,98,57"/><V3/><F58/><W74/><G42/><T9/><D37/><U34/><E111/><V79/><F103/><W118/><G118/><T47/><D109/><U90/><E34/><V19/><F132/><N who="3" m="50763" /><G13/><T32/><D106/><U40/><E77/><V112/><F25/><W91/><G91/><T52/><D115/><U96/><E84/><V69/><F10/><W92/><G83/><T53/><D64/><U102/><E90/><V44/><F31/><W86/><G86/><T94/><D11/><U80/><E80/><V67/><F67/><W85/><G85/><T110/><D110/><U28/><E102/><V21/><F82/><W117/><G74/><T20/><D53/><U131/><E131/><V39/><F39/><W48/><G117/><T99/><D20/><U68/><E28/><V41/><F41/><W38/><G38/><AGARI ba="0,0" hai="16,23,26,38,40,45,54,59,60,62,65,68,96,97" machi="38" ten="30,7700,0" yaku="7,1,52,2,54,1" doraHai="95" who="1" fromWho="3" sc="24,0,150,77,607,0,219,-77" /><INIT seed="7,0,0,0,0,75" ten="24,227,607,142" oya="3" hai0="19,8,2,59,91,97,99,36,45,78,115,69,109" hai1="47,120,33,27,128,89,127,29,72,38,92,114,113" hai2="96,52,132,54,66,126,112,7,61,64,0,118,42" hai3="98,48,14,81,71,125,1,88,84,121,77,32,10"/><W43/><G121/><T56/><D69/><U17/><E120/><V9/><F118/><W90/><G32/><T87/><D109/><U3/><E127/><V129/><F126/><W57/><G71/><T119/><D2/><U16/><E72/><V70/><F66/><W4/><G125/><T39/><D119/><U106/><E106/><V67/><F67/><W40/><G1/><T82/><D39/><U65/><E65/><V21/><F42/><N who="3" m="15915" /><G98/><N who="0" m="37387" /><D36/><U130/><E47/><V117/><F117/><W55/><AGARI ba="0,0" hai="4,10,14,48,55,57,77,81,84,88,90" m="15915" machi="55" ten="30,6000,0" yaku="8,1,52,1,54,1" doraHai="75" who="3" fromWho="3" sc="24,-20,227,-20,607,-20,142,60" /><INIT seed="7,1,0,3,2,107" ten="4,207,587,202" oya="3" hai0="79,88,111,2,52,31,69,83,58,114,32,96,33" hai1="72,45,122,76,30,84,37,109,87,27,92,22,101" hai2="20,125,44,42,7,53,130,24,112,5,90,47,108" hai3="12,19,25,93,86,29,77,34,85,73,117,39,131"/><W40/><G117/><T55/><D111/><U54/><E109/><V26/><F112/><W91/><G131/><T94/><D69/><U129/><E122/><V123/><F90/><W133/><G133/><T35/><D2/><U110/><E110/><V11/><F20/><W65/><G65/><T48/><D114/><U8/><E72/><V6/><F53/><W116/><G116/><T63/><D31/><U127/><E127/><V56/><F56/><W13/><G73/><T81/><D35/><U15/><E76/><V121/><F5/><W3/><G3/><T99/><D99/><N who="1" m="59623" /><E37/><V18/><F18/><W46/><REACH who="3" step="1"/><G19/><REACH who="3" ten="4,207,587,192" step="2"/><T43/><D43/><U14/><E129/><V128/><F108/><W78/><G78/><T4/><D4/><N who="1" m="3335" /><E15/><V119/><F119/><W135/><G135/><T38/><D38/><U120/><E120/><V105/><F42/><W70/><G70/><T115/><D115/><U61/><E61/><V82/><F123/><W71/><G71/><T1/><D1/><U68/><E68/><V103/><F121/><W126/><G126/><T102/><D102/><U74/><E74/><V118/><F125/><W89/><G89/><T16/><D16/><U59/><E59/><V64/><F118/><W113/><G113/><T41/><D41/><U67/><E67/><V95/><F64/><W23/><G23/><T62/><D79/><U36/><E36/><V75/><F75/><W98/><G98/><T104/><D33/><U80/><E30/><V66/><F66/><W134/><G134/><T57/><D32/><U21/><E22/><V49/><F130/><RYUUKYOKU ba="1,1" sc="4,-10,207,-10,587,-10,192,30" hai3="12,13,25,29,34,39,40,46,77,85,86,91,93" owari="-6,-50.6,197,-20.3,587,68.7,222,2.2" /></mjloggm>