<mjloggm ver="2.3"><GO type="41" lobby="0"/><UN n0="%46%E5%92%B8%E9%AD%9A%E5%92%B8%E9%AD%9A%E5%92%B8" n1="%E2%93%9D%4C%75%63%6B%79%4A" n2="%68%65%69%68%65%69" n3="%6D%69%6C%6F%6E%6B" dan="15,18,14,13" rate="2051.18,2167.66,1885.11,1814.01" sx="M,M,M,M"/><TAIKYOKU oya="0"/><INIT seed="0,0,0,4,1,77" ten="250,250,250,250" oya="0" hai0="63,22,23,56,84,131,82,90,35,117,32,38,81" hai1="36,67,10,89,113,4,72,26,111,121,70,132,0" hai2="91,30,13,98,100,123,106,73,119,54,102,40,134" hai3="109,133,80,43,49,129,53,79,108,55,92,68,120"/><T41/><D117/><U45/><E121/><V21/><F123/><W39/><G68/><T60/><D131/><U103/><E103/><V130/><F130/><W101/><G120/><T65/><D38/><U93/><E111/><N who="3" m="42570" /><G129/><T37/><D37/><U3/><E26/><V118/><F73/><N who="3" m="43119" /><G39/><T105/><D105/><U99/><E113/><V58/><F40/><W47/><G133/><T14/><D41/><U52/><E72/><V78/><F78/><W12/><G12/><T127/><D127/><U31/><E132/><V96/><F91/><W59/><G59/><N who="0" m="37023" /><D35/><U114/><E114/><V85/><F85/><W64/><G64/><N who="0" m="39015" /><D32/><U124/><E124/><V19/><F30/><W71/><G71/><T11/><D82/><U57/><E70/><V76/><F76/><W110/><G110/><T2/><D2/><U61/><E3/><V24/><F134/><W122/><G122/><T125/><D125/><U97/><E36/><V126/><F126/><W48/><G49/><T8/><D8/><U7/><E10/><V29/><F118/><W16/><G16/><AGARI ba="0,0" hai="11,14,16,22,23,81,84,90" m="39015,37023" machi="16" ten="30,5800,0" yaku="8,1,52,1,54,1" doraHai="77" who="0" fromWho="3" sc="250,58,250,0,250,0,250,-58" /><INIT seed="0,1,0,4,3,108" ten="308,250,250,192" oya="0" hai0="117,75,45,107,120,133,43,78,74,110,47,44,48" hai1="89,122,113,21,76,91,71,15,87,67,84,80,27" hai2="94,102,40,41,36,1,112,46,35,54,106,20,129" hai3="81,30,64,70,32,17,114,28,103,25,14,5,116"/><T23/><D107/><U55/><E122/><V69/><F129/><W10/><G103/><T99/><D120/><U73/><E71/><V86/><F20/><N who="3" m="11319" /><G81/><T62/><D117/><U56/><E67/><V59/><F69/><W6/><G64/><T33/><D33/><U118/><E118/><V51/><F35/><N who="3" m="20879" /><G70/><T22/><D133/><U29/><E113/><V0/><F112/><W88/><G88/><T95/><D110/><U119/><E119/><V97/><F106/><W135/><G116/><T60/><D78/><U38/><E38/><V4/><F4/><N who="3" m="1643" /><G135/><T126/><D48/><U131/><E73/><V49/><F86/><W61/><G61/><T82/><D43/><U105/><E105/><V124/><F124/><W8/><G114/><T100/><D126/><U128/><E76/><V34/><F34/><W101/><G101/><T50/><D50/><U96/><E96/><V109/><F109/><W130/><G130/><T68/><D68/><U66/><E66/><V42/><F36/><W85/><G85/><T26/><D82/><U121/><E121/><V125/><F125/><W16/><G16/><N who="0" m="12615" /><D75/><U19/><E87/><V31/><F41/><W3/><G3/><T92/><D74/><U127/><E127/><V115/><F115/><W90/><G90/><T11/><D95/><U98/><E91/><V93/><F93/><W39/><G39/><T58/><D92/><U104/><E104/><V12/><F42/><W18/><G18/><T79/><D100/><U83/><E83/><V2/><F31/><W77/><G77/><T63/><D79/><U7/><E80/><RYUUKYOKU ba="1,0" sc="308,-15,250,-15,250,15,192,15" hai2="0,1,2,12,40,46,49,51,54,59,94,97,102" hai3="8,10,30,32" /><INIT seed="1,2,0,5,0,71" ten="293,235,265,207" oya="1" hai0="6,13,24,28,34,93,37,29,85,52,56,72,39" hai1="79,110,32,11,121,109,82,131,117,97,54,100,77" hai2="81,15,20,17,58,76,134,46,26,53,19,49,118" hai3="112,22,59,67,83,4,36,41,1,120,95,87,0"/><U103/><E32/><V69/><F69/><W90/><G120/><T63/><D72/><U123/><E11/><V115/><F134/><W125/><G112/><T30/><D34/><U104/><E54/><V84/><F118/><W44/><G125/><T31/><D31/><U51/><E51/><V88/><F115/><W2/><G22/><T57/><D24/><U42/><E42/><V45/><REACH who="2" step="1"/><F76/><REACH who="2" ten="293,235,255,207" step="2"/><W73/><G0/><T65/><D6/><U106/><E117/><V80/><F80/><W23/><G4/><T101/><D13/><U94/><E131/><V135/><F135/><W61/><REACH who="3" step="1"/><G23/><AGARI ba="2,1" hai="15,17,19,20,23,26,45,46,49,53,58,81,84,88" machi="23" ten="30,8000,1" yaku="1,1,7,1,8,1,54,1,53,1" doraHai="71" doraHaiUra="21" who="2" fromWho="3" sc="293,0,235,0,255,96,207,-86" /><INIT seed="2,0,0,5,1,54" ten="293,235,351,121" oya="2" hai0="2,132,10,94,111,105,77,22,66,131,50,76,17" hai1="55,56,126,79,90,1,36,82,88,21,107,113,68" hai2="45,57,74,29,134,31,52,20,60,69,58,118,81" hai3="129,64,115,62,63,11,108,65,127,38,99,9,48"/><V114/><F118/><W101/><G38/><T12/><D105/><U72/><E113/><V95/><F74/><W103/><G115/><T87/><D111/><U4/><E68/><V135/><F114/><W6/><G108/><T0/><D132/><N who="2" m="50730" /><F45/><W26/><G127/><T123/><D123/><U97/><E126/><V19/><F69/><W46/><G129/><T71/><D131/><U102/><E36/><V43/><F43/><W37/><G37/><T130/><D130/><U70/><E70/><V18/><F95/><W8/><G26/><T109/><D109/><U30/><E30/><N who="2" m="11275" /><F81/><W84/><G84/><T133/><D133/><U91/><E21/><V100/><F100/><W41/><G6/><T73/><D73/><U5/><REACH who="1" step="1"/><E1/><REACH who="1" ten="293,225,351,121" step="2"/><V42/><F20/><W75/><G75/><T61/><D22/><U53/><E53/><N who="2" m="33839" /><F42/><W116/><G116/><T110/><D110/><U15/><E15/><V86/><F86/><W121/><G121/><T122/><D122/><U104/><E104/><V51/><AGARI ba="0,1" hai="18,19,51,52,58" m="33839,11275,50730" machi="51" ten="30,11700,0" yaku="20,1,52,2,54,1" doraHai="54" who="2" fromWho="2" sc="293,-39,225,-39,351,127,121,-39" /><INIT seed="2,1,0,4,4,111" ten="254,186,478,82" oya="2" hai0="76,45,48,57,104,69,10,42,41,67,108,84,86" hai1="14,4,116,119,102,117,70,120,133,39,98,109,75" hai2="56,20,127,40,123,122,53,13,33,103,71,99,106" hai3="110,97,95,34,62,58,131,126,17,23,38,93,27"/><V51/><F33/><W92/><G110/><T47/><D108/><U101/><E109/><V64/><F127/><W37/><G126/><T28/><D104/><U2/><E70/><V105/><F105/><W77/><G34/><T8/><D69/><U54/><E39/><V46/><F20/><W16/><G131/><T94/><D28/><U59/><E75/><V5/><F5/><W26/><G77/><T132/><D132/><U3/><E133/><V91/><F91/><N who="3" m="55455" /><G38/><T128/><D128/><U135/><E120/><V21/><F21/><N who="3" m="13615" /><G37/><T24/><D24/><U115/><E135/><V121/><F13/><W52/><AGARI ba="1,0" hai="16,23,27,52,58,62,93,95" m="13615,55455" machi="52" ten="30,7900,0" yaku="25,1,8,1,54,2" doraHai="111" who="3" fromWho="3" sc="254,-21,186,-21,478,-40,82,82" /><INIT seed="3,0,0,3,1,40" ten="233,165,438,164" oya="3" hai0="3,50,99,125,65,47,105,79,123,64,14,73,83" hai1="72,127,56,13,19,117,59,103,0,45,4,69,30" hai2="52,110,91,37,116,86,22,106,16,128,129,2,80" hai3="12,48,126,9,61,131,115,94,28,98,114,90,109"/><W92/><G126/><T78/><D3/><U51/><E69/><V54/><F2/><W53/><G131/><N who="2" m="50249" /><F106/><W68/><G28/><T107/><D123/><U1/><E72/><V31/><F31/><W36/><G36/><T5/><D125/><U21/><E127/><V81/><F110/><W95/><G109/><T85/><D73/><U35/><E103/><V122/><F116/><W112/><G61/><T70/><D79/><U39/><E39/><V97/><F37/><W10/><G68/><T111/><D111/><U55/><E117/><V101/><F80/><W89/><G12/><T27/><D27/><N who="1" m="18911" /><E1/><V25/><F122/><W132/><G132/><T29/><D29/><U96/><E96/><V44/><F44/><W84/><REACH who="3" step="1"/><G94/><REACH who="3" ten="233,165,438,154" step="2"/><T33/><D70/><U7/><E7/><V18/><F18/><W11/><G11/><AGARI ba="0,1" hai="0,4,11,13,19,21,45,51,55,56,59" m="18911" machi="11" ten="30,2000,0" yaku="24,1,52,1" doraHai="40" who="1" fromWho="3" sc="233,0,165,30,438,0,154,-20" /><INIT seed="4,0,0,1,4,73" ten="233,195,438,134" oya="0" hai0="29,24,109,133,3,67,26,2,54,127,68,50,25" hai1="86,103,43,48,98,89,1,64,110,105,39,111,8" hai2="35,116,112,12,61,51,95,22,113,124,90,100,42" hai3="5,0,128,47,81,74,87,134,31,125,46,77,57"/><T119/><D119/><U102/><E39/><V120/><F35/><W107/><G107/><T32/><D133/><U108/><E64/><V92/><F120/><W117/><G117/><T40/><D127/><U129/><E43/><V70/><F116/><W115/><G125/><T4/><D40/><U52/><E103/><V104/><F104/><W79/><G134/><T88/><D109/><U75/><E75/><V93/><F100/><W27/><G0/><T6/><D68/><U66/><E66/><V23/><F12/><W69/><G5/><T36/><D67/><U72/><E72/><V13/><F13/><W101/><G69/><T76/><D76/><N who="3" m="29257" /><G74/><T18/><D36/><U60/><E60/><V118/><F70/><W17/><G101/><T58/><D2/><U62/><E62/><V91/><F118/><W53/><G115/><N who="2" m="44105" /><F61/><N who="3" m="36015" /><G128/><T37/><D37/><U80/><E129/><V122/><F122/><W9/><G31/><T10/><D6/><U49/><REACH who="1" step="1"/><E52/><REACH who="1" ten="233,185,438,134" step="2"/><V78/><F124/><W130/><G130/><T59/><D59/><U83/><E83/><V132/><F132/><W19/><G9/><T106/><D10/><U38/><E38/><V56/><F42/><W135/><G135/><T123/><D123/><U21/><E21/><V126/><F126/><W16/><G27/><T34/><D26/><U7/><AGARI ba="0,1" hai="1,7,8,48,49,80,86,89,98,102,105,108,110,111" machi="7" ten="40,2700,0" yaku="1,1,0,1,53,0" doraHai="73" doraHaiUra="11" who="1" fromWho="1" sc="233,-13,185,37,438,-7,134,-7" /><INIT seed="5,0,0,3,0,41" ten="220,222,431,127" oya="1" hai0="90,39,107,22,66,96,33,129,44,26,110,36,31" hai1="32,98,65,9,64,104,6,120,87,126,95,56,49" hai2="99,124,20,109,101,17,82,7,46,37,100,68,81" hai3="133,89,130,34,28,114,78,42,11,80,91,12,38"/><U15/><E120/><V125/><F68/><W69/><G69/><T128/><D110/><U75/><E75/><V117/><F117/><W93/><G114/><T97/><D66/><U50/><E32/><V103/><F7/><W118/><G118/><T10/><D10/><U123/><E104/><V94/><F109/><W29/><G133/><T0/><D0/><U132/><E126/><N who="2" m="48747" /><F46/><W122/><G122/><T23/><D107/><U112/><E112/><V106/><F37/><W131/><G34/><T63/><D63/><U48/><E132/><V70/><F70/><W59/><G59/><T5/><D5/><U76/><E123/><V55/><F55/><W86/><G91/><T77/><D77/><U1/><E1/><V52/><F52/><W134/><G134/><T113/><D113/><U43/><E43/><V18/><F18/><N who="3" m="8479" /><G42/><T40/><D36/><U30/><E56/><V58/><F58/><W108/><G38/><T92/><REACH who="0" step="1"/><D97/><REACH who="0" ten="210,222,431,127" step="2"/><U16/><E6/><V119/><F119/><W57/><G108/><T62/><D62/><U8/><E9/><V121/><F121/><W27/><G131/><AGARI ba="0,1" hai="22,23,26,31,33,39,40,44,90,92,96,128,129,131" machi="131" ten="40,5200,0" yaku="1,1,19,1,52,1,53,0" doraHai="41" doraHaiUra="74" who="0" fromWho="3" sc="210,62,222,0,431,0,127,-52" /><INIT seed="6,0,0,0,3,26" ten="272,222,431,75" oya="2" hai0="104,35,98,89,114,54,65,100,21,29,10,126,39" hai1="128,131,17,23,124,70,2,101,44,99,135,121,6" hai2="32,60,85,58,81,107,112,96,134,117,13,61,63" hai3="87,133,130,1,11,111,27,24,108,16,90,119,69"/><V30/><F112/><W3/><G119/><T84/><D35/><U14/><E70/><V91/><F134/><W38/><G69/><T88/><D114/><U106/><E135/><V56/><F117/><W103/><G38/><T123/><D123/><U78/><E78/><V0/><F0/><W83/><G133/><T113/><D39/><U122/><E44/><V50/><F13/><W82/><G103/><T92/><D65/><U20/><E23/><V49/><F107/><W48/><G130/><N who="1" m="49706" /><E124/><V66/><F96/><W9/><G48/><T4/><D126/><U93/><E106/><V52/><F30/><W102/><G102/><T19/><D54/><U125/><E125/><V71/><F32/><W51/><G51/><T53/><D53/><AGARI ba="0,0" hai="49,50,52,53,56,58,60,61,63,66,71,81,85,91" machi="53" ten="30,5800,0" yaku="7,1,9,1,54,1" doraHai="26" who="2" fromWho="0" sc="272,-58,222,0,431,58,75,0" /><INIT seed="6,1,0,3,1,134" ten="214,222,489,75" oya="2" hai0="105,28,90,59,132,123,83,6,55,27,127,95,124" hai1="4,49,35,81,1,33,0,19,122,13,24,103,73" hai2="57,128,125,47,36,100,113,22,41,131,98,45,17" hai3="42,74,84,7,111,18,107,97,70,58,85,31,46"/><V77/><F125/><N who="0" m="48202" /><D105/><U61/><E49/><V64/><F113/><W38/><G111/><T78/><D6/><U129/><E61/><N who="2" m="37935" /><F77/><W96/><G7/><T48/><D132/><U112/><E129/><N who="2" m="49739" /><F41/><W117/><G107/><T75/><D123/><U109/><E122/><V67/><F67/><W119/><G119/><T40/><D40/><U94/><E112/><V93/><F36/><W72/><G117/><T44/><D90/><U12/><E109/><V110/><F110/><W25/><G42/><T121/><D95/><U29/><E94/><V21/><F21/><W65/><G38/><T37/><D121/><U135/><E135/><V115/><F115/><W60/><G97/><T43/><D27/><AGARI ba="1,0" hai="17,22,27,45,47,93,98,100" m="49739,37935" machi="27" ten="30,1500,0" yaku="19,1" doraHai="134" who="2" fromWho="0" sc="214,-18,222,0,489,18,75,0" /><INIT seed="6,2,0,1,4,106" ten="196,222,507,75" oya="2" hai0="60,10,118,59,67,61,74,94,68,66,82,42,56" hai1="51,117,131,46,31,58,35,110,36,92,103,102,99" hai2="132,64,85,71,73,135,89,29,41,19,107,101,72" hai3="63,22,70,15,108,1,93,77,128,50,32,23,44"/><V40/><F29/><W123/><G108/><T17/><D118/><U55/><E110/><V9/><F71/><W69/><G123/><T87/><D42/><N who="2" m="16490" /><F64/><W116/><G116/><T134/><D134/><N who="2" m="51242" /><F101/><W3/><G32/><T109/><D109/><U97/><E131/><V115/><F115/><W43/><G128/><T38/><D38/><U80/><E36/><V5/><F19/><W2/><G70/><T75/><D68/><U81/><E117/><V84/><F107/><W133/><G133/><T126/><D126/><U83/><E35/><V25/><F25/><W13/><G69/><T49/><D49/><U52/><E31/><V34/><F85/><W127/><G127/><T30/><D30/><U53/><REACH who="1" step="1"/><E58/><REACH who="1" ten="196,212,507,75" step="2"/><V47/><F34/><W33/><G33/><T113/><D113/><U27/><E27/><V79/><F47/><W100/><G44/><T28/><D28/><U14/><E14/><N who="2" m="5423" /><F79/><W6/><G77/><T119/><D119/><U57/><E57/><V104/><F104/><AGARI ba="2,1" hai="46,51,52,53,55,80,81,83,92,97,99,102,103,104" machi="104" ten="40,2600,0" yaku="1,1,54,1,53,0" doraHai="106" doraHaiUra="121" who="1" fromWho="2" sc="196,0,212,42,507,-32,75,0" /><INIT seed="7,0,0,0,2,47" ten="196,254,475,75" oya="3" hai0="82,3,74,122,68,56,28,118,8,49,73,42,45" hai1="48,18,110,88,83,107,64,96,119,25,126,40,4" hai2="124,39,66,102,52,6,54,51,19,117,91,129,32" hai3="37,115,109,15,11,79,134,21,57,116,17,127,94"/><W59/><G116/><T75/><D118/><U114/><E119/><V100/><F117/><RYUUKYOKU type="kaze4" ba="0,0" sc="196,0,254,0,475,0,75,0" /><INIT seed="7,1,0,0,3,57" ten="196,254,475,75" oya="3" hai0="49,34,63,109,100,97,43,29,103,44,132,82,2" hai1="85,13,59,74,23,117,16,68,47,11,55,25,88" hai2="94,7,110,54,93,58,67,60,77,123,76,61,129" hai3="6,15,96,101,70,12,92,81,104,38,14,50,18"/><W42/><G70/><T108/><D2/><U135/><E74/><V62/><F110/><W102/><G38/><T24/><D132/><U128/><E128/><V89/><F129/><W112/><G112/><T19/><D82/><N who="1" m="49207" /><E68/><V39/><F39/><W69/><G69/><T10/><D103/><U119/><E59/><N who="2" m="34935" /><F7/><W120/><G120/><T37/><D37/><U72/><E72/><V133/><F133/><W105/><G6/><T27/><D10/><U114/><E114/><V66/><F123/><W22/><G81/><T125/><D125/><U1/><E1/><V127/><F94/><W9/><G9/><T98/><D98/><U35/><E35/><V131/><F131/><W121/><G121/><T21/><D63/><N who="2" m="24074" /><F58/><W91/><G104/><AGARI ba="1,0" hai="19,21,24,27,29,34,43,44,49,97,100,104,108,109" machi="104" ten="30,1000,0" yaku="7,1" doraHai="57" who="0" fromWho="3" sc="196,13,254,0,475,0,75,-13" owari="209,-19.1,254,5.4,475,57.5,62,-43.8" /></mjloggm>