<mjloggm ver="2.3"><GO type="41" lobby="0"/><UN n0="%74%61%74%75%2D%67" n1="%E3%81%93%E3%81%86%E3%82%82%E3%82%8A%E3%81%95%E3%82%93" n2="%E5%85%8B%E5%AD%90" n3="%E2%93%9D%4C%75%63%6B%79%4A" dan="14,14,15,18" rate="1946.87,1941.81,1968.24,2152.05" sx="M,M,F,M"/><TAIKYOKU oya="0"/><INIT seed="0,0,0,3,3,74" ten="250,250,250,250" oya="0" hai0="119,12,17,84,69,29,41,99,38,52,31,61,82" hai1="21,0,87,3,39,133,20,64,72,59,40,70,131" hai2="48,124,53,45,106,102,78,121,49,134,123,135,65" hai3="57,24,130,114,14,28,128,22,122,63,66,105,68"/><T76/><D119/><U13/><E72/><V51/><F106/><W26/><G114/><T35/><D35/><U86/><E70/><V67/><F102/><W120/><G105/><T32/><D32/><U117/><E117/><V16/><F16/><W97/><G14/><T43/><D99/><U47/><E87/><V19/><F19/><W126/><G126/><T108/><D108/><U103/><E103/><V73/><F73/><W10/><G10/><T93/><D93/><U115/><E115/><V33/><F33/><W37/><G37/><T18/><D18/><U58/><E21/><V95/><F95/><W7/><G7/><T15/><D15/><U88/><E59/><V56/><F78/><W101/><G26/><T92/><D92/><U104/><E104/><V81/><F81/><W118/><G68/><T94/><D94/><U36/><E36/><V85/><F85/><W71/><G71/><T100/><D100/><U8/><E20/><V54/><F48/><W125/><G125/><T5/><D5/><U127/><E127/><V46/><F124/><W132/><G132/><T23/><D38/><U50/><E133/><N who="2" m="50699" /><F56/><W112/><G112/><T79/><D79/><U98/><E98/><V111/><F111/><W77/><G77/><T110/><D110/><U2/><E39/><V60/><F60/><W80/><G118/><T1/><D1/><U91/><E86/><V116/><F116/><W11/><G80/><T25/><D69/><U34/><E34/><V9/><F9/><W42/><G11/><N who="0" m="6303" /><D31/><U4/><E131/><N who="3" m="50218" /><G101/><T129/><D129/><U27/><E27/><RYUUKYOKU ba="0,0" sc="250,10,250,10,250,10,250,-30" hai0="23,25,29,41,43,52,61,76,82,84" hai1="0,2,3,4,8,13,40,47,50,58,64,88,91" hai2="45,46,49,51,53,54,65,67,121,123" /><INIT seed="0,1,0,1,4,94" ten="260,260,260,220" oya="0" hai0="81,14,101,33,114,3,4,132,74,120,124,128,110" hai1="10,118,19,76,28,131,99,9,11,27,48,100,66" hai2="60,18,133,15,83,70,122,97,111,47,57,42,56" hai3="30,78,79,21,45,65,26,73,125,87,44,49,62"/><T129/><RYUUKYOKU type="yao9" ba="1,0" sc="260,0,260,0,260,0,220,0" hai0="3,4,14,33,74,81,101,110,114,120,124,128,129,132" /><INIT seed="0,2,0,2,2,55" ten="260,260,260,220" oya="0" hai0="126,22,111,132,7,121,131,112,21,130,75,74,99" hai1="110,84,66,77,61,18,39,37,50,29,118,114,52" hai2="102,2,24,5,71,127,135,15,33,134,91,98,58" hai3="117,38,40,122,56,25,0,107,81,14,46,68,79"/><T94/><D121/><U16/><E118/><V19/><F71/><W103/><G117/><T93/><D93/><U106/><BYE who="0" /><E106/><UN n0="%74%61%74%75%2D%67" /><V109/><F109/><W62/><G0/><T72/><D112/><U43/><E110/><V59/><F127/><W44/><G46/><T86/><D111/><U11/><E29/><V104/><F91/><W129/><G129/><N who="0" m="49163" /><D86/><U1/><E114/><V89/><F89/><W12/><G68/><T45/><D7/><U90/><E77/><V41/><F41/><W28/><G122/><T27/><D45/><U67/><E67/><V116/><F116/><W23/><G103/><N who="0" m="60919" /><D126/><U17/><E11/><V9/><F33/><W82/><G107/><T97/><D97/><U83/><E1/><V4/><F24/><W20/><G23/><N who="0" m="8715" /><D132/><N who="2" m="50730" /><F4/><W34/><G34/><T128/><N who="0" m="49171" /><T96/><DORA hai="88" /><D96/><U123/><E43/><V95/><F104/><W101/><G101/><T120/><D120/><U60/><E123/><V36/><F36/><W125/><G125/><T49/><D49/><U48/><E48/><V54/><F2/><W53/><REACH who="3" step="1"/><G82/><REACH who="3" ten="260,260,260,210" step="2"/><T35/><D35/><U80/><E80/><V108/><F108/><W63/><G63/><T76/><D76/><U124/><E124/><V105/><F105/><W113/><G113/><T69/><D69/><U64/><E61/><V8/><F102/><W119/><G119/><T32/><D32/><U70/><REACH who="1" step="1"/><E66/><REACH who="1" ten="260,250,260,210" step="2"/><V30/><F8/><W3/><G3/><T92/><D92/><U115/><E115/><V10/><F10/><W78/><G78/><T87/><D27/><U73/><E73/><AGARI ba="2,2" hai="12,14,20,25,28,38,40,44,53,56,62,73,79,81" machi="73" ten="30,7700,0" yaku="1,1,6,1,7,1,52,1,53,0" doraHai="55,88" doraHaiUra="47,31" who="3" fromWho="1" sc="260,0,250,-83,260,0,210,103" /><INIT seed="1,0,0,1,1,104" ten="260,167,260,313" oya="1" hai0="102,51,42,14,112,119,48,1,57,95,21,19,92" hai1="26,59,29,56,103,5,47,70,43,16,12,60,73" hai2="0,11,50,125,34,2,38,68,131,100,55,63,78" hai3="115,90,22,32,110,134,45,105,108,6,54,121,109"/><U126/><E126/><V23/><F34/><W80/><G32/><T132/><D1/><U120/><E120/><V79/><F38/><W85/><G121/><T122/><D112/><U84/><E5/><V53/><F125/><W97/><G22/><T75/><D75/><U64/><E103/><V71/><F131/><W111/><N who="3" m="27648" /><DORA hai="74" /><W4/><G115/><T61/><D132/><U94/><E73/><V49/><F23/><W37/><G134/><T91/><D119/><U39/><E94/><V66/><F100/><N who="3" m="62607" /><G54/><T40/><D95/><U81/><E26/><V41/><F41/><AGARI ba="0,0" hai="4,6,37,41,45,80,85,90" m="62607,27648" machi="41" ten="60,2000,0" yaku="14,1" doraHai="104,74" who="3" fromWho="2" sc="260,0,167,0,260,-20,313,20" /><INIT seed="2,0,0,4,4,80" ten="260,167,240,333" oya="2" hai0="100,31,54,60,92,90,29,17,96,118,57,70,69" hai1="121,68,127,128,44,3,102,86,16,32,93,110,59" hai2="94,74,129,132,71,109,95,53,116,24,77,21,7" hai3="26,35,52,124,55,56,46,113,4,45,28,10,104"/><V111/><F116/><W18/><G104/><T25/><D118/><U20/><E68/><V8/><F71/><W49/><G113/><T14/><D70/><U108/><E32/><V1/><F129/><W82/><G124/><T134/><D69/><U42/><E3/><V27/><F132/><W43/><G18/><T97/><D134/><U135/><E135/><V65/><F65/><W117/><G117/><T83/><D25/><U38/><E128/><V40/><F40/><W15/><G46/><T88/><D90/><U5/><E5/><V79/><F53/><W103/><G103/><T30/><D83/><U67/><E127/><V37/><F37/><W62/><REACH who="3" step="1"/><G82/><REACH who="3" ten="260,167,240,323" step="2"/><T115/><D115/><U13/><E121/><V33/><F109/><W64/><AGARI ba="0,1" hai="4,10,15,26,28,35,43,45,49,52,55,56,62,64" machi="64" ten="20,8000,1" yaku="1,1,2,1,0,1,7,1,54,1,53,0" doraHai="80" doraHaiUra="19" who="3" fromWho="3" sc="260,-20,167,-20,240,-40,323,90" /><INIT seed="3,0,0,1,2,116" ten="240,147,200,413" oya="3" hai0="18,93,27,60,73,82,5,135,120,49,8,132,45" hai1="59,19,76,46,11,84,15,91,129,109,67,9,69" hai2="28,63,33,122,26,31,89,115,75,30,100,35,44" hai3="124,97,74,66,55,0,16,32,37,87,110,25,125"/><W104/><G74/><T20/><D60/><U58/><E129/><V79/><F115/><W102/><G0/><T127/><D127/><N who="3" m="48713" /><G37/><T131/><D131/><U98/><E109/><V47/><F100/><W72/><G72/><T52/><D93/><U88/><E76/><V114/><F114/><W126/><N who="3" m="48721" /><W13/><DORA hai="41" /><G66/><T40/><D120/><U17/><E69/><V4/><F89/><W14/><G110/><T64/><D64/><U133/><E133/><N who="0" m="51273" /><D73/><U29/><E29/><V113/><F113/><W22/><G32/><T101/><D82/><U6/><E6/><V134/><F134/><W50/><G87/><T80/><D80/><U70/><E70/><V103/><F103/><W1/><G1/><N who="0" m="47" /><D101/><U118/><E118/><V36/><F75/><W128/><G128/><T21/><D21/><U119/><E119/><V56/><F33/><W43/><G43/><AGARI ba="0,0" hai="18,20,27,40,43,45,49,52" m="47,51273" machi="43" ten="30,3900,0" yaku="20,1,52,1,54,1" doraHai="116,41" who="0" fromWho="3" sc="240,39,147,0,200,0,413,-39" /><INIT seed="4,0,0,3,1,72" ten="279,147,200,374" oya="0" hai0="135,16,109,97,2,100,106,50,107,45,8,49,52" hai1="121,80,105,38,35,134,64,30,29,95,101,33,22" hai2="26,19,23,41,85,25,7,28,122,57,55,65,93" hai3="119,3,24,5,27,62,92,9,94,114,12,88,129"/><T112/><D109/><U116/><E116/><V13/><F122/><W0/><G119/><T32/><D32/><U67/><E121/><V47/><F65/><W76/><G129/><T113/><D135/><U91/><E38/><V75/><F75/><W77/><G114/><N who="0" m="44139" /><D49/><U132/><E22/><V111/><F111/><W59/><G94/><N who="0" m="58423" /><D2/><U131/><E80/><V10/><F93/><W84/><G3/><T83/><D83/><U43/><E43/><V56/><F85/><W20/><G0/><T39/><D39/><U44/><E44/><V115/><F55/><N who="3" m="34175" /><G27/><T96/><D96/><U117/><E117/><V87/><F87/><W34/><G34/><T11/><D11/><U53/><E95/><V18/><F115/><W42/><G42/><T120/><D120/><U71/><E53/><V68/><F68/><W74/><G74/><T54/><D54/><U1/><E1/><V102/><F102/><W40/><G40/><T4/><D4/><U108/><E108/><V66/><F66/><W58/><G58/><T90/><D90/><U86/><E86/><V125/><F7/><W63/><G63/><T128/><D128/><U127/><E131/><V126/><F56/><W69/><G69/><T98/><D98/><U17/><E71/><V21/><REACH who="2" step="1"/><F57/><REACH who="2" ten="279,147,190,374" step="2"/><W89/><G89/><T61/><D61/><U14/><E91/><V6/><F6/><W70/><G70/><T31/><D106/><U82/><E105/><V46/><F46/><W130/><G130/><T104/><D107/><U36/><E134/><V60/><F60/><W103/><G103/><T37/><D104/><RYUUKYOKU ba="0,1" sc="279,-15,147,-15,190,15,374,15" hai2="10,13,18,19,21,23,25,26,28,41,47,125,126" hai3="5,9,12,20,24,76,77,84,88,92" /><INIT seed="5,1,1,5,4,27" ten="264,132,205,389" oya="1" hai0="15,62,97,17,125,114,127,85,59,24,30,73,11" hai1="117,112,135,0,102,42,31,122,38,39,44,83,21" hai2="5,77,124,43,69,131,12,20,57,32,132,54,34" hai3="64,133,58,89,84,105,56,3,22,123,121,72,106"/><U7/><E117/><V65/><F131/><W108/><G3/><T75/><D114/><U6/><E122/><V87/><F132/><W104/><G72/><T29/><D85/><U93/><E135/><V61/><F124/><N who="0" m="47690" /><D97/><U63/><E112/><V80/><F43/><W78/><G78/><T8/><D8/><U95/><E63/><V94/><F5/><W52/><G108/><T9/><D9/><U55/><E55/><V79/><F79/><W1/><G1/><T2/><D2/><U126/><E126/><V91/><F12/><W16/><G64/><N who="0" m="39007" /><D24/><U66/><E66/><V96/><F20/><W35/><G35/><T99/><D99/><U26/><E38/><V76/><F76/><W116/><G116/><T40/><D40/><U37/><E37/><V18/><F18/><W110/><G133/><T74/><AGARI ba="1,1" hai="11,15,17,29,30,73,74,75" m="39007,47690" machi="74" ten="40,5200,0" yaku="18,1,52,2" doraHai="27" who="0" fromWho="0" sc="264,65,132,-27,205,-14,389,-14" /><INIT seed="6,0,0,3,3,18" ten="329,105,191,375" oya="2" hai0="88,106,111,97,2,134,42,5,108,6,67,8,115" hai1="125,99,29,55,117,58,83,30,96,59,20,44,102" hai2="36,133,92,62,72,57,10,70,82,119,98,66,80" hai3="3,116,129,95,112,123,13,100,47,51,78,50,85"/><V91/><F119/><W56/><G116/><T19/><D134/><U33/><E117/><V126/><F133/><W45/><G3/><T31/><D115/><U63/><E125/><V48/><F126/><W7/><G123/><T28/><D106/><U34/><E83/><V0/><F72/><W73/><G56/><T40/><D67/><U61/><E44/><V74/><F74/><W71/><G71/><T14/><D108/><U17/><E34/><V27/><F36/><W93/><G100/><T128/><D128/><U24/><E33/><V25/><F70/><W121/><G73/><T101/><D101/><U77/><E77/><V118/><F118/><W1/><G1/><T11/><D6/><U21/><E102/><V69/><F0/><W81/><G121/><T75/><D75/><U22/><E30/><V65/><F10/><N who="3" m="4319" /><G112/><T54/><D54/><U103/><E17/><V131/><F131/><W122/><G122/><T130/><D130/><U107/><REACH who="1" step="1"/><E96/><REACH who="1" ten="329,95,191,375" step="2"/><V90/><F82/><W16/><G129/><T49/><D111/><U132/><E132/><V4/><F4/><W105/><G81/><T109/><D109/><U135/><E135/><V68/><F80/><W15/><G78/><T124/><D124/><U26/><E26/><V39/><F25/><W38/><G85/><T53/><D97/><U87/><E87/><V9/><F27/><W86/><G86/><T76/><D76/><U12/><E12/><V94/><F98/><W113/><G15/><T79/><D79/><U37/><E37/><V120/><F39/><W46/><G38/><T60/><D14/><RYUUKYOKU ba="0,1" sc="329,-10,95,30,191,-10,375,-10" hai1="20,21,22,24,29,55,58,59,61,63,99,103,107" /><INIT seed="7,1,1,3,4,9" ten="319,125,181,365" oya="3" hai0="18,120,74,44,83,25,131,60,119,49,1,105,27" hai1="21,75,32,133,50,45,95,100,12,23,110,38,33" hai2="24,123,92,78,37,17,11,116,80,14,109,90,51" hai3="108,115,135,101,126,103,59,0,99,102,72,8,127"/><W7/><G115/><T48/><D1/><U73/><E38/><V42/><F109/><W46/><G108/><T39/><D105/><U63/><E110/><V117/><F37/><W53/><G72/><T41/><D119/><U36/><E36/><V128/><F123/><W125/><G46/><T54/><D120/><U88/><E100/><V79/><F128/><W86/><G86/><T15/><D131/><U26/><E63/><V122/><F122/><W130/><G130/><T19/><D19/><U61/><E61/><V85/><F79/><W62/><G135/><T4/><D4/><U5/><E133/><V28/><F42/><W81/><G81/><T121/><D121/><U93/><E93/><AGARI ba="1,1" hai="0,7,8,53,59,62,93,99,101,102,103,125,126,127" machi="93" ten="40,2000,0" yaku="18,1" doraHai="9" who="3" fromWho="1" sc="319,0,125,-23,181,0,365,33" owari="319,11.9,102,-39.8,181,-21.9,398,49.8" /></mjloggm>