<mjloggm ver="2.3"><GO type="41" lobby="0"/><UN n0="%E3%81%B3%E3%81%97%E3%81%BE%E3%82%8B" n1="%E3%82%B7%E3%81%84%E3%81%B5%E3%81%A1%E3%82%B9" n2="%57%61%72%64%6E%61" n3="%E2%93%9D%4C%75%63%6B%79%4A" dan="15,14,14,16" rate="2028.89,1981.46,1929.23,2150.90" sx="M,F,M,M"/><TAIKYOKU oya="0"/><INIT seed="0,0,0,1,4,70" ten="250,250,250,250" oya="0" hai0="13,47,90,78,132,43,112,124,1,87,67,55,110" hai1="126,99,82,63,52,56,68,94,122,39,117,3,15" hai2="81,41,35,80,59,20,106,5,107,84,58,85,53" hai3="12,6,133,49,125,62,2,89,72,101,26,65,114"/><T44/><D112/><U95/><E117/><V119/><F35/><W116/><G72/><T79/><D1/><U77/><E122/><V57/><F119/><W8/><G114/><T48/><D124/><U46/><E3/><V115/><F115/><W98/><G125/><T29/><D132/><U32/><E126/><V64/><F5/><W31/><G133/><T22/><D110/><U34/><E68/><V7/><F7/><W73/><G73/><T108/><D67/><U76/><E15/><V21/><F41/><W103/><G49/><N who="0" m="26783" /><D108/><U83/><E46/><V54/><F59/><W51/><G51/><T42/><D42/><U33/><E39/><V134/><F134/><W9/><G116/><T50/><D48/><U38/><E38/><V17/><REACH who="2" step="1"/><F64/><REACH who="2" ten="250,250,240,250" step="2"/><W97/><G65/><T30/><D30/><U113/><E113/><V130/><F130/><W93/><G2/><T69/><D69/><U128/><E128/><V60/><F60/><W0/><G62/><T14/><D47/><U18/><E63/><V88/><F88/><W75/><G89/><T74/><D90/><U127/><E56/><V71/><F71/><W96/><G103/><T19/><D29/><U121/><E32/><V23/><F23/><W91/><G101/><T92/><D22/><U105/><E33/><V100/><F100/><W86/><G0/><T10/><D10/><U104/><E34/><V61/><F61/><W25/><G9/><T4/><D4/><U27/><E127/><V28/><F28/><W102/><G31/><T24/><D19/><AGARI ba="0,1" hai="17,19,20,21,53,54,57,58,80,81,84,85,106,107" machi="19" ten="25,3200,0" yaku="1,1,22,2,53,0" doraHai="70" doraHaiUra="118" who="2" fromWho="0" sc="250,-32,250,0,240,42,250,0" /><INIT seed="1,0,0,4,3,77" ten="218,250,282,250" oya="1" hai0="51,24,74,111,84,88,30,83,64,33,135,17,50" hai1="70,21,42,106,120,96,2,27,69,72,22,34,94" hai2="91,6,97,112,113,14,99,118,48,0,92,81,101" hai3="132,85,87,109,82,65,1,53,125,31,12,26,36"/><U29/><E120/><V133/><F118/><W114/><G114/><N who="2" m="44137" /><F0/><W40/><G1/><T16/><D111/><U124/><E124/><V119/><F119/><W9/><G65/><T131/><D131/><U18/><E106/><V75/><F48/><W8/><G132/><T58/><D135/><U122/><E122/><V76/><F14/><W110/><G87/><T107/><D107/><U5/><E72/><V38/><F6/><W54/><G40/><T3/><D3/><U86/><E42/><V78/><F38/><W47/><G125/><T93/><D74/><U126/><E126/><V66/><F66/><W127/><G9/><T56/><D56/><U62/><E86/><V37/><F37/><W46/><G36/><T44/><D93/><U90/><E62/><V20/><F20/><N who="3" m="15815" /><G110/><T103/><D103/><U108/><E21/><V13/><F133/><W19/><G109/><T68/><D68/><U61/><E61/><V41/><F41/><W102/><G102/><T130/><D130/><U134/><E108/><V63/><F63/><W123/><G123/><T67/><D67/><U28/><E134/><V115/><N who="2" m="44145" /><V129/><DORA hai="4" /><F129/><W104/><G104/><T11/><D11/><N who="1" m="2487" /><E28/><V57/><F57/><W80/><G127/><T98/><D64/><U95/><E95/><N who="2" m="58559" /><F13/><AGARI ba="0,0" hai="13,18,22,27,29,34,69,70,90,94,96" m="2487" machi="13" ten="30,2900,0" yaku="24,1,52,1" doraHai="77,4" who="1" fromWho="2" sc="218,0,250,29,282,-29,250,0" /><INIT seed="1,1,0,5,2,128" ten="218,279,253,250" oya="1" hai0="72,74,15,103,60,131,133,79,63,134,4,110,10" hai1="113,52,12,106,24,18,117,62,121,33,65,93,80" hai2="50,0,47,34,84,64,94,36,19,2,61,75,86" hai3="68,28,13,90,82,40,135,29,57,9,83,73,5"/><U132/><E113/><V56/><F75/><W76/><G68/><T11/><D131/><U85/><E117/><V59/><F36/><W48/><G83/><T25/><D110/><U92/><E121/><V109/><F109/><W58/><G90/><T53/><D103/><U43/><E106/><V100/><F34/><W8/><G58/><T26/><D79/><U46/><E33/><V88/><F100/><W116/><G116/><T122/><D122/><U39/><E24/><N who="0" m="9321" /><D11/><U22/><E132/><N who="0" m="50793" /><D53/><U71/><REACH who="1" step="1"/><E52/><REACH who="1" ten="218,269,253,250" step="2"/><V44/><F44/><W30/><G135/><T21/><D21/><U129/><E129/><V96/><F47/><W7/><G30/><T112/><D112/><U102/><E102/><V126/><F126/><W6/><G29/><T66/><D63/><U105/><E105/><V81/><F61/><W42/><G28/><T97/><D97/><U69/><E69/><AGARI ba="1,1" hai="4,10,15,60,66,69,72,74" m="50793,9321" machi="69" ten="30,7700,0" yaku="20,1,52,3" doraHai="128" who="0" fromWho="1" sc="218,90,269,-80,253,0,250,0" /><INIT seed="2,0,0,0,5,82" ten="308,189,253,250" oya="2" hai0="1,99,132,95,121,12,112,54,35,134,0,106,15" hai1="103,56,59,94,6,64,37,46,125,91,39,52,42" hai2="34,24,22,63,118,123,27,117,45,92,23,36,76" hai3="79,102,83,104,115,120,25,62,80,98,96,111,40"/><V68/><F123/><W84/><G120/><T7/><D106/><U11/><E125/><V85/><F34/><W20/><G111/><T75/><D35/><U101/><E64/><V13/><F13/><N who="0" m="5194" /><D75/><U19/><E37/><V116/><F27/><W86/><G115/><T126/><D112/><U66/><E19/><V33/><F33/><W41/><G98/><T93/><D121/><U89/><E66/><V61/><F68/><W107/><G62/><T65/><D126/><U48/><E56/><V110/><F23/><W10/><G10/><T55/><D65/><U77/><E77/><V21/><F22/><W29/><REACH who="3" step="1"/><G107/><REACH who="3" ten="308,189,253,240" step="2"/><T122/><D122/><U60/><E60/><V5/><F110/><W100/><G100/><N who="0" m="60543" /><D93/><U44/><E101/><V130/><F92/><W109/><G109/><T114/><D114/><U47/><E103/><V50/><F117/><W53/><G53/><N who="0" m="19979" /><D7/><U31/><E6/><V28/><F5/><W43/><G43/><T32/><D32/><U26/><E94/><V124/><F116/><W90/><AGARI ba="0,1" hai="20,25,29,40,41,79,80,83,84,86,90,96,102,104" machi="90" ten="20,12000,2" yaku="1,1,0,1,7,1,52,2,53,1" doraHai="82" doraHaiUra="87" who="3" fromWho="3" sc="308,-30,189,-30,253,-60,240,130" /><INIT seed="3,0,0,4,1,60" ten="278,159,193,370" oya="3" hai0="125,70,128,101,120,102,22,59,79,33,18,67,51" hai1="44,78,106,14,41,21,57,34,52,20,130,93,53" hai2="8,89,123,71,10,127,15,35,100,105,46,68,7" hai3="103,95,113,42,69,108,19,23,62,58,99,29,126"/><W109/><G113/><T61/><D120/><U83/><E106/><V81/><F35/><W86/><G69/><T94/><D33/><U50/><E34/><V114/><F114/><W77/><G42/><T40/><D128/><U37/><E130/><V48/><F123/><W11/><G126/><T110/><D125/><U135/><E135/><V25/><F127/><W3/><G77/><T9/><D110/><N who="3" m="42601" /><G86/><T66/><D79/><U54/><E93/><V92/><F81/><W97/><G99/><T82/><D82/><U117/><E117/><V80/><F80/><W112/><G11/><T6/><D70/><U2/><E2/><V36/><F10/><W119/><G3/><T88/><D9/><U87/><E37/><V38/><F38/><W91/><G29/><T75/><D6/><U132/><E132/><V85/><F36/><W96/><G112/><T111/><D75/><U17/><REACH who="1" step="1"/><E20/><REACH who="1" ten="278,149,193,370" step="2"/><V0/><F0/><W76/><G119/><T56/><D111/><U1/><E1/><V118/><F118/><W4/><G23/><T45/><D56/><U129/><E129/><V12/><F71/><W90/><G58/><T55/><D102/><U84/><E84/><V124/><F68/><W64/><G103/><T27/><D101/><U43/><E43/><V65/><F100/><W32/><G32/><T134/><D134/><U28/><E28/><V30/><F124/><W49/><G97/><AGARI ba="0,1" hai="18,22,27,40,45,51,55,59,61,66,67,88,94,97" machi="97" ten="30,12000,2" yaku="7,1,25,2,8,1,52,2,54,1" doraHai="60" who="0" fromWho="3" sc="278,130,149,0,193,0,370,-120" /><INIT seed="4,0,0,2,1,71" ten="408,149,193,250" oya="0" hai0="46,87,131,99,73,86,43,114,19,103,84,82,17" hai1="38,132,54,109,50,41,52,37,121,70,116,115,118" hai2="107,9,130,112,69,117,56,83,61,60,16,74,96" hai3="31,91,59,11,2,26,35,30,49,40,92,88,106"/><T89/><D114/><U28/><E28/><V25/><F112/><W125/><G106/><T63/><D131/><U128/><E115/><V98/><F130/><W24/><G125/><T34/><D34/><U129/><E121/><V100/><F117/><N who="1" m="45161" /><E109/><V111/><F111/><W18/><G40/><T36/><D73/><U32/><E32/><V4/><F98/><W64/><G64/><T75/><D75/><U1/><E1/><V5/><F69/><W119/><G119/><T133/><D133/><U22/><E132/><V13/><F25/><W94/><G49/><T45/><D45/><N who="1" m="25903" /><E22/><V8/><F8/><W23/><G59/><T58/><D17/><U97/><E97/><V104/><F104/><W67/><G67/><T42/><D19/><U95/><E95/><V51/><F5/><W53/><G53/><N who="1" m="20586" /><E70/><V123/><F4/><W90/><REACH who="3" step="1"/><G18/><REACH who="3" ten="408,149,193,240" step="2"/><T12/><D42/><U85/><E85/><V10/><F107/><W93/><G93/><T76/><D87/><U39/><AGARI ba="0,1" hai="37,38,39,128,129" m="20586,25903,45161" machi="39" ten="40,12000,2" yaku="34,2,52,3,54,1" doraHai="71" who="1" fromWho="1" sc="408,-60,149,130,193,-30,240,-30" /><INIT seed="5,0,0,5,5,126" ten="348,279,163,210" oya="1" hai0="39,133,70,83,47,82,127,54,12,59,77,102,71" hai1="78,51,135,38,95,121,50,110,0,85,37,7,64" hai2="42,112,67,32,109,55,79,43,14,33,76,101,69" hai3="11,91,107,20,74,96,114,22,90,117,18,44,111"/><U16/><E121/><V72/><F109/><W29/><G111/><T23/><D127/><U46/><E110/><V119/><F119/><W1/><G74/><T62/><D133/><U60/><E135/><V45/><F101/><W58/><G44/><T26/><D102/><U3/><E7/><V81/><F76/><W27/><G114/><T31/><D83/><U25/><E37/><V129/><F112/><W87/><G107/><T80/><D82/><U118/><E38/><V92/><F92/><W134/><G117/><T36/><D12/><U5/><E118/><V40/><F14/><W132/><G96/><T41/><D36/><U19/><E78/><V75/><F72/><AGARI ba="0,0" hai="23,26,31,39,41,47,54,59,62,70,71,72,77,80" machi="72" ten="30,1000,0" yaku="7,1" doraHai="126" who="0" fromWho="2" sc="348,10,279,0,163,-10,210,0" /><INIT seed="6,0,0,1,5,73" ten="358,279,153,210" oya="2" hai0="123,68,60,0,96,43,133,40,57,126,28,2,53" hai1="92,118,100,10,81,88,58,104,128,55,121,1,117" hai2="87,47,33,93,25,30,12,14,36,108,63,49,130" hai3="18,38,109,56,54,8,75,111,94,85,32,71,72"/><V19/><F108/><W107/><G71/><T48/><D123/><U124/><E121/><V83/><F130/><W16/><G38/><T7/><D133/><U62/><E128/><V127/><F127/><W67/><G67/><T64/><D126/><U26/><E124/><V84/><F36/><W52/><G8/><T135/><D135/><U41/><E41/><V37/><F37/><W115/><G94/><T45/><D28/><U119/><E104/><V51/><F51/><W77/><G85/><T44/><D7/><U102/><E81/><V9/><F14/><W86/><G86/><T59/><D96/><U46/><E46/><V21/><F63/><W69/><G69/><T3/><REACH who="0" step="1"/><D53/><REACH who="0" ten="348,279,153,210" step="2"/><U99/><E55/><N who="2" m="30143" /><F33/><W42/><G32/><T79/><D79/><U120/><E120/><V34/><F34/><W106/><G77/><T29/><D29/><U110/><E117/><V70/><F83/><W74/><G111/><T122/><D122/><U116/><E110/><V97/><F70/><W4/><G109/><T82/><D82/><U78/><E116/><V35/><F35/><W31/><G31/><T6/><D6/><U132/><E118/><V103/><AGARI ba="0,1" hai="9,12,19,21,25,30,84,87,93,97,103" m="30143" machi="103" ten="30,1500,0" yaku="8,1" doraHai="73" who="2" fromWho="2" sc="348,-5,279,-5,153,25,210,-5" /><INIT seed="6,1,0,1,0,29" ten="343,274,178,205" oya="2" hai0="70,26,8,25,115,132,15,9,27,62,21,1,2" hai1="3,118,0,98,48,55,19,82,50,117,131,31,102" hai2="120,96,75,119,107,84,24,38,111,54,85,61,30" hai3="109,87,92,88,69,93,116,125,34,94,32,67,113"/><V121/><F119/><W86/><G116/><T20/><D70/><U56/><E131/><V122/><F75/><W10/><G109/><T73/><D115/><U36/><E36/><V134/><F38/><W114/><G125/><T81/><D132/><U57/><E31/><V23/><F134/><W68/><G10/><N who="0" m="4203" /><D73/><U106/><E117/><V135/><F135/><W65/><G94/><T108/><D81/><U6/><E118/><V43/><F43/><W5/><REACH who="3" step="1"/><G88/><REACH who="3" ten="343,274,178,195" step="2"/><T41/><D108/><U78/><E106/><V89/><F111/><W83/><G83/><T66/><D41/><U99/><E82/><V28/><F107/><W103/><G103/><T130/><D130/><U52/><E102/><V33/><F122/><W51/><G51/><T128/><D128/><U76/><REACH who="1" step="1"/><E6/><AGARI ba="1,1" hai="5,6,32,34,65,67,68,69,86,87,92,93,113,114" machi="6" ten="25,8000,1" yaku="1,1,22,2,52,2,53,0" doraHai="29" doraHaiUra="22" who="3" fromWho="1" sc="343,0,274,-83,178,0,195,93" /><INIT seed="7,0,0,4,1,6" ten="343,191,178,288" oya="3" hai0="119,93,92,86,121,46,108,112,40,38,96,74,13" hai1="126,63,91,36,15,0,133,43,11,23,135,41,81" hai2="75,116,78,19,58,14,45,95,117,87,113,100,4" hai3="128,20,101,129,32,79,127,18,24,37,125,80,39"/><W7/><G101/><T110/><D121/><U35/><E35/><V107/><F113/><W62/><G62/><T94/><D112/><U51/><E63/><V67/><F107/><W114/><G114/><T54/><D119/><U73/><E126/><N who="3" m="48138" /><G7/><T64/><D74/><U50/><E0/><V68/><F4/><W31/><G18/><T12/><D64/><U104/><E104/><V70/><F75/><N who="3" m="43135" /><G20/><T52/><D86/><N who="1" m="50639" /><E73/><V97/><F117/><W1/><G1/><T5/><D96/><U131/><E23/><V57/><F116/><W134/><G134/><N who="1" m="51210" /><E131/><AGARI ba="0,0" hai="24,31,32,37,39,128,129,131" m="43135,48138" machi="131" ten="30,5800,0" yaku="19,1,18,1,23,1" doraHai="6" who="3" fromWho="1" sc="343,0,191,-58,178,0,288,58" owari="343,14.3,133,-36.7,178,-22.2,346,44.6" /></mjloggm>