<mjloggm ver="2.3"><GO type="41" lobby="0"/><UN n0="%4B%61%59%41%53%55%44%41" n1="%E3%82%BF%E3%82%B3%E4%B8%AD%E3%81%AE%E3%82%BF%E3%82%B3" n2="%E3%81%88%E3%82%82%E3%81%AB%E3%82%85" n3="%E2%93%9D%4C%75%63%6B%79%4A" dan="14,13,15,17" rate="1929.18,1887.26,2019.24,2149.12" sx="M,M,M,M"/><TAIKYOKU oya="0"/><INIT seed="0,0,0,1,0,58" ten="250,250,250,250" oya="0" hai0="40,84,6,85,52,78,30,31,118,73,66,49,65" hai1="45,126,102,81,109,122,67,75,20,89,34,123,26" hai2="64,113,131,24,10,9,135,44,37,0,50,119,111" hai3="100,121,59,98,2,39,76,18,74,107,82,77,48"/><T68/><BYE who="1" /><D118/><UN n1="%E3%82%BF%E3%82%B3%E4%B8%AD%E3%81%AE%E3%82%BF%E3%82%B3" /><U4/><E109/><V80/><F113/><W17/><G39/><T110/><D110/><U21/><E126/><V63/><F111/><W28/><G2/><T88/><D40/><U117/><E117/><V99/><F119/><W60/><G121/><T90/><D6/><U130/><E130/><V36/><F135/><W51/><G28/><N who="0" m="10795" /><D68/><U55/><E34/><V57/><F24/><W5/><G77/><T92/><D78/><U94/><E67/><V72/><F72/><W25/><G5/><T103/><D103/><U114/><E114/><V120/><F131/><W54/><REACH who="3" step="1"/><G25/><REACH who="3" ten="250,250,250,240" step="2"/><T95/><D73/><U41/><E4/><V46/><F0/><W70/><G70/><T87/><D87/><U29/><E123/><V22/><F36/><W13/><G13/><T125/><D125/><U62/><E122/><V134/><F37/><W23/><G23/><T91/><D91/><U86/><E21/><V1/><F22/><W61/><G61/><T33/><D33/><U8/><E62/><V15/><F1/><W12/><G12/><T116/><D116/><U71/><E71/><V93/><F15/><W105/><G105/><T132/><D132/><U127/><E127/><V14/><F134/><W97/><G97/><T115/><D115/><U38/><E75/><V56/><F120/><W43/><G43/><T106/><D106/><U83/><E38/><V129/><F99/><W133/><G133/><T112/><D112/><U108/><E108/><V53/><F14/><W104/><G104/><T128/><D128/><U19/><E41/><V124/><F124/><RYUUKYOKU ba="0,1" sc="250,15,250,-15,250,-15,240,15" hai0="49,52,65,66,84,85,88,90,92,95" hai3="17,18,48,51,54,59,60,74,76,82,98,100,107" /><INIT seed="0,1,1,3,5,120" ten="265,235,235,255" oya="0" hai0="94,28,100,37,135,89,1,5,12,108,19,126,58" hai1="131,62,106,61,93,102,60,129,116,88,24,29,50" hai2="41,83,14,121,40,48,6,119,76,111,98,55,85" hai3="33,42,26,107,84,130,4,34,114,22,109,113,53"/><T10/><D37/><U132/><E116/><V134/><F121/><W77/><G107/><T52/><D126/><U13/><E132/><V38/><F134/><W30/><G42/><T49/><D135/><U104/><E50/><V105/><F119/><W51/><G4/><T91/><D28/><U7/><E102/><V54/><F38/><W47/><G130/><N who="1" m="49674" /><E13/><V43/><F105/><W67/><G67/><T68/><D68/><U23/><E7/><V56/><F98/><AGARI ba="1,1" hai="23,24,29,60,61,62,88,93,98,104,106" m="49674" machi="98" ten="30,2000,0" yaku="19,1,54,1" doraHai="120" who="1" fromWho="2" sc="265,0,235,33,235,-23,255,0" /><INIT seed="1,0,0,4,0,68" ten="265,268,212,255" oya="1" hai0="18,53,56,99,12,90,15,102,123,106,111,85,70" hai1="130,36,91,100,92,48,131,117,87,11,27,51,80" hai2="127,112,121,74,115,94,62,113,20,75,34,40,38" hai3="82,57,128,37,9,135,14,16,105,8,52,76,67"/><U108/><E117/><V97/><F121/><W116/><G116/><T122/><D70/><U73/><E108/><V25/><F62/><W39/><G105/><T103/><D103/><U45/><E11/><V28/><F127/><W21/><G67/><T107/><D107/><U61/><E61/><V88/><REACH who="2" step="1"/><F34/><REACH who="2" ten="265,268,202,255" step="2"/><W126/><G126/><T65/><D111/><U55/><E130/><V81/><F81/><W22/><G128/><T50/><D123/><U118/><E131/><V132/><F132/><W101/><G135/><T35/><D122/><U96/><E118/><V23/><F23/><W98/><G22/><T5/><D35/><U30/><E73/><V124/><F124/><W24/><G9/><T0/><D65/><U69/><E69/><V133/><F133/><W6/><G101/><T41/><D102/><U78/><E48/><V2/><F2/><W17/><G17/><T49/><D18/><U33/><REACH who="1" step="1"/><E36/><REACH who="1" ten="265,258,202,255" step="2"/><V110/><F110/><W86/><G98/><T95/><D50/><AGARI ba="0,2" hai="6,8,14,16,21,24,37,39,50,52,57,76,82,86" machi="50" ten="30,8000,1" yaku="7,1,52,2,54,2" doraHai="68" who="3" fromWho="0" sc="265,-80,258,0,202,0,255,100" /><INIT seed="2,0,0,5,5,125" ten="185,258,202,355" oya="2" hai0="68,95,31,134,28,120,112,91,97,4,23,11,18" hai1="33,70,73,85,30,47,15,3,132,25,35,6,126" hai2="74,129,121,54,21,36,135,1,77,14,106,51,65" hai3="57,0,67,2,46,87,98,29,49,83,78,61,79"/><V89/><F1/><W111/><G111/><T80/><D68/><U59/><E126/><V26/><F36/><W38/><G38/><T58/><D120/><U130/><E132/><V69/><F121/><W75/><G29/><T8/><D112/><U124/><E124/><V133/><F106/><W82/><REACH who="3" step="1"/><G98/><REACH who="3" ten="185,258,202,345" step="2"/><T71/><D134/><U84/><E30/><V113/><F135/><W19/><G19/><T52/><D28/><U48/><E6/><V127/><F133/><W94/><G94/><T60/><D31/><U88/><E33/><V53/><F127/><W34/><G34/><T100/><D4/><U44/><E35/><V32/><F32/><W24/><G24/><N who="0" m="14455" /><D71/><U118/><E25/><V56/><F26/><W92/><G92/><N who="0" m="58407" /><D80/><U81/><E70/><V55/><F69/><W42/><AGARI ba="0,1" hai="0,2,42,46,49,57,61,67,75,78,79,82,83,87" machi="42" ten="20,2700,0" yaku="1,1,0,1,7,1,53,0" doraHai="125" doraHaiUra="109" who="3" fromWho="3" sc="185,-7,258,-7,202,-13,345,37" /><INIT seed="3,0,0,2,1,75" ten="178,251,189,382" oya="3" hai0="81,52,1,77,49,34,129,104,11,16,80,103,120" hai1="118,30,53,107,9,64,86,13,131,113,121,101,19" hai2="32,67,94,96,62,111,97,134,23,83,102,22,41" hai3="69,45,12,54,47,42,119,71,88,40,76,68,29"/><W6/><G29/><T84/><D120/><U110/><E113/><V115/><F111/><W48/><G6/><T73/><D34/><U39/><E121/><V60/><F134/><W14/><G119/><T0/><D129/><U128/><E110/><V26/><F115/><W87/><G76/><T117/><D117/><U70/><E118/><V17/><F41/><W15/><REACH who="3" step="1"/><G47/><REACH who="3" ten="178,251,189,372" step="2"/><T20/><D1/><U112/><E112/><V24/><F32/><W82/><AGARI ba="0,1" hai="12,14,15,40,42,45,48,54,68,69,71,82,87,88" machi="82" ten="40,12000,1" yaku="1,1,2,1,0,1,54,1,53,1" doraHai="75" doraHaiUra="51" who="3" fromWho="3" sc="178,-40,251,-40,189,-40,372,130" /><INIT seed="3,1,0,1,5,8" ten="138,211,149,502" oya="3" hai0="76,104,80,99,2,86,69,67,30,53,66,109,70" hai1="22,84,31,110,83,60,71,77,100,107,128,38,17" hai2="94,73,5,103,18,45,101,68,16,54,55,112,89" hai3="57,129,116,106,42,32,118,74,87,79,95,125,108"/><W27/><G42/><T102/><D2/><U9/><E110/><V59/><F68/><W78/><G32/><T62/><D109/><U28/><E128/><V11/><F73/><W3/><G27/><T58/><REACH who="0" step="1"/><D30/><REACH who="0" ten="128,211,149,502" step="2"/><U33/><E31/><V130/><F130/><W1/><G3/><T14/><D14/><U37/><E28/><V113/><F113/><W88/><G1/><T92/><D92/><U35/><E33/><V48/><F112/><W119/><G108/><T121/><D121/><U126/><E35/><V52/><F103/><W97/><G129/><T6/><D6/><U40/><E100/><V65/><F101/><W21/><G119/><T61/><D61/><U0/><E107/><V122/><F122/><W15/><G106/><T46/><D46/><U72/><E60/><N who="2" m="38047" /><F5/><W124/><G118/><T111/><D111/><U135/><E0/><V23/><F18/><N who="3" m="10463" /><G116/><T81/><D81/><U44/><E83/><V90/><F94/><W39/><G95/><T64/><AGARI ba="1,1" hai="53,58,62,64,66,67,69,70,76,80,86,99,102,104" machi="64" ten="30,2000,0" yaku="1,1,0,1,53,0" doraHai="8" doraHaiUra="29" who="0" fromWho="0" sc="128,33,211,-6,149,-6,502,-11" /><INIT seed="4,0,0,2,3,28" ten="161,205,143,491" oya="0" hai0="23,43,52,50,122,5,55,38,123,8,68,127,134" hai1="27,126,41,61,17,62,106,74,37,125,105,54,0" hai2="21,118,98,99,69,24,132,72,75,82,40,131,83" hai3="114,86,51,39,108,109,107,96,67,10,101,4,70"/><T32/><D68/><U79/><E0/><V64/><F132/><W53/><G39/><T7/><D134/><U73/><E37/><V3/><F3/><W31/><G114/><T100/><D127/><N who="1" m="48651" /><E41/><V129/><F40/><W111/><G86/><T1/><D7/><U94/><E94/><V46/><F46/><W56/><G31/><T88/><D100/><U20/><E79/><V115/><F64/><W112/><G112/><T78/><D32/><U30/><E54/><V57/><F57/><W81/><G81/><N who="2" m="30729" /><F69/><W110/><N who="3" m="27648" /><DORA hai="90" /><W26/><G26/><T95/><D78/><U49/><E49/><V103/><F115/><W44/><G70/><T130/><D130/><N who="2" m="49674" /><F118/><W87/><G87/><T133/><D133/><U135/><E135/><V25/><F25/><W47/><REACH who="3" step="1"/><G67/><REACH who="3" ten="161,205,143,481" step="2"/><T77/><D77/><U12/><E73/><N who="2" m="28235" /><F103/><W116/><G116/><T117/><D117/><U2/><E74/><V59/><F59/><W84/><G84/><N who="0" m="52615" /><D38/><U63/><E2/><AGARI ba="0,1" hai="2,4,10,44,47,51,53,56,96,101,107" m="27648" machi="2" ten="70,2300,0" yaku="1,1,53,0" doraHai="28,90" doraHaiUra="66,14" who="3" fromWho="1" sc="161,0,205,-23,143,0,481,33" /><INIT seed="5,0,0,5,1,20" ten="161,182,143,514" oya="1" hai0="56,112,31,119,103,45,72,102,116,87,39,35,24" hai1="48,108,63,17,80,121,101,57,94,30,107,88,27" hai2="36,85,74,64,52,4,93,2,89,15,66,96,84" hai3="120,1,54,131,81,125,71,23,73,65,90,117,128"/><U21/><E121/><V78/><F2/><W98/><G1/><T75/><D112/><U7/><E108/><V6/><F36/><W10/><G65/><T18/><D87/><N who="1" m="50279" /><E107/><V83/><F74/><W127/><G10/><T129/><D129/><N who="3" m="49737" /><G54/><T19/><D56/><U0/><E0/><V32/><F32/><W82/><G71/><T69/><D69/><U53/><E7/><V104/><F4/><W109/><G23/><T111/><D111/><U5/><E5/><V118/><F118/><W29/><G29/><T122/><D122/><U105/><E105/><V134/><F104/><W70/><G70/><T44/><D31/><U60/><E30/><V126/><F96/><AGARI ba="0,0" hai="17,21,27,48,53,57,60,63,94,96,101" m="50279" machi="96" ten="30,5800,0" yaku="8,1,52,1,54,1" doraHai="20" who="1" fromWho="2" sc="161,0,182,58,143,-58,514,0" /><INIT seed="5,1,0,4,5,103" ten="161,240,85,514" oya="1" hai0="73,105,69,127,55,88,79,62,96,82,111,39,65" hai1="115,102,17,16,74,34,77,75,97,91,45,86,54" hai2="123,83,21,80,14,8,48,117,113,89,1,130,11" hai3="108,52,78,43,53,47,10,42,106,131,68,32,37"/><U51/><E115/><V92/><F123/><W72/><G32/><T84/><D111/><U7/><E34/><V24/><F130/><W59/><G106/><T70/><D127/><U64/><E64/><V35/><F35/><W134/><G72/><T67/><D39/><U107/><E7/><V2/><F117/><W129/><G78/><T95/><D55/><N who="3" m="21065" /><G10/><T50/><D50/><U15/><E77/><V120/><F120/><W93/><G93/><T49/><D49/><U26/><E26/><V41/><F8/><W56/><G134/><T12/><D12/><U126/><E126/><V31/><F113/><W90/><G90/><T109/><D109/><U19/><REACH who="1" step="1"/><E15/><REACH who="1" ten="161,230,85,514" step="2"/><V9/><F1/><W94/><G108/><T98/><REACH who="0" step="1"/><D105/><REACH who="0" ten="151,230,85,514" step="2"/><U18/><N who="1" m="4096" /><DORA hai="101" /><U71/><E71/><V85/><F2/><W135/><G68/><T128/><D128/><U30/><E30/><V63/><F14/><W124/><G124/><T118/><D118/><U100/><E100/><V36/><F31/><W81/><G131/><T76/><D76/><U110/><E110/><V29/><F29/><W25/><G129/><T4/><D4/><U116/><E116/><V114/><F114/><W125/><G125/><T38/><D38/><U5/><E5/><V22/><F36/><W60/><G37/><T112/><D112/><U57/><E57/><V66/><F9/><W27/><G59/><T0/><D0/><U40/><E40/><V13/><F41/><W133/><G43/><T121/><D121/><U44/><E44/><V61/><F13/><W58/><G47/><T132/><D132/><RYUUKYOKU ba="1,2" sc="151,15,230,15,85,-15,514,-15" hai0="62,65,67,69,70,73,79,82,84,88,95,96,98" hai1="45,51,54,74,75,86,91,97,102,107" /><INIT seed="5,2,2,1,2,63" ten="166,245,70,499" oya="1" hai0="9,8,92,27,125,86,88,12,40,59,100,101,129" hai1="49,46,72,97,119,81,109,33,34,107,67,31,51" hai2="48,21,75,116,38,77,96,89,120,132,135,78,4" hai3="71,69,36,133,131,91,99,13,54,58,74,41,24"/><U95/><E119/><V124/><F38/><W14/><G74/><T121/><D129/><U6/><E107/><V43/><F116/><W105/><G131/><T47/><D125/><U42/><E109/><V64/><F120/><W44/><G24/><T61/><D121/><U87/><E72/><V53/><F43/><W37/><G37/><T50/><D27/><U126/><E126/><V35/><F35/><W117/><G133/><N who="2" m="51273" /><F4/><W79/><G79/><T11/><D12/><U57/><E6/><V65/><F124/><W0/><G0/><T26/><D26/><U115/><E115/><V2/><F21/><W52/><G54/><AGARI ba="2,2" hai="8,9,11,40,47,50,54,59,61,86,88,92,100,101" machi="54" ten="40,2600,0" yaku="8,1,54,1" doraHai="63" who="0" fromWho="3" sc="166,52,245,0,70,0,499,-32" /><INIT seed="6,0,0,5,2,75" ten="218,245,70,467" oya="2" hai0="70,1,125,84,92,36,121,86,113,107,34,94,5" hai1="131,59,114,66,40,103,119,15,42,79,27,102,10" hai2="45,110,38,104,26,88,49,33,65,111,77,109,95" hai3="128,69,44,83,52,98,28,117,78,68,96,29,132"/><V43/><F104/><W23/><G117/><T123/><D36/><U120/><E119/><V99/><F65/><W64/><G128/><T32/><D70/><U126/><E131/><V19/><F19/><W31/><G132/><T90/><D5/><U85/><E126/><V74/><F26/><W54/><G23/><T127/><D1/><U82/><E114/><V58/><F33/><W108/><G108/><T93/><D107/><U30/><E120/><N who="0" m="46153" /><D113/><U37/><E37/><V81/><F58/><W2/><G2/><T55/><D55/><U73/><E73/><V35/><F35/><N who="0" m="13354" /><D90/><U101/><E59/><V100/><F100/><W122/><G122/><T133/><D133/><U134/><E66/><V8/><F8/><W11/><G11/><T14/><D14/><U53/><E53/><V76/><F76/><W61/><G69/><T91/><D91/><U60/><E60/><V25/><F25/><W87/><REACH who="3" step="1"/><G54/><REACH who="3" ten="218,245,70,457" step="2"/><T51/><D51/><AGARI ba="0,1" hai="38,43,45,49,51,74,77,81,88,95,99,109,110,111" machi="51" ten="40,7700,0" yaku="10,1,52,1,54,1" doraHai="75" who="2" fromWho="0" sc="218,-77,245,0,70,87,457,0" /><AGARI ba="0,0" hai="28,29,31,44,51,52,61,64,68,78,83,87,96,98" machi="51" ten="40,8000,1" yaku="1,1,2,1,52,1,54,1,53,1" doraHai="75" doraHaiUra="50" who="3" fromWho="0" sc="141,-80,245,0,157,0,457,80" /><INIT seed="6,1,0,4,3,81" ten="61,245,157,537" oya="2" hai0="63,40,57,21,89,130,93,24,29,132,66,45,60" hai1="3,42,114,52,11,62,61,14,39,12,67,15,34" hai2="101,46,18,8,106,74,28,75,121,1,69,104,27" hai3="83,79,109,91,17,92,99,124,47,131,73,10,48"/><V100/><F121/><W123/><G123/><T2/><D132/><U103/><E114/><V49/><F69/><W134/><G134/><T80/><D130/><U102/><E34/><V96/><F101/><W54/><G131/><T119/><D2/><U26/><E26/><V65/><F65/><W43/><G124/><T82/><D119/><U32/><E32/><V9/><F106/><W64/><G64/><T85/><REACH who="0" step="1"/><D60/><REACH who="0" ten="51,245,157,537" step="2"/><U125/><E62/><V90/><F1/><W25/><G109/><T107/><D107/><U94/><E61/><V44/><F104/><W78/><G73/><T71/><D71/><U33/><E3/><V115/><F75/><W88/><G43/><T122/><D122/><U55/><E125/><V118/><F74/><W30/><G30/><T87/><D87/><U56/><E11/><V133/><F28/><W111/><G10/><T116/><D116/><U98/><E98/><V53/><F133/><W36/><G111/><T5/><D5/><U4/><E4/><V0/><F0/><W68/><G68/><T59/><D59/><U19/><E56/><V112/><F118/><W135/><G135/><T38/><AGARI ba="1,1" hai="21,24,29,38,40,45,57,63,66,80,82,85,89,93" machi="38" ten="20,12000,2" yaku="1,1,0,1,7,1,52,1,53,2" doraHai="81" doraHaiUra="76" who="0" fromWho="0" sc="51,133,245,-31,157,-61,537,-31" /><INIT seed="7,0,0,3,2,105" ten="184,214,96,506" oya="3" hai0="34,103,46,75,109,16,111,21,93,11,113,98,107" hai1="57,92,85,14,121,47,82,101,53,134,60,116,66" hai2="64,36,122,130,74,24,112,119,62,31,81,88,123" hai3="56,77,18,4,104,65,9,58,41,6,89,124,86"/><W83/><G18/><T97/><D34/><U61/><E121/><V42/><F119/><W68/><G83/><T84/><D75/><U45/><E134/><V2/><F2/><N who="3" m="215" /><G89/><T33/><D33/><U44/><E116/><V27/><F27/><W120/><G65/><T17/><D113/><U7/><E7/><V22/><F112/><W32/><G77/><T8/><D84/><U106/><E106/><V110/><F110/><W118/><G4/><T1/><D46/><U87/><E14/><V132/><F132/><W63/><G63/><T40/><D40/><U115/><E115/><V128/><F42/><W94/><G104/><T51/><D51/><U20/><E20/><V23/><F23/><W78/><G124/><T54/><D54/><U114/><E114/><V79/><F36/><W5/><G5/><N who="0" m="1071" /><D11/><U48/><E61/><V102/><F102/><W76/><G78/><T37/><D37/><U10/><E10/><V39/><F39/><W70/><G76/><T28/><D28/><U13/><E13/><V3/><F3/><W125/><G125/><T96/><D96/><N who="1" m="59527" /><E85/><V67/><F67/><W25/><G41/><T30/><D30/><U135/><E135/><V90/><F62/><W59/><G118/><T29/><D29/><U117/><E117/><V80/><F64/><W35/><G35/><T126/><D126/><U95/><E95/><V73/><F73/><W0/><G0/><T38/><D38/><U43/><E43/><V50/><F50/><W26/><G32/><T55/><D55/><U72/><E72/><V129/><F80/><W15/><G94/><RYUUKYOKU ba="0,0" sc="184,-15,214,15,96,15,506,-15" hai1="44,45,47,48,53,57,60,66,82,87" hai2="22,24,31,74,79,81,88,90,122,123,128,129,130" owari="169,-23.1,229,2.9,111,-38.9,491,59.1" /></mjloggm>