<mjloggm ver="2.3"><GO type="41" lobby="0"/><UN n0="%6D%69%79%75%6B%69%31%31" n1="%53%65%31%6E" n2="%E2%93%9D%4C%75%63%6B%79%4A" n3="%6B%65%69%74%68%38" dan="13,13,16,15" rate="1833.38,1957.23,2160.93,2051.82" sx="F,M,M,M"/><TAIKYOKU oya="0"/><INIT seed="0,0,0,3,1,112" ten="250,250,250,250" oya="0" hai0="111,46,121,22,125,12,122,84,129,8,90,119,45" hai1="44,31,88,33,110,6,48,2,127,18,132,35,56" hai2="49,102,80,26,5,64,30,109,52,37,115,113,126" hai3="106,25,98,59,85,50,97,4,131,128,62,3,91"/><T86/><D129/><U61/><E110/><V58/><F109/><W29/><G4/><T130/><D111/><U32/><E132/><V70/><F102/><W117/><G3/><T89/><D22/><U83/><E127/><V96/><F96/><W57/><G50/><T27/><D27/><U93/><E83/><V14/><F37/><W39/><G39/><T76/><D76/><U60/><E18/><V47/><F70/><W54/><G59/><T124/><D12/><U69/><E69/><V81/><F115/><W15/><G117/><T99/><D99/><U107/><E107/><V42/><F64/><W24/><G15/><T78/><D78/><U72/><E72/><V40/><F113/><W65/><G54/><T104/><D104/><U36/><E36/><V11/><F126/><W75/><G75/><T0/><D130/><N who="3" m="49705" /><G106/><T120/><D0/><U101/><E31/><V67/><F67/><W118/><G118/><T34/><D122/><U9/><E56/><V74/><F74/><W77/><G77/><T94/><D8/><U108/><E108/><V55/><F42/><W51/><G51/><T135/><D34/><U71/><E71/><V105/><F105/><W95/><G25/><T43/><D43/><U16/><E35/><AGARI ba="0,0" hai="24,29,35,57,62,65,85,91,95,97,98" m="49705" machi="35" ten="30,1000,0" yaku="19,1" doraHai="112" who="3" fromWho="1" sc="250,0,250,-10,250,0,250,10" /><INIT seed="1,0,0,2,1,67" ten="250,240,250,260" oya="1" hai0="8,31,59,2,7,63,86,116,98,122,41,112,76" hai1="133,15,64,78,5,27,126,39,106,82,57,34,123" hai2="43,101,44,110,121,60,45,26,56,70,66,19,129" hai3="77,88,118,29,46,18,92,127,48,90,132,104,108"/><U97/><E39/><V85/><F121/><W103/><G108/><T130/><D116/><U9/><E123/><V11/><F101/><W47/><G127/><T13/><D112/><U16/><E126/><V36/><F110/><W6/><G132/><T84/><D31/><U94/><E133/><V65/><F85/><W10/><G118/><T105/><D130/><U89/><E106/><V14/><F129/><W102/><G77/><T22/><D41/><U4/><E34/><V51/><F66/><W95/><G18/><T109/><D109/><U61/><REACH who="1" step="1"/><E27/><REACH who="1" ten="250,230,250,260" step="2"/><V28/><F36/><W99/><G104/><T125/><D122/><U79/><E79/><V134/><F134/><W54/><G29/><T115/><D125/><U117/><E117/><V32/><REACH who="2" step="1"/><F45/><REACH who="2" ten="250,230,240,260" step="2"/><W71/><G47/><T73/><D115/><U100/><E100/><V21/><F21/><W124/><G124/><T91/><D22/><U55/><E55/><V87/><F87/><AGARI ba="0,2" hai="4,5,9,15,16,57,61,64,78,82,87,89,94,97" machi="87" ten="30,12000,1" yaku="1,1,7,1,8,1,54,1,53,1" doraHai="67" doraHaiUra="74" who="1" fromWho="2" sc="250,0,230,140,240,-120,260,0" /><INIT seed="1,1,0,5,3,3" ten="250,370,120,260" oya="1" hai0="110,84,112,11,6,96,120,31,66,130,15,89,13" hai1="8,16,42,58,12,33,68,53,95,30,28,134,19" hai2="70,128,88,125,81,93,129,101,23,114,26,37,126" hai3="0,45,133,74,69,52,73,22,18,62,135,65,49"/><U47/><E68/><V36/><F101/><W46/><G46/><T90/><BYE who="3" /><D112/><U24/><E134/><V119/><F81/><W59/><G59/><T85/><D110/><U109/><E109/><V75/><F75/><W86/><G86/><T55/><D66/><U115/><E115/><V92/><F119/><W71/><G71/><T82/><D130/><N who="2" m="50282" /><F93/><W97/><G97/><T1/><D31/><UN n3="%6B%65%69%74%68%38" /><U54/><E30/><N who="2" m="17759" /><F70/><W121/><G0/><T123/><D96/><U41/><E95/><V61/><F61/><W91/><G91/><T20/><D20/><U29/><E29/><V21/><F21/><W94/><G94/><T67/><D67/><U76/><E76/><V106/><F106/><W102/><G102/><T104/><D104/><U39/><E42/><V113/><F114/><W107/><G107/><T99/><D99/><U105/><E105/><V111/><F111/><W38/><G38/><N who="2" m="14953" /><F113/><W57/><G69/><T7/><D55/><U108/><E58/><V34/><F34/><W60/><G62/><T9/><D1/><U132/><E108/><V50/><F50/><W124/><G74/><T80/><AGARI ba="1,0" hai="6,7,9,11,13,15,80,82,84,85,89,90,120,123" machi="80" ten="30,12000,2" yaku="0,1,32,3,52,2" doraHai="3" who="0" fromWho="0" sc="250,123,370,-61,120,-31,260,-31" /><INIT seed="2,0,0,3,0,119" ten="373,309,89,229" oya="2" hai0="101,89,0,46,11,60,93,67,87,66,123,74,63" hai1="126,99,29,15,80,92,59,84,17,22,53,129,79" hai2="134,36,35,86,45,135,108,109,105,77,65,118,122" hai3="9,117,125,20,113,73,50,82,56,49,7,39,10"/><V54/><F118/><W70/><G39/><T12/><D0/><U116/><E129/><V124/><F35/><W102/><G117/><T38/><D74/><U5/><E126/><V8/><F105/><W90/><G70/><T110/><D110/><N who="2" m="42602" /><F124/><W42/><G125/><T21/><D21/><U41/><E41/><N who="2" m="22695" /><F65/><W94/><G102/><T44/><D101/><U2/><E116/><V13/><F54/><W24/><G113/><T128/><D128/><U103/><E2/><V83/><F122/><W106/><G106/><T85/><D38/><U111/><E111/><V58/><F58/><W1/><G10/><T88/><D11/><U32/><E32/><V98/><F98/><W96/><G42/><T132/><D12/><U23/><E23/><V37/><F37/><W97/><G97/><T91/><D91/><U16/><E22/><V62/><F62/><W61/><G73/><T33/><D33/><U48/><E29/><V57/><F57/><W100/><G82/><T115/><D93/><U81/><E80/><V95/><F95/><W51/><G51/><T127/><D127/><U130/><E130/><V40/><F40/><W121/><G121/><T68/><D68/><U47/><E59/><V107/><F107/><W133/><G133/><N who="2" m="50697" /><F8/><AGARI ba="0,0" hai="5,8,15,16,17,47,48,53,79,81,84,92,99,103" machi="8" ten="40,2600,0" yaku="8,1,54,1" doraHai="119" who="1" fromWho="2" sc="373,0,309,26,89,-26,229,0" /><INIT seed="3,0,0,0,3,5" ten="373,335,63,229" oya="3" hai0="123,38,103,127,21,86,31,75,27,92,17,94,33" hai1="106,82,40,91,105,113,122,101,56,66,63,36,43" hai2="93,76,129,15,3,74,133,70,119,60,45,12,58" hai3="124,35,49,24,22,73,85,34,68,80,72,50,112"/><W117/><G117/><T104/><D75/><U26/><E122/><V135/><F3/><W23/><G68/><T125/><D38/><U132/><E113/><V9/><F70/><W110/><G112/><T0/><D123/><U47/><E101/><V41/><F119/><W7/><G124/><T4/><D86/><U79/><E43/><V30/><F30/><W53/><G110/><T111/><D104/><U81/><E132/><V114/><F15/><W90/><G7/><T121/><D121/><U99/><E26/><V6/><F129/><W87/><G24/><T52/><D103/><U97/><E97/><V108/><F108/><W59/><G50/><T100/><D100/><U29/><E29/><V13/><F13/><W51/><G51/><T95/><D111/><U120/><E120/><V77/><F93/><W102/><G102/><T61/><D61/><U57/><E57/><V128/><F128/><W116/><G116/><T32/><D52/><U98/><E106/><V118/><F74/><W25/><G23/><T39/><D39/><U62/><E62/><V11/><F114/><W2/><G2/><T84/><D84/><N who="1" m="50575" /><E105/><V67/><F118/><W69/><G69/><T14/><D33/><U131/><E131/><V8/><F6/><W89/><G73/><T64/><D64/><U83/><E83/><V42/><F42/><W48/><G72/><T54/><D54/><U96/><E82/><V46/><F41/><W130/><G130/><T88/><D88/><U16/><E79/><N who="2" m="30283" /><F12/><W28/><G49/><T78/><D78/><U10/><E99/><V126/><F126/><RYUUKYOKU ba="0,0" sc="373,0,335,0,63,0,229,0" hai0="0,4,14,17,21,27,31,32,92,94,95,125,127" hai1="10,16,36,40,47,56,63,66,96,98" hai2="8,9,11,45,46,58,60,67,133,135" hai3="22,25,28,34,35,48,53,59,80,85,87,89,90" /><INIT seed="3,1,0,1,4,44" ten="373,335,63,229" oya="3" hai0="61,104,6,130,51,102,83,14,29,30,18,0,103" hai1="13,22,122,128,60,94,111,28,19,47,93,98,131" hai2="92,120,116,45,68,82,15,97,119,21,8,57,118" hai3="76,99,121,132,80,90,75,65,72,50,9,114,123"/><W105/><G114/><T73/><D130/><N who="1" m="49707" /><E111/><V26/><F68/><W63/><G132/><T96/><D102/><U3/><E3/><V108/><F82/><W66/><G75/><T124/><D124/><U32/><E60/><V84/><F84/><W71/><G66/><T16/><D61/><U31/><E122/><V49/><F108/><W36/><G36/><T69/><D69/><U34/><E47/><V85/><F85/><W4/><G50/><T74/><D74/><U107/><E107/><V100/><F120/><W41/><G41/><T64/><D64/><U46/><E46/><V88/><F57/><W58/><G58/><T125/><D125/><U106/><E106/><V109/><F109/><W40/><G40/><T129/><D129/><U95/><E98/><V134/><F134/><W1/><REACH who="3" step="1"/><G90/><REACH who="3" ten="373,335,63,219" step="2"/><T39/><D39/><U113/><E113/><V89/><F119/><W38/><G38/><T48/><D73/><U79/><E79/><V27/><F118/><W17/><G17/><T42/><D42/><U52/><E52/><N who="2" m="29743" /><F116/><W87/><G87/><T110/><D110/><U20/><E31/><N who="2" m="17903" /><F26/><AGARI ba="1,1" hai="13,19,20,22,26,28,32,34,93,94,95" m="49707" machi="26" ten="30,1000,0" yaku="19,1" doraHai="44" who="1" fromWho="2" sc="373,0,335,23,63,-13,219,0" /><INIT seed="4,0,0,2,3,48" ten="373,358,50,219" oya="0" hai0="86,68,117,123,23,118,78,108,106,87,29,81,28" hai1="135,46,52,77,55,88,31,16,64,44,132,33,94" hai2="70,11,18,91,69,103,34,99,14,92,93,75,10" hai3="72,63,26,113,67,83,24,15,7,53,57,62,32"/><T47/><D123/><U65/><E77/><V80/><F34/><W4/><G113/><T76/><D106/><U74/><E74/><V39/><F39/><W38/><G38/><T19/><D68/><U116/><E116/><V61/><F75/><W114/><G114/><T105/><D105/><U30/><E16/><V58/><F80/><W134/><G134/><T35/><D35/><U95/><E33/><V96/><REACH who="2" step="1"/><F11/><REACH who="2" ten="373,358,40,219" step="2"/><W110/><G72/><T59/><D81/><U1/><E135/><V112/><F112/><W0/><G83/><T22/><D108/><U100/><E132/><V89/><F89/><W56/><G110/><T12/><D23/><U127/><E88/><V20/><F20/><W41/><G32/><T129/><D22/><U97/><E100/><V45/><F45/><W51/><G26/><T120/><D47/><U128/><E46/><V17/><F17/><W40/><G24/><T60/><D120/><U104/><E44/><V13/><F13/><W125/><G15/><T115/><D115/><U36/><E36/><V49/><F49/><W109/><G109/><T124/><D12/><U50/><E50/><V122/><F122/><W66/><G125/><T82/><D19/><U37/><E37/><V54/><AGARI ba="0,1" hai="10,14,18,54,58,61,69,70,91,92,93,96,99,103" machi="54" ten="20,8000,1" yaku="1,1,0,1,7,1,52,1,53,1" doraHai="48" doraHaiUra="98" who="2" fromWho="2" sc="373,-40,358,-20,40,90,219,-20" /><INIT seed="5,0,0,1,3,55" ten="333,338,130,199" oya="1" hai0="129,89,72,116,51,117,35,65,3,108,99,134,128" hai1="56,80,94,40,62,118,52,75,17,125,77,50,82" hai2="49,7,96,15,38,67,33,45,25,107,69,41,121" hai3="133,115,28,44,53,61,58,10,87,68,21,111,110"/><U95/><E125/><V1/><F121/><W4/><G133/><T66/><D35/><U39/><E39/><V103/><F15/><W43/><G115/><T70/><D72/><U98/><E118/><V64/><F67/><W74/><G74/><T109/><D3/><U126/><E126/><V122/><F122/><W13/><G68/><T32/><D32/><U2/><E2/><V27/><F27/><W78/><G21/><T37/><D99/><U92/><E82/><V93/><F93/><W85/><G28/><T102/><D102/><U84/><E75/><V22/><F7/><W104/><G104/><T101/><D101/><U86/><E86/><V130/><F130/><N who="0" m="50282" /><D89/><N who="1" m="55567" /><E17/><V81/><F1/><W63/><G87/><T18/><D18/><U114/><E114/><V113/><F113/><W76/><G78/><T59/><D37/><U34/><E34/><V8/><F33/><W20/><G20/><T106/><D106/><U19/><E19/><V5/><F38/><W97/><G97/><T36/><D36/><U30/><E30/><V60/><F81/><W47/><G111/><N who="0" m="42571" /><D70/><U83/><E83/><V127/><F127/><W12/><G110/><T46/><D134/><U23/><E23/><V120/><F120/><W90/><G76/><T11/><D11/><U73/><E73/><V14/><F22/><W124/><G124/><T131/><N who="0" m="50290" /><T71/><DORA hai="54" /><D71/><U0/><E0/><V135/><F135/><W112/><G112/><T132/><D132/><U6/><E6/><V123/><F123/><W57/><G4/><T91/><D91/><U105/><E105/><RYUUKYOKU ba="0,0" sc="333,-15,338,15,130,15,199,-15" hai1="40,50,52,56,62,77,80,84,94,95" hai2="5,8,14,25,41,45,49,60,64,69,96,103,107" /><INIT seed="5,1,0,1,5,117" ten="318,353,145,184" oya="1" hai0="135,29,12,28,37,1,36,85,128,97,43,92,133" hai1="70,81,107,111,103,30,132,51,102,7,95,61,42" hai2="31,47,60,104,94,84,68,131,14,88,122,54,58" hai3="79,27,109,24,71,67,115,119,40,72,65,59,129"/><U0/><E30/><V113/><F104/><W26/><G109/><T93/><D1/><U33/><E33/><V13/><F68/><W74/><G119/><T105/><D85/><U3/><E132/><V6/><F131/><W100/><G71/><T134/><D128/><U50/><E70/><V110/><F110/><W38/><G129/><T18/><D105/><U118/><E61/><V69/><F122/><W10/><G100/><T44/><D37/><U32/><E32/><V35/><F69/><W91/><G91/><T101/><REACH who="0" step="1"/><D93/><REACH who="0" ten="308,353,145,184" step="2"/><U98/><E95/><V66/><F94/><W19/><G38/><T11/><AGARI ba="1,1" hai="11,12,18,28,29,36,43,44,92,97,101,133,134,135" machi="11" ten="30,7900,0" yaku="1,1,2,1,0,1,20,1,53,0" doraHai="117" doraHaiUra="80" who="0" fromWho="0" sc="308,92,353,-40,145,-21,184,-21" /><INIT seed="6,0,0,4,5,23" ten="400,313,124,163" oya="2" hai0="65,29,9,111,39,72,26,27,77,87,59,102,110" hai1="38,101,81,11,1,62,99,80,25,19,50,51,43" hai2="129,44,8,125,56,123,13,107,35,104,98,112,5" hai3="84,133,100,113,120,134,54,6,97,119,94,20,115"/><V92/><F123/><W85/><G6/><T64/><D39/><U63/><E38/><V46/><F125/><W124/><G120/><T55/><D72/><U18/><E1/><V49/><F129/><W12/><G54/><T41/><D41/><U15/><E81/><V132/><F132/><N who="3" m="50795" /><G119/><T122/><D122/><U42/><E80/><V21/><F35/><W75/><G75/><T2/><D102/><U108/><E108/><V86/><F112/><N who="3" m="43083" /><G124/><T121/><D121/><U126/><E126/><V17/><F56/><W40/><G40/><T103/><D103/><U79/><E101/><V93/><F46/><W47/><G47/><T22/><D111/><U57/><E43/><V70/><F70/><W4/><G4/><T61/><D110/><U71/><E42/><V83/><F44/><W82/><G82/><T66/><D2/><U67/><E71/><V52/><F107/><W114/><N who="3" m="43091" /><W88/><DORA hai="30" /><G100/><T95/><D9/><U89/><E11/><V69/><F69/><W118/><G118/><T33/><D77/><U58/><E79/><V28/><F104/><W32/><G32/><T128/><D128/><U117/><E117/><V105/><F105/><W0/><G0/><T127/><D127/><U60/><E58/><N who="2" m="33039" /><F5/><W116/><G116/><T68/><D68/><U76/><E57/><V34/><F34/><W48/><G48/><T131/><D131/><U24/><E51/><V109/><F109/><W31/><G31/><N who="0" m="17879" /><D55/><U53/><E53/><V37/><F37/><W14/><G14/><T74/><D74/><U73/><E73/><V36/><F36/><RYUUKYOKU ba="0,0" sc="400,15,313,-15,124,-15,163,15" hai0="27,29,33,59,61,64,65,66,87,95" hai3="12,20,84,85,88,94,97" /><INIT seed="7,1,0,2,5,33" ten="415,298,109,178" oya="3" hai0="49,44,96,75,86,78,40,17,23,52,94,134,71" hai1="106,8,129,7,46,14,39,9,124,67,100,32,117" hai2="25,74,15,6,22,41,115,20,47,54,3,1,37" hai3="58,93,18,113,61,42,10,27,104,125,57,2,11"/><W119/><G104/><T62/><D75/><U72/><E124/><V63/><F74/><W131/><G119/><T69/><D134/><U127/><E127/><V133/><F133/><W109/><G125/><T26/><D86/><U128/><E32/><V45/><F115/><W16/><G113/><T77/><D71/><U36/><E117/><V114/><F114/><W81/><G131/><T112/><D112/><U19/><E67/><V85/><F6/><W24/><G109/><T135/><D135/><U90/><E90/><V87/><F15/><W130/><G130/><T59/><D69/><U88/><E39/><V107/><F107/><W83/><G42/><T12/><D12/><U29/><E29/><V35/><F35/><W65/><G93/><T56/><D56/><U13/><E72/><V132/><F132/><W30/><G30/><T98/><D98/><U126/><E126/><V28/><F22/><W70/><G70/><T123/><D123/><U92/><E100/><AGARI ba="1,0" hai="17,23,26,40,44,49,52,59,62,77,78,94,96,100" machi="100" ten="30,3900,0" yaku="7,1,8,1,54,1" doraHai="33" who="0" fromWho="1" sc="415,42,298,-42,109,0,178,0" owari="457,55.7,256,5.6,109,-39.1,178,-22.2" /></mjloggm>