<mjloggm ver="2.3"><GO type="137" lobby="0"/><UN n0="%E3%82%AA%E3%82%AA%E3%82%A2%E3%83%AF%E3%82%AC%E3%82%A8%E3%83%AA" n1="%E9%9B%A8%E3%81%AE%E7%99%BD%E9%A6%AC" n2="%E2%93%9D%4C%75%63%6B%79%4A" n3="%6B%6F%70%69%6F" dan="11,11,12,11" rate="1725.85,1498.49,1854.87,1398.20" sx="F,M,M,M"/><TAIKYOKU oya="0"/><INIT seed="0,0,0,2,4,9" ten="250,250,250,250" oya="0" hai0="44,39,105,119,122,46,5,35,57,26,17,118,92" hai1="33,60,18,83,101,79,72,80,58,15,53,86,65" hai2="78,129,128,121,42,29,62,32,112,64,76,102,20" hai3="81,0,100,69,103,14,36,49,107,8,82,132,10"/><T55/><D122/><U125/><E33/><V66/><F121/><W96/><G49/><T7/><D105/><U116/><E125/><V123/><F123/><W61/><G132/><T12/><D92/><U104/><E101/><V130/><F112/><W31/><G36/><T90/><D90/><U2/><E116/><V77/><F32/><W98/><G31/><T56/><D35/><U124/><E2/><V68/><F66/><W110/><G110/><T131/><D131/><U135/><E124/><V71/><F42/><W120/><G120/><T75/><D75/><U21/><E135/><V95/><F29/><W41/><G41/><T93/><D93/><U1/><E104/><V87/><F20/><W70/><G107/><T54/><D17/><U111/><E111/><V22/><F22/><W28/><G28/><T84/><D84/><U117/><E1/><V6/><F6/><W13/><G61/><T37/><REACH who="0" step="1"/><D26/><REACH who="0" ten="240,250,250,250" step="2"/><U134/><E117/><V25/><F25/><W30/><G30/><T108/><D108/><U23/><E134/><V126/><F126/><W11/><G11/><T106/><D106/><U113/><E113/><V91/><REACH who="2" step="1"/><F102/><REACH who="2" ten="240,250,240,250" step="2"/><W43/><G43/><T99/><D99/><U97/><E97/><V40/><F40/><W94/><G94/><T67/><D67/><U48/><E72/><V63/><F63/><W88/><G88/><T51/><D51/><U59/><E80/><V34/><F34/><W74/><G74/><T19/><D19/><U38/><REACH who="1" step="1"/><E38/><REACH who="1" ten="240,240,240,250" step="2"/><V85/><F85/><W133/><G133/><T114/><D114/><U50/><E50/><RYUUKYOKU ba="0,3" sc="240,0,240,0,240,0,250,0" hai0="5,7,12,37,39,44,46,54,55,56,57,118,119" hai1="15,18,21,23,48,53,58,59,60,65,79,83,86" hai2="62,64,68,71,76,77,78,87,91,95,128,129,130" hai3="0,8,10,13,14,69,70,81,82,96,98,100,103" /><INIT seed="0,1,3,0,5,24" ten="240,240,240,250" oya="0" hai0="57,68,71,119,45,104,102,2,97,123,62,120,128" hai1="0,100,73,110,17,11,21,121,30,43,132,4,116" hai2="77,39,94,31,29,105,113,118,51,82,8,127,49" hai3="69,56,63,135,59,38,76,32,26,61,122,112,130"/><T109/><D119/><U88/><E116/><V27/><F39/><W87/><G87/><T133/><D2/><U78/><E132/><V103/><F113/><W115/><G76/><T3/><D3/><U23/><E121/><V47/><F105/><W58/><G26/><T99/><D133/><U20/><E110/><V80/><F127/><W81/><G81/><N who="2" m="31337" /><F118/><W90/><G90/><T108/><D128/><U95/><E100/><V60/><F60/><N who="3" m="23115" /><G32/><T15/><D45/><U84/><E43/><N who="2" m="25087" /><F77/><W98/><G98/><T28/><D97/><U124/><E124/><V70/><F70/><N who="0" m="26666" /><D15/><N who="1" m="5607" /><E78/><V1/><F1/><W134/><G130/><T37/><D37/><U72/><E0/><V42/><F8/><W33/><G33/><T79/><D79/><U67/><E67/><V93/><F103/><W7/><G7/><T96/><D96/><U50/><E73/><V107/><F107/><W52/><G122/><T89/><D89/><U13/><E72/><V44/><F27/><W22/><G22/><N who="1" m="8810" /><E50/><V86/><F86/><W5/><G5/><T129/><D129/><U92/><E92/><AGARI ba="1,3" hai="29,31,42,44,49,92,93,94" m="25087,31337" machi="92" ten="30,3900,0" yaku="8,1,52,2" doraHai="24" who="2" fromWho="1" sc="240,0,240,-42,240,72,250,0" /><INIT seed="1,0,0,1,0,21" ten="240,198,312,250" oya="1" hai0="46,133,129,14,59,24,110,5,65,121,17,128,67" hai1="116,125,72,91,52,115,109,69,50,20,10,16,126" hai2="99,96,51,107,112,89,6,0,100,63,26,62,33" hai3="27,15,127,39,11,57,8,45,78,47,97,3,64"/><U135/><E116/><V19/><F112/><W18/><G127/><N who="1" m="48650" /><E115/><V130/><F130/><N who="0" m="50282" /><D110/><U42/><E72/><V131/><F131/><W124/><G124/><T40/><D133/><U32/><E69/><V71/><F51/><W2/><G78/><T1/><D1/><U25/><E42/><V82/><F6/><W23/><G39/><N who="0" m="21791" /><D5/><U35/><E135/><V118/><F0/><W77/><G77/><T76/><D76/><U58/><E109/><V29/><F118/><W134/><G134/><T84/><D84/><U38/><E38/><V93/><F71/><W30/><G97/><T55/><D121/><U83/><E10/><V74/><F74/><W90/><G90/><T103/><D103/><U120/><E120/><V105/><F107/><W49/><G49/><N who="0" m="31215" /><D14/><U68/><E68/><V86/><REACH who="2" step="1"/><F19/><REACH who="2" ten="240,198,302,250" step="2"/><W7/><REACH who="3" step="1"/><G3/><REACH who="3" ten="240,198,302,240" step="2"/><T113/><D113/><U98/><E83/><V114/><F114/><W70/><G70/><T79/><D79/><AGARI ba="0,2" hai="26,29,33,62,63,79,82,86,89,93,96,99,100,105" machi="79" ten="30,3900,0" yaku="1,1,7,1,52,1,53,0" doraHai="21" doraHaiUra="66" who="2" fromWho="0" sc="240,-39,198,0,302,59,240,0" /><INIT seed="2,0,0,2,4,0" ten="201,198,361,240" oya="2" hai0="7,47,75,90,86,114,18,116,12,109,56,87,92" hai1="133,119,77,67,76,110,48,115,13,6,70,9,126" hai2="30,53,37,36,107,11,51,61,66,88,43,96,124" hai3="79,4,99,121,106,3,27,118,21,108,103,71,78"/><V16/><F30/><W24/><G27/><T84/><D114/><U83/><E115/><V73/><F73/><W52/><G24/><T72/><D109/><U104/><E119/><V42/><F107/><W29/><G21/><T127/><D116/><U64/><E104/><V101/><F101/><W97/><G29/><T10/><D127/><U25/><E110/><V120/><F120/><W122/><G52/><T102/><D102/><U100/><E70/><V105/><F37/><W125/><G103/><T28/><D28/><U74/><E100/><V62/><F36/><W45/><G45/><T65/><D47/><U33/><E77/><N who="3" m="29194" /><G71/><T130/><D130/><U40/><E133/><V112/><F124/><W68/><G68/><T91/><D72/><U41/><E126/><V44/><F105/><W81/><G81/><T95/><D75/><U89/><E89/><N who="0" m="33801" /><D18/><U111/><E111/><V39/><F39/><W22/><G22/><T8/><D8/><U14/><E14/><N who="2" m="7263" /><F112/><W123/><G106/><T31/><D31/><U50/><E33/><V35/><F35/><W59/><G125/><T128/><D128/><U20/><E40/><N who="2" m="15403" /><F66/><W135/><G108/><T131/><D131/><U55/><E41/><V134/><F134/><W132/><G118/><T60/><AGARI ba="0,0" hai="7,10,12,56,60,65,84,86,87,92,95" m="33801" machi="60" ten="30,2000,0" yaku="8,1,52,1" doraHai="0" who="0" fromWho="0" sc="201,20,198,-5,361,-10,240,-5" /><INIT seed="3,0,0,4,5,48" ten="221,193,351,235" oya="3" hai0="28,4,2,60,99,13,91,55,15,65,9,43,135" hai1="121,96,69,67,95,29,58,132,33,61,30,93,108" hai2="92,110,20,105,12,6,101,66,80,100,115,118,50" hai3="88,131,82,17,107,37,8,26,122,22,114,102,130"/><W46/><G122/><T119/><D135/><U23/><E121/><V125/><F105/><W133/><G114/><T62/><D119/><U53/><E132/><V31/><F66/><W42/><G133/><T112/><D43/><U1/><E108/><V116/><F80/><W16/><G107/><T113/><D28/><U11/><E33/><V36/><F36/><W44/><G102/><T0/><D0/><U123/><E123/><V98/><F115/><N who="0" m="44106" /><D99/><U79/><E79/><V104/><F125/><W68/><G68/><N who="0" m="42023" /><D91/><U109/><E109/><V72/><F110/><W52/><G37/><T70/><D70/><U41/><E41/><V51/><F118/><W87/><G44/><T5/><D5/><U57/><E69/><V10/><F116/><W85/><G85/><T97/><D97/><U56/><E1/><V111/><F111/><W34/><G34/><T76/><D76/><U49/><E11/><V24/><F101/><W73/><G73/><T120/><D120/><U129/><E129/><V27/><F72/><W83/><G82/><T18/><D18/><U75/><E75/><V94/><F94/><N who="1" m="35849" /><E96/><V7/><F7/><W77/><G77/><T71/><D71/><U134/><E134/><V103/><F103/><W39/><G39/><T78/><D78/><U54/><E23/><N who="2" m="15871" /><F104/><W32/><G32/><T64/><D64/><U126/><E126/><V14/><F100/><W35/><G35/><T128/><D128/><U124/><E124/><V19/><F92/><W81/><G81/><T74/><D74/><U84/><E84/><V3/><F98/><W47/><G131/><RYUUKYOKU ba="0,0" sc="221,10,193,10,351,10,235,-30" hai0="2,4,9,13,15,55,62" hai1="29,30,49,53,54,56,57,58,61,67" hai2="3,6,10,12,14,19,20,24,50,51" /><INIT seed="4,1,0,2,5,44" ten="231,203,361,205" oya="0" hai0="132,63,14,116,47,127,83,100,102,30,115,24,73" hai1="32,126,97,67,46,33,12,77,79,86,7,72,41" hai2="31,43,112,55,108,91,68,89,8,25,57,4,118" hai3="128,51,134,75,99,26,2,78,23,105,80,70,1"/><T52/><D116/><U64/><E126/><V28/><F68/><W9/><G23/><T110/><D127/><U35/><E72/><V65/><F65/><W20/><G20/><T56/><D115/><U10/><E97/><V16/><F43/><W82/><G51/><T45/><D132/><U40/><E77/><V120/><F120/><W106/><G26/><T11/><D110/><U60/><E40/><V81/><F112/><W6/><G134/><T59/><D73/><U54/><E35/><V13/><F118/><W18/><G18/><N who="0" m="8543" /><D83/><N who="1" m="47487" /><E33/><V66/><F66/><W98/><G82/><T15/><D30/><N who="2" m="11306" /><F81/><W38/><G38/><T50/><D24/><U34/><E32/><V5/><F108/><W61/><G128/><T53/><D15/><U22/><E34/><V69/><F69/><W125/><G125/><T85/><D85/><U37/><E22/><N who="2" m="13511" /><F5/><W76/><G76/><T92/><D92/><U88/><E88/><V104/><F104/><W131/><G131/><T36/><D36/><U93/><E93/><V94/><F94/><W130/><G130/><T96/><D96/><U3/><E3/><V117/><F117/><W103/><G2/><T107/><D107/><U90/><E90/><V113/><F113/><W21/><G21/><T17/><D17/><U19/><E19/><V135/><F135/><W58/><G58/><T42/><D42/><U122/><E122/><V111/><F111/><W62/><REACH who="3" step="1"/><G70/><REACH who="3" ten="231,203,361,195" step="2"/><T101/><AGARI ba="1,1" hai="45,47,50,52,53,56,59,63,100,101,102" m="8543" machi="101" ten="30,6000,0" yaku="8,1,52,1,54,1" doraHai="44" who="0" fromWho="0" sc="231,73,203,-21,361,-21,195,-21" /><INIT seed="4,2,0,0,2,53" ten="304,182,340,174" oya="0" hai0="39,32,27,65,124,114,49,129,97,8,87,47,28" hai1="116,68,42,7,4,58,128,103,81,45,95,85,94" hai2="33,54,41,127,98,52,82,51,55,36,29,89,79" hai3="62,3,123,120,44,21,57,18,110,126,26,46,118"/><T104/><D39/><U20/><E68/><V17/><F33/><W106/><G3/><T101/><D114/><U119/><E128/><V1/><F1/><W100/><G118/><T80/><D129/><U24/><E116/><V67/><F29/><W109/><G100/><T102/><D102/><U125/><E125/><V15/><F67/><W83/><G83/><T69/><D124/><U66/><E119/><V59/><F36/><W60/><G106/><T70/><D8/><U135/><E135/><V43/><F127/><W113/><G113/><T35/><D65/><U107/><E107/><V117/><F117/><W23/><G126/><T48/><D35/><U14/><E95/><N who="2" m="56687" /><F79/><W93/><G93/><T88/><REACH who="0" step="1"/><D49/><REACH who="0" ten="294,182,340,174" step="2"/><N who="1" m="26807" /><E103/><V96/><F82/><W38/><G38/><T84/><D84/><U34/><E34/><V37/><F37/><W134/><G134/><T90/><D90/><N who="1" m="53583" /><E81/><V2/><F96/><W63/><G57/><T5/><D5/><U76/><E76/><V91/><F91/><W40/><G40/><AGARI ba="2,1" hai="27,28,32,40,47,48,69,70,80,87,88,97,101,104" machi="40" ten="30,5800,0" yaku="1,1,7,1,54,1,53,0" doraHai="53" doraHaiUra="9" who="0" fromWho="3" sc="294,74,182,0,340,0,174,-64" /><INIT seed="4,3,0,1,3,0" ten="368,182,340,110" oya="0" hai0="51,7,58,106,59,122,29,22,71,70,10,86,76" hai1="88,9,27,105,120,43,74,40,77,94,3,23,91" hai2="103,79,65,60,49,47,93,90,115,31,89,30,32" hai3="104,108,112,127,57,81,134,33,35,131,68,116,84"/><T98/><D122/><U133/><E105/><V132/><F79/><W101/><G101/><T46/><D71/><U8/><E120/><V126/><F126/><W66/><G84/><T42/><D70/><U12/><E133/><V92/><F32/><W69/><G81/><N who="0" m="47399" /><D106/><U17/><E74/><V28/><F115/><W63/><G57/><T85/><D98/><U44/><E77/><V38/><F38/><W96/><G66/><T6/><D85/><U20/><E3/><V119/><F119/><W16/><G63/><T80/><D80/><U110/><E110/><V100/><F132/><W5/><G16/><T52/><D10/><N who="1" m="4203" /><E44/><V37/><F37/><W34/><G5/><N who="0" m="1547" /><D42/><N who="1" m="15915" /><E94/><V18/><F93/><W102/><G102/><T11/><D11/><U124/><E124/><V125/><F125/><W135/><G96/><T2/><D2/><U67/><E67/><V15/><F65/><W54/><G54/><T99/><D99/><U117/><E117/><V82/><F82/><W61/><G61/><T111/><D111/><U41/><N who="1" m="15923" /><U109/><DORA hai="113" /><E109/><V78/><F78/><W14/><G14/><T83/><D83/><U118/><E118/><V48/><F92/><W130/><G35/><T72/><D72/><U75/><E75/><V21/><F15/><W26/><G26/><AGARI ba="3,0" hai="22,26,29,46,51,52,58,59" m="1547,47399" machi="26" ten="30,12000,1" yaku="8,1,52,3,54,1" doraHai="0,113" who="0" fromWho="3" sc="368,129,182,0,340,0,110,-129" owari="497,59.7,182,-21.8,340,14.0,-19,-51.9" /></mjloggm>