<mjloggm ver="2.3"><GO type="137" lobby="0"/><UN n0="%62%61%73%65%62%61%6C%6C" n1="%E2%93%9D%4C%75%63%6B%79%4A" n2="%E3%81%B4%E3%83%BC%E3%81%BE%E3%82%8B" n3="%E3%81%8A%E3%81%8F%E3%81%8A%E3%81%8F" dan="12,12,12,11" rate="1728.32,1885.09,1696.03,1586.96" sx="M,M,M,M"/><TAIKYOKU oya="0"/><INIT seed="0,0,0,4,0,95" ten="250,250,250,250" oya="0" hai0="68,26,69,104,96,9,27,39,42,124,80,33,112" hai1="1,56,62,19,35,10,92,75,129,50,118,122,123" hai2="135,55,98,67,115,13,14,23,116,38,36,2,45" hai3="90,34,127,72,63,20,91,81,37,60,54,52,109"/><T16/><D112/><U93/><E75/><V73/><F115/><W85/><G37/><T24/><D124/><U106/><E106/><V79/><F2/><W31/><G127/><T102/><D33/><U7/><E118/><V132/><F116/><W4/><G109/><T53/><D39/><U76/><E76/><V8/><F67/><W43/><G34/><T131/><D131/><U46/><E35/><V108/><F108/><W59/><G43/><T21/><D42/><U126/><E19/><N who="2" m="10735" /><F73/><W28/><G72/><T25/><D9/><U6/><E7/><V12/><F79/><W17/><G4/><T82/><REACH who="0" step="1"/><D53/><REACH who="0" ten="240,250,250,250" step="2"/><U61/><E126/><V97/><F55/><W58/><REACH who="3" step="1"/><G91/><REACH who="3" ten="240,250,250,240" step="2"/><T89/><D89/><U40/><E40/><N who="2" m="22663" /><F38/><W29/><G29/><T125/><D125/><U105/><E129/><V99/><F8/><W70/><G70/><AGARI ba="0,2" hai="16,21,24,25,26,27,68,69,70,80,82,96,102,104" machi="70" ten="40,7700,0" yaku="1,1,52,1,54,1,53,0" doraHai="95" doraHaiUra="74" who="0" fromWho="3" sc="240,97,250,0,250,0,240,-77" /><INIT seed="0,1,0,3,2,109" ten="337,250,250,163" oya="0" hai0="52,95,81,88,124,77,5,54,6,99,125,79,39" hai1="31,113,53,29,100,122,38,128,97,114,110,133,23" hai2="65,98,36,26,10,103,71,35,74,120,34,12,37" hai3="90,19,58,76,44,105,14,86,72,16,32,121,67"/><T70/><D39/><U92/><E122/><V24/><F120/><W60/><G105/><T117/><D117/><U80/><E110/><V96/><F74/><W18/><G32/><T83/><D70/><U102/><E38/><V68/><F12/><W33/><G33/><T11/><D81/><U64/><E64/><V93/><F10/><W73/><G121/><T45/><D83/><U127/><E127/><N who="0" m="48713" /><D6/><U40/><E40/><V3/><F3/><W123/><G123/><T106/><D106/><U21/><E53/><N who="0" m="20585" /><D45/><U61/><E61/><V7/><F7/><W87/><G72/><T129/><D129/><U17/><E80/><V49/><F49/><W104/><G104/><T78/><D78/><U57/><E57/><V9/><F9/><W116/><G73/><T115/><D115/><N who="1" m="44043" /><E128/><V2/><F2/><AGARI ba="1,0" hai="2,5,11,77,79,88,95,99" m="20585,48713" machi="2" ten="30,5800,0" yaku="18,1,54,2" doraHai="109" who="0" fromWho="2" sc="337,61,250,0,250,-61,163,0" /><INIT seed="0,2,0,1,3,23" ten="398,250,189,163" oya="0" hai0="49,94,30,16,8,60,15,21,65,28,130,74,110" hai1="68,100,55,18,24,29,19,59,38,52,13,83,102" hai2="45,70,51,27,92,125,26,124,111,134,39,89,40" hai3="54,86,88,116,105,34,120,33,9,117,6,108,96"/><T73/><D130/><U79/><E68/><V121/><F121/><W62/><G108/><T64/><D110/><U126/><E38/><V1/><F111/><W85/><G120/><T61/><D49/><U91/><E91/><V97/><F1/><W17/><G117/><T58/><D94/><U20/><E126/><N who="2" m="48747" /><F70/><W75/><G116/><T76/><D76/><U78/><E19/><V95/><F134/><W69/><G75/><T67/><D67/><U71/><E71/><V44/><F95/><W7/><G69/><T11/><D11/><U56/><E59/><V123/><F123/><W0/><G0/><T42/><D42/><AGARI ba="2,0" hai="26,27,39,40,42,44,45,51,89,92,97" m="48747" machi="42" ten="30,3900,0" yaku="18,1,52,2" doraHai="23" who="2" fromWho="0" sc="398,-45,250,0,189,45,163,0" /><INIT seed="1,0,0,0,1,63" ten="353,250,234,163" oya="1" hai0="80,21,25,50,54,130,64,135,133,16,86,129,100" hai1="62,118,32,2,99,67,3,116,108,44,110,111,98" hai2="107,113,27,73,78,112,92,22,11,31,53,83,128" hai3="81,29,45,91,115,37,68,60,131,7,69,39,23"/><U75/><E75/><V49/><F107/><W125/><G115/><N who="2" m="44105" /><F128/><N who="0" m="49258" /><D100/><U74/><E74/><V97/><F11/><W105/><G131/><T38/><D38/><U26/><E44/><V59/><F92/><W33/><G125/><T9/><D9/><U121/><E121/><V79/><F79/><W66/><G105/><T93/><D93/><U89/><E89/><V82/><F82/><W101/><G7/><T13/><D13/><U96/><E32/><V85/><F97/><W28/><G101/><T48/><D64/><U106/><E26/><V43/><F43/><W24/><G33/><T1/><D1/><N who="1" m="11" /><E106/><V109/><F109/><N who="1" m="27905" /><U19/><DORA hai="119" /><E19/><V14/><F14/><W56/><G91/><N who="0" m="51655" /><D50/><U123/><E123/><V10/><F10/><W41/><G81/><T47/><AGARI ba="0,0" hai="16,21,25,47,48,54,133,135" m="51655,49258" machi="47" ten="30,2000,0" yaku="19,1,54,1" doraHai="63,119" who="0" fromWho="0" sc="353,20,250,-10,234,-5,163,-5" /><INIT seed="2,0,0,0,2,103" ten="373,240,229,158" oya="2" hai0="135,18,105,113,127,64,114,76,73,34,8,3,122" hai1="78,116,102,70,38,131,125,69,130,42,66,106,129" hai2="93,61,9,83,121,77,68,91,132,53,60,14,35" hai3="109,32,20,10,16,97,50,7,22,26,55,62,39"/><V57/><F121/><W52/><G39/><T6/><D122/><U2/><E116/><V117/><F117/><W33/><G109/><T13/><D135/><U94/><E94/><V23/><F132/><W65/><G97/><T124/><D34/><U47/><E78/><V54/><F35/><W41/><G41/><T58/><D105/><U82/><E82/><V28/><F28/><W120/><G120/><T99/><D99/><N who="1" m="61791" /><E66/><V107/><F107/><W72/><G72/><T75/><D64/><U19/><E19/><V128/><F23/><W119/><G119/><T123/><D123/><U46/><E47/><V111/><F111/><W21/><G55/><T110/><D58/><U43/><E43/><V40/><F40/><W49/><G49/><T84/><D84/><U100/><E100/><V31/><F31/><W133/><G133/><T134/><D110/><U108/><E108/><V86/><F68/><N who="1" m="26217" /><E2/><V95/><F54/><W79/><G32/><T90/><D90/><U63/><E63/><V118/><F118/><W36/><G36/><T29/><D76/><U0/><E0/><V87/><F95/><W81/><G33/><T126/><D134/><U45/><E46/><V11/><F61/><W92/><G92/><T4/><D75/><U30/><E30/><V51/><F60/><W44/><G81/><T1/><D73/><U101/><E101/><V71/><F71/><N who="3" m="42423" /><G79/><T12/><D29/><U37/><E38/><V56/><F56/><W112/><G112/><T74/><D74/><U59/><E59/><V104/><F104/><W5/><G5/><T98/><D4/><RYUUKYOKU ba="0,0" sc="373,-15,240,15,229,-15,158,15" hai1="37,42,45,125,129,130,131" hai3="7,10,16,20,21,22,26,44,50,52" /><INIT seed="3,1,0,0,3,22" ten="358,255,214,173" oya="3" hai0="100,104,47,53,130,52,134,76,44,61,38,10,125" hai1="86,135,126,77,94,116,88,26,25,21,68,15,109" hai2="56,42,14,18,132,35,117,112,103,54,97,58,107" hai3="69,3,127,70,64,28,29,123,63,62,95,46,33"/><W84/><G123/><T4/><D130/><U108/><E68/><V8/><F112/><W7/><G127/><T37/><D125/><U75/><E126/><V40/><F117/><W92/><G3/><T74/><D134/><U55/><E116/><V6/><F35/><W23/><G7/><T49/><D104/><U102/><E102/><V79/><F79/><W59/><G33/><T30/><D100/><U131/><E55/><V36/><F36/><W93/><G46/><T24/><D76/><U43/><E43/><V2/><F132/><W66/><G59/><T128/><D74/><U118/><E118/><V50/><REACH who="2" step="1"/><F58/><REACH who="2" ten="358,255,204,173" step="2"/><W57/><G57/><T90/><D37/><U12/><E135/><V106/><F106/><W72/><G72/><T85/><D38/><U101/><E131/><V83/><F83/><W67/><G67/><T32/><D128/><U82/><E101/><V19/><F19/><W80/><REACH who="3" step="1"/><G23/><AGARI ba="1,1" hai="2,6,8,14,18,23,40,42,50,54,56,97,103,107" machi="23" ten="30,2000,0" yaku="1,1,7,1,53,0" doraHai="22" doraHaiUra="129" who="2" fromWho="3" sc="358,0,255,0,204,33,173,-23" /><INIT seed="4,0,0,5,4,71" ten="358,255,237,150" oya="0" hai0="124,8,9,21,116,76,70,98,40,45,77,2,27" hai1="58,118,20,64,14,49,100,56,109,121,67,0,111" hai2="87,125,41,30,112,78,117,37,5,32,113,81,85" hai3="102,13,135,108,44,93,69,26,60,130,90,28,83"/><T126/><D116/><U6/><E0/><V74/><F117/><W22/><G108/><T94/><D70/><U12/><E118/><V114/><F5/><W46/><G130/><T15/><D2/><U16/><E121/><V120/><F120/><W96/><G135/><T43/><D9/><U73/><E73/><V103/><F103/><W1/><G1/><T89/><D124/><U17/><E100/><V57/><F57/><W131/><G131/><T88/><D89/><U53/><E6/><V104/><F104/><W10/><G69/><T95/><D95/><U51/><E20/><V123/><F123/><W122/><G122/><T86/><D126/><U42/><E42/><N who="0" m="15913" /><D45/><U115/><REACH who="1" step="1"/><E53/><REACH who="1" ten="358,245,237,150" step="2"/><V107/><F125/><W29/><G60/><T92/><D21/><U134/><E134/><V105/><F87/><W91/><G29/><T106/><D106/><U133/><E133/><V55/><F85/><W119/><G119/><T39/><D86/><U35/><E35/><V38/><F55/><W23/><G23/><T47/><D98/><U79/><E79/><V101/><F101/><W62/><G62/><T127/><D76/><U129/><E129/><V52/><F52/><W11/><G11/><T3/><D77/><U61/><E61/><V4/><F4/><W68/><G68/><T19/><D8/><U50/><E50/><V18/><F18/><W97/><G97/><T84/><D19/><U36/><E36/><N who="2" m="13931" /><F41/><W66/><G66/><T128/><D128/><U63/><E63/><V72/><F72/><W33/><G33/><T82/><D127/><U110/><E110/><RYUUKYOKU ba="0,1" sc="358,-15,245,15,237,15,150,-15" hai1="12,14,16,17,49,51,56,58,64,67,109,111,115" hai2="30,32,74,78,81,105,107,112,113,114" /><INIT seed="5,1,1,4,5,62" ten="343,260,252,135" oya="1" hai0="126,29,88,17,41,0,68,58,98,31,122,10,24" hai1="75,105,46,107,20,28,38,36,39,94,30,45,52" hai2="59,71,93,114,70,1,50,21,77,76,109,69,15" hai3="12,47,27,6,23,63,16,56,87,134,53,18,26"/><U34/><E75/><V110/><F1/><W121/><G121/><T103/><D68/><U33/><E94/><V65/><F93/><W85/><G134/><T7/><D122/><U54/><E39/><V4/><F15/><W67/><G6/><T22/><D41/><U119/><REACH who="1" step="1"/><E20/><REACH who="1" ten="343,250,252,135" step="2"/><V102/><F21/><W118/><G118/><AGARI ba="1,2" hai="28,30,33,34,36,38,45,46,52,54,105,107,118,119" machi="118" ten="25,12000,1" yaku="1,1,2,1,22,2,54,1,53,0" doraHai="62" doraHaiUra="61" who="1" fromWho="3" sc="343,0,250,143,252,0,135,-123" /><INIT seed="5,2,0,3,3,63" ten="343,393,252,12" oya="1" hai0="40,127,69,94,83,47,6,126,26,41,75,8,33" hai1="60,38,133,18,103,129,110,120,54,42,111,5,51" hai2="87,78,115,106,2,64,82,19,71,46,128,68,25" hai3="50,101,0,97,4,114,90,77,52,9,57,88,93"/><U70/><E5/><V39/><F2/><W27/><G114/><T119/><D119/><U20/><E103/><V109/><F106/><W31/><REACH who="3" step="1"/><G77/><REACH who="3" ten="343,393,252,2" step="2"/><T44/><D126/><U72/><E111/><V80/><F109/><W98/><G98/><T84/><D127/><U65/><E110/><V59/><F115/><W125/><G125/><T29/><D69/><U35/><E70/><V100/><F71/><W62/><G62/><T131/><D131/><U66/><E60/><V132/><F128/><W36/><G36/><T73/><D75/><U95/><E72/><V107/><F68/><W45/><G45/><T135/><D73/><U112/><E38/><V1/><F39/><W22/><AGARI ba="2,1" hai="0,4,9,22,27,31,50,52,57,88,90,93,97,101" machi="22" ten="20,8000,1" yaku="1,1,0,1,7,1,54,2,53,0" doraHai="63" doraHaiUra="118" who="3" fromWho="3" sc="343,-22,393,-42,252,-22,2,96" /><INIT seed="6,0,0,3,0,51" ten="321,351,230,98" oya="2" hai0="36,106,52,95,117,70,103,80,12,92,120,39,118" hai1="14,107,132,37,41,134,100,94,2,59,121,45,116" hai2="82,133,18,15,53,105,123,74,49,13,68,27,65" hai3="101,40,108,129,16,97,126,69,17,124,77,6,60"/><V113/><F123/><W58/><G108/><T78/><D120/><U83/><E121/><V50/><F105/><W7/><G77/><T119/><D70/><U32/><E2/><V81/><F68/><W102/><G40/><T84/><D106/><U0/><E0/><V56/><F65/><W64/><G129/><T85/><D12/><U88/><E32/><V24/><F74/><W38/><G38/><T86/><D52/><U1/><E1/><V127/><F127/><N who="3" m="48683" /><G69/><T57/><D57/><U46/><E46/><V114/><F50/><W115/><G97/><N who="0" m="59815" /><D36/><U42/><E42/><V33/><F33/><W109/><G109/><T112/><D39/><U71/><E71/><V72/><F72/><W4/><G115/><N who="2" m="44041" /><F15/><W89/><G89/><N who="0" m="53671" /><D112/><U47/><E37/><V25/><F133/><W76/><G76/><T34/><D34/><U122/><E122/><V44/><F44/><W54/><G64/><T73/><AGARI ba="0,0" hai="73,78,80,85,86,117,118,119" m="53671,59815" machi="73" ten="30,4000,0" yaku="12,1,34,2" doraHai="51" who="0" fromWho="0" sc="321,40,351,-10,230,-20,98,-10" /><INIT seed="7,0,0,4,0,57" ten="361,341,210,88" oya="3" hai0="12,24,19,107,47,78,87,33,14,43,28,128,74" hai1="126,113,81,118,95,91,62,106,50,76,63,10,92" hai2="3,27,109,127,130,21,122,115,42,116,99,17,112" hai3="23,64,135,82,52,60,102,40,80,26,59,75,55"/><W133/><G102/><T69/><D74/><U96/><E106/><V53/><F42/><W61/><G40/><T58/><D69/><U65/><E113/><N who="2" m="43595" /><F99/><W25/><G75/><T111/><D111/><U32/><E32/><V110/><F53/><N who="3" m="20555" /><G23/><T132/><D132/><N who="3" m="50761" /><G59/><T73/><D73/><U83/><E96/><V20/><F3/><W29/><G64/><T49/><D107/><U103/><E65/><V70/><F70/><W35/><G25/><T117/><D117/><U48/><E118/><V134/><F134/><W119/><G119/><T77/><D58/><U13/><E103/><V71/><F71/><W131/><G131/><T7/><D128/><U4/><E50/><V39/><F39/><W120/><G120/><T8/><D87/><U66/><E48/><V22/><F116/><W101/><G101/><T97/><D97/><U88/><E66/><V5/><F130/><W121/><G121/><T93/><D93/><U18/><E95/><V79/><F79/><W94/><G94/><T84/><D84/><U104/><E92/><V85/><F85/><W30/><G29/><T51/><D51/><U124/><E104/><V129/><F129/><W90/><G90/><T123/><D123/><U1/><E91/><V105/><F105/><W37/><G37/><T89/><D89/><U86/><E76/><V11/><F122/><W56/><G56/><T36/><D36/><U46/><E46/><V6/><F127/><N who="1" m="48681" /><E83/><AGARI ba="0,0" hai="26,30,35,60,61,80,82,83" m="50761,20555" machi="83" ten="30,11600,0" yaku="20,1,52,2,54,1" doraHai="57" who="3" fromWho="1" sc="361,0,341,-116,210,0,88,116" /><INIT seed="7,1,0,5,4,124" ten="361,225,210,204" oya="3" hai0="42,12,84,73,104,95,101,129,118,102,62,76,27" hai1="121,112,114,115,37,2,69,49,61,0,43,67,3" hai2="24,131,96,108,17,1,70,41,63,48,39,99,123" hai3="103,111,135,93,92,26,130,57,89,47,25,126,77"/><W116/><G116/><T122/><D129/><U83/><E49/><V53/><F108/><W125/><G135/><T97/><D118/><U4/><E83/><V30/><F1/><W109/><G77/><T33/><D102/><U28/><E28/><V119/><F119/><W31/><G47/><T127/><D122/><U65/><E67/><V110/><F110/><N who="3" m="41995" /><G130/><T71/><D12/><U58/><E121/><V98/><F17/><W107/><G107/><T34/><D42/><U20/><E20/><V8/><F8/><W66/><G103/><T35/><D27/><N who="3" m="10249" /><G31/><T133/><D133/><U15/><E43/><V86/><F86/><W132/><G132/><T82/><D127/><N who="3" m="48649" /><G89/><N who="0" m="53671" /><D71/><U7/><E69/><V13/><F41/><W21/><G21/><T14/><D14/><U113/><E115/><V46/><F13/><W19/><G19/><T72/><D72/><U55/><E114/><V64/><F39/><W117/><G117/><T120/><D62/><AGARI ba="1,0" hai="57,62,66,92,93" m="48649,10249,41995" machi="62" ten="40,3900,0" yaku="10,1,18,1" doraHai="124" who="3" fromWho="0" sc="361,-42,225,0,210,0,204,42" /><INIT seed="7,2,0,1,5,132" ten="319,225,210,246" oya="3" hai0="61,115,111,50,29,102,48,83,116,30,26,18,129" hai1="36,43,125,121,37,47,40,100,45,66,130,73,52" hai2="22,32,6,33,135,72,91,46,76,104,92,120,118" hai3="19,17,74,101,78,31,124,12,14,87,112,39,67"/><W13/><G39/><T71/><D111/><U35/><E35/><V49/><F118/><W65/><G112/><T122/><D116/><U80/><E100/><V93/><F104/><W117/><G117/><T59/><D122/><U106/><E106/><V109/><F109/><W63/><G74/><T20/><D71/><U103/><E103/><V133/><F6/><W3/><G3/><T81/><D115/><U64/><E121/><V11/><F120/><W15/><G101/><T57/><D102/><U105/><E105/><V41/><F11/><W75/><G75/><T58/><D61/><U127/><E52/><V21/><F72/><W62/><G31/><T5/><D5/><U126/><E130/><V53/><F76/><AGARI ba="2,0" hai="36,37,40,43,45,47,64,66,73,76,80,125,126,127" machi="76" ten="40,8000,1" yaku="9,1,18,1,52,3" doraHai="132" who="1" fromWho="2" sc="319,0,225,86,210,-86,246,0" owari="319,41.9,311,11.1,124,-37.6,246,-15.4" /></mjloggm>