<mjloggm ver="2.3"><GO type="41" lobby="0"/><UN n0="%28%EF%BC%BE%28%E3%82%A7%29%EF%BC%BE%29" n1="%55%6E%69%74%79%6D%61%6E" n2="%E8%A5%BF%E4%B8%AD%E5%B3%B6" n3="%E2%93%9D%4C%75%63%6B%79%4A" dan="14,14,14,16" rate="1944.53,1919.45,1933.05,2163.52" sx="M,M,M,M"/><TAIKYOKU oya="0"/><INIT seed="0,0,0,3,3,17" ten="250,250,250,250" oya="0" hai0="99,21,52,131,26,30,46,114,123,89,98,129,36" hai1="100,31,132,29,19,78,23,25,8,55,42,75,118" hai2="7,38,5,120,70,126,27,53,76,58,96,12,50" hai3="119,112,122,0,121,80,101,14,91,125,10,69,83"/><T124/><D114/><U67/><E118/><V117/><F120/><W41/><G69/><T93/><D123/><N who="3" m="47113" /><G112/><T82/><D124/><U95/><E132/><V77/><F38/><W108/><G101/><T106/><D36/><U24/><E42/><V135/><F135/><W45/><G0/><T43/><D43/><U87/><E67/><V44/><F126/><W104/><G104/><T13/><D82/><U81/><E8/><V113/><F70/><W73/><G108/><T116/><D116/><U115/><E115/><V62/><F113/><W33/><G33/><T6/><D106/><U105/><E25/><V109/><F109/><W54/><G54/><T2/><D99/><U28/><E55/><V133/><F133/><W72/><G91/><T85/><D2/><U65/><E65/><V35/><F35/><W110/><G110/><T88/><D89/><U111/><E111/><V9/><F96/><W56/><G56/><T3/><D3/><U18/><E18/><V49/><F117/><W61/><G61/><T34/><D98/><N who="1" m="61591" /><E31/><V68/><F68/><W20/><G125/><T86/><D86/><U128/><E128/><V130/><F130/><N who="0" m="49674" /><D6/><U4/><E4/><V63/><F5/><N who="3" m="3407" /><G119/><T97/><D97/><U64/><E64/><V103/><F63/><W1/><G1/><T71/><D71/><U84/><E84/><V32/><F62/><W74/><G74/><T51/><D13/><U60/><E60/><V92/><F12/><W79/><G73/><T94/><D94/><U37/><E37/><V11/><F92/><W16/><G72/><T48/><D34/><RYUUKYOKU ba="0,0" sc="250,15,250,15,250,-15,250,-15" hai0="21,26,30,46,48,51,52,85,88,93" hai1="19,23,24,28,29,75,78,81,87,95" /><INIT seed="0,1,0,3,1,115" ten="265,265,235,235" oya="0" hai0="87,97,34,22,103,98,113,129,30,25,95,110,67" hai1="10,84,75,33,11,82,13,32,74,9,16,52,20" hai2="85,42,62,3,26,128,59,117,40,4,130,18,44" hai3="80,19,29,7,91,46,31,27,48,0,116,15,124"/><T2/><D113/><U41/><E41/><V23/><F3/><W76/><G124/><T101/><D129/><U58/><E75/><V81/><F4/><W63/><G63/><T69/><D110/><U111/><E74/><V132/><F132/><W121/><G121/><T56/><D2/><U72/><E72/><V93/><F93/><W77/><G116/><T109/><D109/><U125/><E125/><V123/><F123/><W120/><G7/><T122/><D87/><U35/><E111/><V64/><F117/><W54/><G0/><T1/><D1/><U36/><E36/><V118/><F118/><W131/><G131/><N who="2" m="50217" /><F44/><W60/><G60/><T14/><D122/><U39/><E39/><V37/><F37/><W55/><G55/><T70/><D34/><U43/><E43/><V119/><F119/><W107/><G107/><T96/><D14/><U49/><REACH who="1" step="1"/><E33/><REACH who="1" ten="265,255,235,235" step="2"/><V73/><F73/><W83/><G120/><T68/><D103/><U92/><E92/><V17/><F42/><W114/><G114/><T126/><REACH who="0" step="1"/><D126/><REACH who="0" ten="255,255,235,235" step="2"/><U106/><E106/><V90/><F26/><W5/><G27/><T79/><D79/><AGARI ba="1,2" hai="9,10,11,13,16,20,32,35,49,52,58,79,82,84" machi="79" ten="40,5200,0" yaku="1,1,54,2,53,0" doraHai="115" doraHaiUra="71" who="1" fromWho="0" sc="255,-55,255,75,235,0,235,0" /><INIT seed="1,0,0,3,1,34" ten="200,330,235,235" oya="1" hai0="68,47,61,87,24,56,27,91,45,66,104,62,76" hai1="35,88,51,5,77,99,57,41,119,116,26,126,101" hai2="9,121,38,60,46,105,124,130,129,96,4,80,73" hai3="85,131,89,32,37,55,7,127,102,103,133,84,40"/><U0/><E77/><V82/><F121/><W10/><G32/><T44/><D104/><U16/><E126/><V79/><F124/><W11/><G127/><T117/><D76/><U22/><E35/><V111/><F82/><W81/><G133/><T59/><D117/><U135/><E135/><V49/><F111/><W115/><G115/><T74/><D74/><U6/><E6/><V29/><F29/><W78/><G131/><T67/><REACH who="0" step="1"/><D68/><REACH who="0" ten="190,330,235,235" step="2"/><U48/><E119/><V71/><F130/><W21/><G78/><T42/><D42/><U3/><E41/><V39/><F129/><W125/><G40/><T110/><D110/><U134/><E116/><V20/><F71/><W1/><G125/><T15/><D15/><U12/><E134/><V75/><F75/><W13/><G13/><T122/><D122/><U107/><E12/><V33/><F105/><W83/><G37/><T92/><AGARI ba="0,1" hai="24,27,44,45,47,56,59,61,62,66,67,87,91,92" machi="92" ten="30,7900,0" yaku="1,1,0,1,9,1,8,1,53,0" doraHai="34" doraHaiUra="69" who="0" fromWho="0" sc="190,89,330,-39,235,-20,235,-20" /><INIT seed="2,0,0,1,0,73" ten="279,291,215,215" oya="2" hai0="37,74,120,55,57,35,94,49,0,79,97,23,84" hai1="91,122,44,63,31,4,46,98,25,36,119,76,18" hai2="100,43,60,61,104,40,34,10,105,64,112,131,16" hai3="133,33,70,19,53,111,28,89,78,115,15,71,20"/><V51/><F112/><W56/><G115/><T21/><D120/><U52/><E119/><V95/><F34/><W121/><G121/><T5/><D35/><U68/><E122/><V58/><F131/><W106/><G106/><T30/><D37/><U83/><E4/><V90/><F105/><W72/><G111/><T47/><D74/><U7/><E7/><V2/><F100/><W116/><G116/><T14/><D0/><U8/><E36/><V109/><F109/><W50/><G133/><T93/><D30/><U130/><E130/><V92/><F104/><W128/><G128/><T85/><D57/><N who="1" m="35239" /><E68/><V134/><F134/><W1/><G1/><T86/><D79/><U103/><E103/><V101/><F2/><W24/><REACH who="3" step="1"/><G89/><REACH who="3" ten="279,291,215,205" step="2"/><T65/><D65/><U108/><E108/><V13/><F101/><W9/><G9/><T125/><D125/><U27/><E8/><V87/><F95/><W59/><G59/><T6/><D6/><U124/><E91/><V11/><F10/><W88/><G88/><T69/><D5/><U66/><E124/><V17/><F61/><W39/><G39/><T48/><D48/><U110/><E110/><V75/><F51/><W67/><G67/><T113/><D113/><U45/><E66/><V117/><F117/><W107/><G107/><T126/><D126/><U80/><E44/><V22/><REACH who="2" step="1"/><F75/><REACH who="2" ten="279,291,205,205" step="2"/><W96/><G96/><T135/><D97/><U127/><E98/><V132/><F132/><W42/><G42/><T38/><D38/><U41/><E127/><V32/><F32/><W29/><G29/><T62/><D135/><RYUUKYOKU ba="0,2" sc="279,-15,291,-15,205,15,205,15" hai2="11,13,16,17,22,40,43,58,60,64,87,90,92" hai3="15,19,20,24,28,33,50,53,56,70,71,72,78" /><INIT seed="2,1,2,4,3,46" ten="264,276,220,220" oya="2" hai0="114,4,133,131,125,121,97,11,88,42,30,63,23" hai1="40,43,38,83,27,124,100,75,103,62,47,129,61" hai2="51,92,115,108,6,116,82,98,15,50,55,1,91" hai3="25,2,21,117,58,76,128,65,135,111,113,78,52"/><V120/><F120/><W86/><G117/><T7/><D121/><U101/><E124/><V118/><F115/><W109/><G2/><T60/><D133/><U70/><E129/><V77/><F108/><N who="3" m="41547" /><G65/><T68/><D131/><U10/><E70/><V31/><F31/><N who="3" m="17839" /><G128/><T102/><D125/><U123/><E123/><V107/><F1/><W99/><G135/><T35/><D114/><U119/><E119/><V130/><F130/><W53/><G53/><T110/><D35/><U22/><E43/><V85/><F107/><W41/><G41/><T64/><D110/><U89/><E10/><V106/><F106/><W0/><G0/><T104/><D42/><U44/><E44/><V73/><F73/><W94/><G86/><T87/><D63/><U122/><E122/><V13/><F13/><W14/><G14/><T69/><D69/><U80/><E80/><V79/><F79/><W37/><G37/><T93/><REACH who="0" step="1"/><D11/><REACH who="0" ten="254,276,220,220" step="2"/><U8/><E8/><N who="2" m="4503" /><F118/><W19/><G113/><T84/><D84/><U57/><E38/><V33/><F116/><W28/><G28/><T127/><D127/><U54/><E40/><V90/><F33/><W132/><G132/><T59/><D59/><U81/><E62/><V34/><F34/><W48/><G19/><T18/><D18/><U74/><E61/><V126/><F126/><W105/><G105/><T67/><D67/><U45/><E57/><N who="2" m="33015" /><F77/><W66/><G66/><T56/><D56/><U29/><E75/><V95/><F82/><W49/><G49/><AGARI ba="1,3" hai="49,51,85,90,91,92,95,98" m="33015,4503" machi="49" ten="30,11600,0" yaku="8,1,52,3" doraHai="46" who="2" fromWho="3" sc="254,0,276,0,220,149,220,-119" /><INIT seed="2,2,0,4,3,31" ten="254,276,369,101" oya="2" hai0="111,97,51,33,130,18,15,42,53,86,46,89,37" hai1="12,50,129,128,40,0,34,88,87,71,116,121,117" hai2="10,92,19,85,133,78,7,106,44,91,124,24,60" hai3="76,23,8,65,81,122,113,103,66,26,125,32,126"/><V2/><F106/><W28/><G122/><T118/><D111/><U99/><E71/><V75/><F133/><W36/><G36/><T29/><D130/><N who="1" m="50283" /><E0/><V70/><F124/><N who="3" m="47723" /><G103/><T69/><D69/><U21/><E121/><V20/><F75/><N who="3" m="43167" /><G8/><T108/><D108/><U72/><E72/><V62/><F78/><W47/><G47/><T83/><D118/><U14/><E99/><V115/><F115/><W73/><G73/><T101/><D29/><U4/><E34/><V123/><F123/><W105/><G105/><T98/><D33/><U55/><E40/><V13/><F44/><W110/><G110/><T132/><D132/><U39/><E39/><V84/><F70/><W1/><G1/><T119/><D119/><N who="1" m="45643" /><E21/><V134/><F134/><W68/><G68/><T48/><D37/><U114/><E4/><V104/><F104/><W63/><G113/><T58/><REACH who="0" step="1"/><D101/><REACH who="0" ten="244,276,369,101" step="2"/><U82/><E114/><V9/><F84/><W30/><G32/><T94/><D94/><U11/><E11/><AGARI ba="2,1" hai="11,15,18,42,46,48,51,53,58,83,86,89,97,98" machi="11" ten="30,3900,0" yaku="1,1,7,1,8,1,53,0" doraHai="31" doraHaiUra="96" who="0" fromWho="1" sc="244,55,276,-45,369,0,101,0" /><INIT seed="3,0,0,0,2,69" ten="299,231,369,101" oya="3" hai0="12,103,117,24,86,20,120,33,81,32,6,93,40" hai1="52,83,90,42,19,73,102,43,64,8,113,35,25" hai2="15,101,125,54,118,109,131,105,27,76,71,124,7" hai3="94,97,29,34,87,70,80,61,78,126,65,133,66"/><W75/><G126/><T111/><D111/><U60/><E113/><V115/><F54/><W135/><G66/><T67/><D120/><U48/><E102/><V130/><F15/><W74/><G34/><T41/><D117/><U44/><E35/><V107/><F27/><W85/><G29/><T114/><D114/><U91/><E73/><V36/><F101/><W100/><REACH who="3" step="1"/><G75/><REACH who="3" ten="299,231,369,91" step="2"/><T79/><D67/><U4/><E64/><V16/><F125/><W112/><G112/><T106/><D33/><U51/><E4/><V77/><F7/><W37/><G37/><T13/><D32/><U99/><E19/><V132/><F36/><W128/><G128/><T96/><D6/><U59/><E25/><V10/><F124/><W57/><G57/><T31/><D106/><U56/><E56/><V62/><F130/><W63/><G63/><T38/><D38/><U22/><E60/><V84/><F62/><W9/><G9/><T11/><D11/><U68/><E8/><V2/><F131/><W28/><G28/><T1/><D1/><U23/><E59/><V58/><F58/><W14/><G14/><AGARI ba="0,1" hai="12,13,14,20,24,31,40,41,79,81,86,93,96,103" machi="14" ten="40,1300,0" yaku="8,1" doraHai="69" who="0" fromWho="3" sc="299,23,231,0,369,0,91,-13" /><INIT seed="4,0,0,1,1,31" ten="322,231,369,78" oya="0" hai0="80,104,95,11,2,13,84,85,39,125,78,50,98" hai1="131,33,75,7,90,46,23,21,108,127,91,56,114" hai2="35,99,119,55,54,34,10,86,69,24,5,6,110" hai3="111,107,113,129,29,126,40,42,109,44,17,79,57"/><T4/><D125/><U58/><E108/><V93/><F69/><W52/><G107/><T74/><D39/><U132/><E127/><V134/><F119/><W27/><G126/><T68/><D68/><U89/><E131/><V106/><F110/><W128/><G79/><T82/><D104/><U38/><E75/><V26/><F106/><W45/><G17/><T53/><D2/><U32/><E132/><V15/><F86/><W12/><G12/><T121/><D121/><U94/><E94/><V123/><F123/><W76/><G76/><T71/><D71/><U48/><E7/><V59/><F55/><W18/><G18/><T3/><D3/><U37/><E114/><V14/><F26/><W30/><G27/><T43/><D43/><U96/><E96/><V103/><F24/><W22/><G22/><N who="1" m="8202" /><E48/><V77/><F77/><W49/><G30/><T88/><REACH who="0" step="1"/><D82/><REACH who="0" ten="312,231,369,78" step="2"/><U130/><E130/><N who="3" m="50282" /><G113/><T67/><D67/><U25/><E38/><V62/><F134/><W16/><G29/><T112/><D112/><U51/><E37/><V66/><F66/><W63/><G16/><T1/><D1/><U122/><E122/><V133/><F133/><W20/><G20/><T102/><D102/><U100/><E100/><V105/><F105/><W97/><G97/><T72/><D72/><U36/><E36/><AGARI ba="0,1" hai="36,40,42,44,45,49,52,57,63,109,111" m="50282" machi="36" ten="30,7700,0" yaku="19,1,34,2,54,1" doraHai="31" who="3" fromWho="1" sc="312,0,231,-77,369,0,78,87" /><INIT seed="5,0,0,0,5,99" ten="312,154,369,165" oya="1" hai0="120,81,40,35,7,2,11,123,19,42,74,31,102" hai1="122,61,125,36,44,47,32,86,135,71,126,83,91" hai2="23,134,68,80,54,131,108,17,6,25,38,112,0" hai3="121,4,3,124,129,8,58,21,9,105,84,52,53"/><U77/><E122/><N who="0" m="46633" /><D102/><U92/><E135/><V127/><F108/><W20/><G121/><T87/><D74/><U119/><E119/><V115/><F68/><W66/><G129/><T39/><D39/><U95/><E32/><V60/><F38/><W73/><G73/><T15/><D31/><U118/><E118/><V78/><F131/><W59/><G66/><T62/><D62/><U97/><E71/><V46/><F134/><W106/><G84/><T29/><D29/><U48/><E61/><V24/><F127/><N who="1" m="48649" /><E36/><V57/><F46/><W113/><G124/><T55/><D55/><U5/><E5/><V75/><F0/><W70/><G70/><T76/><D35/><U130/><E130/><V43/><F6/><W72/><G4/><T34/><D34/><U89/><E48/><V28/><REACH who="2" step="1"/><F43/><REACH who="2" ten="312,154,359,165" step="2"/><W107/><G3/><T51/><D51/><U37/><E37/><V93/><F93/><W12/><G107/><T88/><D76/><U116/><E116/><V30/><F30/><W49/><G106/><T13/><D2/><U101/><E89/><V41/><F41/><W67/><G105/><T18/><D7/><U63/><E63/><V117/><F117/><W10/><G49/><T96/><D96/><AGARI ba="0,1" hai="44,47,77,83,86,91,92,95,96,97,101" m="48649" machi="96" ten="30,2900,0" yaku="18,1,52,1" doraHai="99" who="1" fromWho="0" sc="312,-29,154,39,359,0,165,0" /><INIT seed="5,1,0,5,5,64" ten="283,193,359,165" oya="1" hai0="130,77,87,89,25,5,50,72,26,96,78,36,6" hai1="125,119,131,92,116,79,39,48,113,15,7,38,86" hai2="54,32,12,84,56,53,88,28,123,34,24,71,42" hai3="91,98,126,107,43,22,127,82,112,109,97,103,106"/><U111/><E113/><V94/><F123/><W1/><G43/><T44/><D36/><U51/><E125/><N who="3" m="47626" /><G1/><T67/><D67/><U104/><E104/><N who="3" m="39978" /><G22/><T124/><D96/><N who="3" m="36969" /><G112/><T45/><D130/><U61/><E131/><V135/><F42/><W70/><G70/><T69/><D72/><U122/><E122/><V37/><F37/><W11/><G11/><T100/><D100/><U2/><E2/><V81/><F34/><W17/><G17/><T14/><D69/><U52/><E7/><N who="0" m="2569" /><D14/><U4/><E4/><V134/><F71/><W85/><G103/><T80/><D124/><U101/><E101/><V33/><F33/><W108/><AGARI ba="1,0" hai="82,85,91,108,109" m="36969,39978,47626" machi="108" ten="40,5200,0" yaku="18,1,34,2" doraHai="64" who="3" fromWho="3" sc="283,-14,193,-27,359,-14,165,55" /><INIT seed="6,0,0,2,0,30" ten="269,166,345,220" oya="2" hai0="25,105,124,14,26,80,78,77,70,102,103,4,29" hai1="39,10,89,123,82,64,76,31,122,50,66,33,17" hai2="92,81,97,94,46,58,90,59,74,15,3,53,63" hai3="86,48,112,126,45,18,35,21,115,56,132,108,83"/><V111/><F111/><W6/><G108/><T0/><D70/><U75/><E39/><V27/><F3/><W55/><G6/><T85/><D105/><U60/><E66/><V40/><F15/><W88/><G132/><T118/><D118/><U36/><E36/><V100/><F74/><W16/><G35/><T19/><D124/><U52/><E89/><V79/><F27/><W131/><G131/><T34/><D26/><U28/><E17/><V43/><F46/><W42/><G126/><T119/><D119/><U99/><E10/><V1/><F1/><W96/><G96/><T61/><D61/><U121/><E99/><V87/><REACH who="2" step="1"/><F59/><REACH who="2" ten="269,166,335,220" step="2"/><W9/><G9/><T51/><D0/><U20/><E33/><V54/><F54/><W67/><G67/><T84/><D14/><U23/><E23/><V128/><F128/><W47/><G47/><T125/><D25/><U117/><E20/><V7/><F7/><W12/><REACH who="3" step="1"/><G18/><REACH who="3" ten="269,166,335,210" step="2"/><T41/><D19/><U98/><E117/><V8/><F8/><W135/><G135/><T133/><D4/><U13/><E122/><V129/><F129/><W93/><G93/><T113/><D133/><U95/><E121/><V106/><F106/><W5/><G5/><T37/><D125/><U69/><E123/><V11/><F11/><W130/><G130/><T2/><D113/><U71/><E71/><V101/><F101/><W134/><G134/><T104/><D103/><U57/><E13/><V38/><F38/><AGARI ba="0,2" hai="12,16,21,38,42,45,48,55,56,83,86,88,112,115" machi="38" ten="40,5200,0" yaku="1,1,54,2,53,0" doraHai="30" doraHaiUra="73" who="3" fromWho="2" sc="269,0,166,0,335,-52,210,72" /><INIT seed="7,0,0,1,0,104" ten="269,166,283,282" oya="3" hai0="134,75,43,106,100,135,80,55,85,102,74,58,112" hai1="31,2,60,6,13,93,73,35,22,42,111,103,81" hai2="99,54,78,91,32,114,105,84,49,118,70,52,24" hai3="64,87,132,21,83,110,68,92,122,65,10,98,63"/><W62/><G122/><T16/><D43/><U57/><E111/><V29/><F118/><W76/><G110/><T72/><D106/><U37/><E37/><V4/><F70/><W77/><G132/><N who="0" m="50731" /><D16/><U14/><E42/><V46/><F114/><W95/><G77/><N who="0" m="46223" /><D112/><U44/><E35/><V18/><F4/><W66/><G10/><T125/><D125/><U129/><E129/><V126/><F126/><W9/><G9/><T41/><D41/><U17/><E2/><V25/><F78/><W127/><G127/><T113/><D113/><U69/><E6/><V82/><F54/><W71/><G66/><T45/><D45/><U108/><E108/><V30/><F18/><W67/><G67/><T109/><D109/><U1/><E1/><V28/><REACH who="2" step="1"/><F32/><REACH who="2" ten="269,166,273,282" step="2"/><W130/><G130/><T33/><D33/><U94/><E31/><V79/><F79/><W8/><G8/><T11/><D11/><U15/><E69/><V23/><F23/><W0/><G0/><T86/><D86/><U3/><E3/><V97/><F97/><W119/><G119/><T56/><D56/><U36/><E36/><V88/><F88/><W27/><G98/><T20/><D20/><U61/><E44/><V19/><F19/><AGARI ba="0,1" hai="19,21,27,62,63,64,65,68,71,76,83,87,92,95" machi="19" ten="30,2900,0" yaku="7,1,9,1" doraHai="104" who="3" fromWho="2" sc="269,0,166,0,273,-29,282,39" owari="269,6.9,166,-33.4,244,-15.6,321,42.1" /></mjloggm>