<mjloggm ver="2.3"><GO type="41" lobby="0"/><UN n0="%E3%81%8A%E3%81%95%E3%81%A3%E3%81%A1%E3%82%87" n1="%E3%82%86%E3%81%A5%E3%81%8D%E3%81%82%E3%82%84%E3%81%AA" n2="%E2%93%9D%4C%75%63%6B%79%4A" n3="%72%79%75%31%39%36%33" dan="15,14,18,15" rate="1987.45,1846.52,2174.35,2007.18" sx="M,F,M,M"/><TAIKYOKU oya="0"/><INIT seed="0,0,0,1,1,37" ten="250,250,250,250" oya="0" hai0="55,113,121,131,122,98,12,109,71,119,40,48,26" hai1="63,42,58,74,34,51,117,91,83,22,77,78,30" hai2="87,50,76,115,23,46,126,120,59,111,88,24,73" hai3="31,103,52,29,19,28,89,96,104,5,129,123,127"/><T75/><D75/><U99/><E77/><V72/><F115/><W82/><G123/><T107/><D107/><U16/><E34/><V108/><F59/><W39/><G39/><T32/><D98/><U60/><E30/><V124/><F120/><W90/><G127/><N who="2" m="48681" /><F23/><W13/><G129/><T62/><D12/><U54/><E117/><V80/><F24/><W79/><G5/><T10/><D26/><U0/><E0/><V114/><F114/><W9/><REACH who="3" step="1"/><G52/><REACH who="3" ten="250,250,250,240" step="2"/><T35/><D55/><U15/><REACH who="1" step="1"/><E42/><REACH who="1" ten="250,240,250,240" step="2"/><N who="2" m="24919" /><F73/><AGARI ba="0,2" hai="9,13,19,28,29,31,73,79,82,89,90,96,103,104" machi="73" ten="40,1300,0" yaku="1,1,53,0" doraHai="37" doraHaiUra="125" who="3" fromWho="2" sc="250,0,240,0,250,-13,240,33" /><INIT seed="1,0,0,1,5,132" ten="250,240,237,273" oya="1" hai0="12,101,107,116,75,13,102,124,88,34,1,108,97" hai1="109,80,126,123,105,18,122,63,7,71,115,118,11" hai2="17,74,39,47,40,46,128,60,67,3,96,35,25" hai3="72,117,77,16,84,52,95,129,90,125,0,48,64"/><U57/><E115/><V81/><F128/><W15/><G117/><T43/><D116/><U104/><E118/><V8/><F47/><W6/><G129/><T130/><D1/><U106/><E71/><V78/><F96/><W70/><G125/><T50/><D130/><U51/><E126/><V134/><F134/><W103/><G103/><T36/><D34/><U135/><E135/><V83/><F83/><W19/><G0/><T127/><D36/><U2/><E80/><V66/><F60/><W10/><G72/><T76/><D43/><U21/><E51/><V42/><F42/><W121/><G121/><T79/><D50/><U69/><E69/><V119/><F119/><W58/><REACH who="3" step="1"/><G77/><REACH who="3" ten="250,240,237,263" step="2"/><T37/><D75/><U5/><E123/><V24/><F3/><W30/><G30/><T91/><D108/><U99/><E122/><V85/><F74/><W114/><G114/><T29/><D107/><U62/><E109/><V120/><F120/><W14/><G14/><T82/><D29/><U22/><E106/><V89/><F78/><W54/><G54/><T113/><D113/><U86/><E105/><V20/><F25/><W56/><G56/><T55/><D55/><U53/><E104/><V49/><F24/><W93/><G93/><T44/><D82/><U59/><E53/><V131/><F131/><W100/><G100/><T98/><D44/><U26/><E59/><V87/><F46/><W133/><G133/><T92/><D92/><U94/><E57/><V4/><F81/><W33/><G33/><T73/><D73/><U110/><E94/><V65/><F35/><RYUUKYOKU ba="0,1" sc="250,15,240,-15,237,-15,263,15" hai0="12,13,37,76,79,88,91,97,98,101,102,124,127" hai3="6,10,15,16,19,48,52,58,64,70,84,90,95" /><INIT seed="2,1,1,2,3,76" ten="265,225,222,278" oya="2" hai0="131,6,101,71,92,52,11,78,53,120,36,63,51" hai1="88,122,5,29,64,113,55,126,83,135,105,7,3" hai2="44,48,38,132,16,124,130,129,45,15,67,125,0" hai3="81,9,97,77,102,8,33,106,50,100,91,80,115"/><V79/><F0/><W18/><G33/><T114/><D114/><U49/><E113/><V134/><F67/><W17/><G115/><T34/><D120/><U107/><E126/><N who="2" m="48747" /><F79/><W86/><G102/><T10/><D34/><U89/><E135/><N who="2" m="51755" /><F38/><W98/><G97/><T23/><D36/><U108/><E64/><V56/><F56/><W65/><G65/><T85/><D71/><U32/><E3/><V93/><F93/><W84/><G50/><T118/><D118/><U96/><E49/><V39/><F39/><W54/><G54/><T21/><D51/><U46/><E55/><N who="2" m="30095" /><F44/><W112/><G112/><T74/><D92/><U109/><E46/><V24/><F24/><W121/><G121/><T30/><D78/><U2/><E122/><V14/><F15/><W25/><G25/><T13/><D13/><U22/><E2/><V35/><F35/><W1/><REACH who="3" step="1"/><G1/><REACH who="3" ten="265,225,222,268" step="2"/><T60/><D30/><U61/><E29/><V133/><N who="2" m="51763" /><V69/><DORA hai="73" /><F69/><W31/><G31/><T47/><D101/><U27/><E32/><V127/><N who="2" m="48755" /><V90/><DORA hai="116" /><F90/><W41/><G41/><T95/><D47/><U99/><E88/><V57/><F57/><W20/><G20/><AGARI ba="1,2" hai="14,16,20,129,130" m="30095,51763,48755" machi="20" ten="60,12000,1" yaku="30,2,18,1,20,1,54,1" doraHai="76,73,116" who="2" fromWho="3" sc="265,0,225,0,222,143,268,-123" /><INIT seed="2,2,0,3,1,105" ten="265,225,365,145" oya="2" hai0="66,11,31,103,33,83,130,67,44,58,24,106,16" hai1="135,131,60,81,123,100,49,14,56,9,48,95,113" hai2="34,23,104,109,88,43,133,63,72,121,68,120,94" hai3="77,134,52,13,96,19,79,10,126,32,25,76,124"/><V93/><F34/><W27/><G134/><T51/><D130/><U40/><E113/><V127/><F43/><W17/><G96/><T57/><D103/><U55/><E131/><V38/><F38/><W62/><G32/><T26/><D106/><U98/><E135/><V90/><F68/><W75/><G19/><T47/><D83/><U29/><E123/><V82/><F63/><W128/><G128/><T15/><D26/><U125/><E125/><N who="3" m="48234" /><G75/><T69/><D47/><U87/><E40/><V85/><F127/><W86/><G86/><T54/><REACH who="0" step="1"/><D69/><REACH who="0" ten="255,225,365,145" step="2"/><U108/><E108/><V18/><F109/><W5/><G5/><T12/><D12/><U112/><E112/><V89/><F133/><W61/><G27/><T92/><D92/><U97/><E95/><V50/><F94/><W80/><G25/><T22/><D22/><U45/><E100/><V74/><F104/><W6/><G80/><T39/><D39/><U4/><E45/><V118/><F93/><W7/><G6/><T30/><D30/><U28/><E28/><V65/><F82/><W122/><G7/><T115/><D115/><U41/><E29/><V0/><F23/><W119/><G122/><T36/><D36/><U132/><E132/><V117/><F121/><W64/><G64/><AGARI ba="2,1" hai="11,15,16,24,31,33,44,51,54,57,58,64,66,67" machi="64" ten="40,2600,0" yaku="1,1,54,1,53,0" doraHai="105" doraHaiUra="101" who="0" fromWho="3" sc="255,42,225,0,365,0,145,-32" /><INIT seed="3,0,0,0,1,86" ten="297,225,365,113" oya="3" hai0="53,87,94,38,9,0,63,67,28,14,46,43,2" hai1="5,33,100,26,31,101,37,74,55,12,88,118,82" hai2="68,73,15,16,24,135,34,120,25,84,126,7,13" hai3="99,121,58,70,128,106,32,80,30,3,23,1,90"/><W65/><G121/><T49/><D28/><U91/><E37/><V133/><F73/><W64/><G58/><T127/><D127/><U35/><E35/><V47/><F68/><W108/><G23/><T41/><D2/><U125/><E125/><V109/><F84/><W59/><G59/><T77/><D0/><U44/><E118/><V36/><F109/><W8/><G108/><T21/><D21/><U111/><E111/><V27/><F36/><W104/><G64/><T123/><D123/><U98/><E101/><V62/><F47/><W131/><G8/><T29/><D29/><U22/><E74/><V75/><F75/><W79/><G106/><T105/><D105/><U51/><E82/><V85/><F85/><N who="3" m="50471" /><G79/><T56/><D38/><U71/><E71/><V92/><F126/><W17/><G17/><T69/><D69/><U4/><E33/><V10/><F62/><N who="3" m="40247" /><G131/><T60/><D60/><U122/><E122/><V102/><F120/><W54/><G54/><T48/><D48/><U93/><E4/><V130/><F130/><W95/><G95/><T107/><D107/><U40/><E55/><V78/><F78/><W96/><G96/><T45/><D45/><U134/><E134/><V42/><F135/><W119/><G119/><T6/><D77/><U76/><E76/><V110/><F110/><W57/><G57/><T113/><D113/><U72/><E72/><V117/><F117/><W61/><G61/><T11/><D9/><AGARI ba="0,0" hai="5,9,12,22,26,31,40,44,51,88,91,93,98,100" machi="9" ten="40,8000,1" yaku="8,1,52,2,54,1" doraHai="86" who="1" fromWho="0" sc="297,-80,225,80,365,0,113,0" /><INIT seed="4,0,0,3,1,14" ten="217,305,365,113" oya="0" hai0="28,41,36,32,16,70,74,82,66,103,94,119,131" hai1="105,85,2,1,133,30,23,106,118,102,53,77,26" hai2="112,60,57,39,20,65,6,22,21,97,0,109,33" hai3="134,87,78,114,95,128,86,92,124,47,126,43,132"/><T58/><D119/><U31/><E118/><V121/><F121/><W46/><G43/><T111/><D70/><U88/><E133/><N who="3" m="51306" /><G78/><T116/><D116/><U8/><E77/><V83/><F33/><W68/><G68/><T91/><D103/><U93/><E31/><V135/><F109/><W120/><G46/><T9/><D131/><U49/><E102/><V69/><F112/><W104/><G104/><T18/><D111/><U59/><E1/><V12/><F0/><W56/><G56/><T54/><D66/><U10/><REACH who="1" step="1"/><E2/><REACH who="1" ten="217,295,365,113" step="2"/><V67/><F135/><W123/><G114/><T130/><D130/><U51/><E51/><V84/><F39/><W61/><G61/><T127/><D127/><N who="3" m="48681" /><G47/><T107/><D107/><AGARI ba="0,1" hai="8,10,23,26,30,49,53,59,85,88,93,105,106,107" machi="107" ten="40,5200,0" yaku="1,1,54,1,53,1" doraHai="14" doraHaiUra="24" who="1" fromWho="0" sc="217,-52,295,62,365,0,113,0" /><INIT seed="5,0,0,4,5,69" ten="165,357,365,113" oya="1" hai0="130,10,1,57,70,132,124,126,51,21,117,52,91" hai1="129,68,19,59,8,15,120,76,88,98,14,64,84" hai2="47,12,56,54,78,7,112,43,9,5,17,48,23" hai3="107,31,128,133,62,99,6,113,89,109,85,27,38"/><U127/><E120/><V33/><F33/><W135/><G109/><T0/><D117/><U87/><E127/><N who="0" m="48681" /><D70/><U39/><E129/><V123/><F123/><W83/><G128/><T125/><N who="0" m="48689" /><T111/><DORA hai="37" /><D111/><U121/><E68/><V58/><F112/><W74/><G113/><T13/><D130/><U55/><E64/><V53/><F78/><W28/><G6/><N who="0" m="3287" /><D132/><N who="3" m="50761" /><G62/><T105/><D105/><U116/><E39/><V104/><F104/><W2/><G2/><N who="0" m="1131" /><D21/><N who="1" m="11511" /><E116/><V75/><F75/><W29/><G74/><T67/><D67/><U44/><E44/><V96/><F96/><W16/><G107/><T60/><D91/><U42/><E42/><V92/><F43/><W119/><G99/><T80/><D80/><N who="1" m="47111" /><E98/><V102/><F47/><W94/><G119/><T25/><D25/><U3/><E3/><V11/><F7/><W82/><G38/><T77/><D77/><U72/><E72/><V63/><F5/><W97/><G97/><T65/><D65/><U46/><E121/><V81/><F81/><W100/><G100/><T110/><D110/><U35/><E46/><V71/><F71/><W106/><G106/><T22/><D22/><AGARI ba="0,0" hai="16,22,27,28,29,31,82,83,85,89,94" m="50761" machi="22" ten="30,2000,0" yaku="20,1,54,1" doraHai="69,37" who="3" fromWho="0" sc="165,-20,357,0,365,0,113,20" /><INIT seed="6,0,0,0,0,110" ten="145,357,365,133" oya="2" hai0="122,23,16,6,96,67,81,25,49,115,101,85,106" hai1="76,3,12,31,64,47,129,84,123,22,71,42,44" hai2="11,38,94,83,52,131,60,4,43,116,36,133,30" hai3="28,2,78,29,46,99,72,73,89,98,109,70,114"/><V65/><F116/><W82/><G109/><T27/><D122/><U33/><E129/><V135/><F30/><W105/><G70/><T59/><D6/><U91/><E76/><V14/><F43/><W102/><G29/><T15/><D115/><U19/><E47/><V112/><F94/><N who="3" m="56655" /><G2/><T54/><REACH who="0" step="1"/><D67/><REACH who="0" ten="135,357,365,133" step="2"/><U17/><E64/><V113/><F65/><W50/><G114/><N who="2" m="44137" /><F131/><W56/><G28/><T124/><D124/><U75/><E31/><V120/><F120/><W9/><G9/><T0/><D0/><U1/><E1/><V51/><F60/><W41/><G56/><T103/><D103/><U117/><E123/><V127/><F127/><W37/><G50/><T26/><D26/><U13/><E117/><V35/><F35/><W21/><G21/><T24/><D24/><U62/><E22/><V55/><F135/><W34/><G34/><T8/><D8/><U68/><E33/><V132/><F133/><W111/><G111/><T5/><D5/><U104/><E3/><V77/><F132/><W108/><G108/><T32/><D32/><U58/><E58/><N who="2" m="33151" /><F52/><W10/><G10/><T18/><D18/><U45/><E19/><V80/><F77/><AGARI ba="0,1" hai="15,16,23,25,27,49,54,59,77,81,85,96,101,106" machi="77" ten="30,7700,0" yaku="1,1,7,1,54,1,53,1" doraHai="110" doraHaiUra="74" who="0" fromWho="2" sc="135,87,357,0,365,-77,133,0" /><INIT seed="7,0,0,4,1,7" ten="222,357,288,133" oya="3" hai0="33,15,32,50,75,123,120,90,5,21,37,2,39" hai1="9,98,20,23,109,89,51,42,44,95,61,91,88" hai2="117,110,119,99,45,53,85,54,87,16,58,35,132" hai3="52,71,84,76,82,77,27,129,97,10,134,6,105"/><W101/><G129/><T62/><D75/><U66/><E109/><V107/><F35/><W26/><G134/><T114/><D2/><U94/><E9/><V131/><F110/><W25/><G71/><T57/><D114/><U135/><E135/><V60/><F132/><W41/><G41/><T78/><D78/><U11/><E11/><V49/><F131/><W64/><G64/><T124/><D124/><U116/><E116/><V113/><F113/><W130/><G130/><T63/><D50/><U112/><E112/><V70/><F70/><W100/><G100/><T118/><D5/><U31/><E91/><V79/><F79/><W93/><G76/><T74/><D74/><U68/><E31/><V8/><F107/><W121/><G121/><T106/><D106/><U12/><E12/><N who="2" m="7175" /><F119/><W46/><G105/><T59/><D15/><U18/><E18/><V115/><F117/><W108/><G108/><T24/><D118/><U30/><E30/><V0/><F0/><W14/><REACH who="3" step="1"/><G27/><REACH who="3" ten="222,357,288,123" step="2"/><T65/><D24/><U122/><E122/><V125/><F115/><W48/><AGARI ba="0,1" hai="6,10,14,25,26,46,48,52,77,82,84,93,97,101" machi="48" ten="30,18000,2" yaku="1,1,2,1,0,1,8,1,52,1,54,1,53,0" doraHai="7" doraHaiUra="133" who="3" fromWho="3" sc="222,-60,357,-60,288,-60,123,190" owari="162,-33.8,297,9.7,228,-17.2,313,41.3" /></mjloggm>