<mjloggm ver="2.3"><GO type="41" lobby="0"/><UN n0="%E2%93%9D%4C%75%63%6B%79%4A" n1="%E3%82%B5%E3%83%96%E3%82%A2%E3%83%A9%E3%83%89" n2="%61%61%73%73%64%64%66%66" n3="%E7%B4%AC%E3%83%B4%E3%82%A7%E3%83%B3%E3%83%80%E3%83%BC%E3%82%B9" dan="17,15,13,15" rate="2147.27,2000.10,1817.32,2048.72" sx="M,M,M,M"/><TAIKYOKU oya="0"/><INIT seed="0,0,0,5,0,42" ten="250,250,250,250" oya="0" hai0="68,100,90,4,66,43,76,105,15,99,104,46,54" hai1="5,6,13,11,83,92,63,84,57,58,101,21,18" hai2="34,108,59,50,47,14,19,77,44,82,49,53,134" hai3="55,3,40,23,67,123,121,81,109,87,45,25,91"/><T85/><D105/><U51/><E5/><V64/><F34/><W106/><G109/><T17/><D76/><U132/><E132/><V103/><F108/><W26/><G3/><T78/><D78/><U62/><E101/><V118/><F134/><W95/><G106/><T107/><D107/><U73/><E73/><V114/><F118/><W113/><G113/><T79/><D79/><U48/><E92/><V126/><F114/><W24/><G67/><T32/><D32/><U22/><E22/><V29/><F29/><W8/><G8/><T1/><D54/><U131/><E131/><V122/><F126/><W96/><G55/><T116/><D116/><U0/><E84/><N who="2" m="48207" /><F122/><W38/><REACH who="3" step="1"/><G23/><REACH who="3" ten="250,250,250,240" step="2"/><T16/><D1/><U80/><E63/><N who="2" m="36335" /><F64/><W65/><G65/><T27/><D66/><U20/><E62/><V97/><F103/><AGARI ba="0,1" hai="24,25,26,38,40,45,81,87,91,95,96,103,121,123" machi="103" ten="40,2600,0" yaku="1,1,52,1,53,0" doraHai="42" doraHaiUra="72" who="3" fromWho="2" sc="250,0,250,0,250,-26,240,36" /><INIT seed="1,0,0,3,0,23" ten="250,250,224,276" oya="1" hai0="110,25,88,2,126,29,65,45,81,37,24,11,135" hai1="44,79,58,78,77,70,91,47,42,30,94,107,20" hai2="133,93,4,127,31,96,57,99,22,82,60,1,100" hai3="122,129,131,68,76,112,80,17,19,117,46,21,53"/><U98/><E107/><V26/><F127/><W61/><G122/><T116/><D116/><U0/><E0/><V36/><F133/><W85/><G112/><T111/><D65/><U83/><E70/><V34/><F36/><W63/><G117/><T119/><D119/><U89/><E58/><V3/><F34/><W121/><G121/><T73/><D29/><U66/><E66/><V72/><F4/><W92/><G68/><T130/><D130/><N who="3" m="49673" /><G92/><T102/><D102/><U10/><E10/><V38/><F38/><W28/><G28/><T59/><D59/><U62/><E62/><N who="3" m="23562" /><G21/><T101/><D101/><U108/><E108/><N who="0" m="41513" /><D126/><U132/><E132/><V13/><F13/><W114/><G114/><T123/><D123/><U6/><E6/><V51/><F51/><AGARI ba="0,0" hai="17,19,46,51,53,76,80,85" m="23562,49673" machi="51" ten="30,1000,0" yaku="19,1" doraHai="23" who="3" fromWho="2" sc="250,0,250,0,224,-10,276,10" /><INIT seed="2,0,0,5,5,63" ten="250,250,214,286" oya="2" hai0="134,41,93,89,49,3,91,2,106,125,113,8,75" hai1="64,15,28,61,66,7,114,78,98,10,40,24,34" hai2="65,104,112,135,59,80,92,30,32,88,14,118,22" hai3="107,43,20,121,47,35,102,62,27,39,129,0,83"/><V25/><F104/><W17/><G121/><T79/><D113/><U84/><E114/><V44/><F112/><W103/><G129/><T48/><D106/><U131/><E61/><V57/><F80/><W115/><G115/><T110/><D125/><U95/><E131/><V72/><F72/><W132/><G132/><T119/><D41/><U90/><E40/><V31/><F118/><W133/><G133/><T26/><D26/><U45/><E45/><V85/><F135/><W76/><G107/><T54/><D8/><U99/><E99/><V128/><F128/><W12/><G0/><T97/><D110/><U50/><E50/><V6/><F31/><W130/><G130/><T111/><D111/><U23/><E34/><V117/><F117/><W1/><G1/><T127/><D127/><U18/><E28/><V70/><F44/><W105/><G105/><T38/><D38/><U86/><E78/><V16/><REACH who="2" step="1"/><F6/><REACH who="2" ten="250,250,204,286" step="2"/><W77/><G83/><T56/><D119/><U74/><E74/><V19/><F19/><W58/><G17/><T52/><D134/><U60/><E60/><AGARI ba="0,1" hai="14,16,22,25,30,32,57,59,60,65,70,85,88,92" machi="60" ten="40,12000,1" yaku="1,1,52,1,54,2,53,1" doraHai="63" doraHaiUra="81" who="2" fromWho="1" sc="250,0,250,-120,204,130,286,0" /><INIT seed="2,1,0,2,1,120" ten="250,130,334,286" oya="2" hai0="53,116,130,65,122,56,28,18,135,118,42,107,11" hai1="21,128,48,54,33,35,83,121,24,126,74,1,125" hai2="110,68,99,105,57,79,96,55,131,87,82,39,36" hai3="62,104,94,25,12,47,102,76,23,115,80,78,95"/><V106/><F68/><W75/><G115/><T50/><D107/><U58/><E121/><V129/><F39/><W46/><G104/><N who="2" m="40041" /><F36/><W117/><G117/><N who="0" m="45163" /><D28/><U88/><E1/><V20/><F20/><W37/><G78/><T111/><D122/><U77/><E128/><N who="2" m="49227" /><F110/><W133/><G133/><T38/><D130/><U98/><E35/><V86/><F86/><W134/><G134/><T73/><D135/><U85/><E33/><V123/><F123/><W70/><G12/><N who="0" m="7455" /><D65/><U84/><E21/><V26/><F26/><W114/><G114/><T3/><D3/><U17/><E17/><V34/><F34/><W52/><G37/><T127/><D38/><U91/><E24/><V7/><F7/><W5/><G5/><T72/><D42/><U31/><E31/><V2/><F2/><W132/><G132/><T92/><D111/><U15/><E15/><V49/><AGARI ba="1,0" hai="49,55,57,79,82,87,96,99" m="49227,40041" machi="49" ten="30,1500,0" yaku="19,1" doraHai="120" who="2" fromWho="2" sc="250,-6,130,-6,334,18,286,-6" /><INIT seed="2,2,0,3,4,69" ten="244,124,352,280" oya="2" hai0="73,22,63,8,113,10,9,85,66,3,33,47,42" hai1="46,60,98,97,123,126,43,124,106,111,39,38,125" hai2="16,131,127,35,120,93,29,18,94,99,25,134,72" hai3="96,0,114,100,84,20,107,37,34,95,49,64,102"/><V82/><F120/><W90/><G34/><T71/><D113/><U15/><E123/><V74/><F131/><W56/><G0/><T26/><D73/><U130/><E130/><V41/><F134/><W6/><G114/><T112/><D112/><U48/><E111/><V52/><F127/><W53/><G6/><T75/><D75/><U40/><E40/><V83/><F41/><W1/><G1/><T32/><D85/><U132/><E132/><V81/><F74/><W31/><G102/><T12/><D12/><U21/><E60/><V45/><F72/><W109/><G109/><T135/><D3/><U116/><E116/><V51/><REACH who="2" step="1"/><F94/><REACH who="2" ten="244,124,342,280" step="2"/><W61/><G95/><T103/><D135/><U36/><E106/><V86/><F86/><W65/><G84/><T118/><D118/><U68/><E68/><V59/><F59/><W91/><G56/><T44/><D47/><U4/><REACH who="1" step="1"/><E21/><REACH who="1" ten="244,114,342,280" step="2"/><V57/><F57/><W14/><G20/><T88/><D22/><U24/><E24/><V19/><F19/><W115/><G107/><T17/><D17/><U92/><E92/><V58/><F58/><W11/><G115/><T121/><D121/><U108/><E108/><V2/><F2/><W110/><G110/><T119/><D119/><U50/><E50/><V101/><AGARI ba="2,2" hai="16,18,25,29,35,45,51,52,81,82,83,93,99,101" machi="101" ten="30,12000,1" yaku="1,1,0,1,54,2,53,1" doraHai="69" doraHaiUra="27" who="2" fromWho="2" sc="244,-42,114,-42,342,146,280,-42" /><INIT seed="2,3,0,3,1,39" ten="202,72,488,238" oya="2" hai0="1,2,90,74,93,131,11,3,72,98,40,42,129" hai1="23,53,87,78,85,111,100,83,47,49,58,18,5" hai2="112,80,73,135,50,125,128,82,79,9,70,126,24" hai3="120,6,32,37,91,118,89,123,102,119,62,52,66"/><V109/><F70/><W22/><G32/><T97/><D11/><U28/><E111/><V122/><F122/><W29/><G102/><T46/><D46/><U104/><E100/><V81/><F112/><W106/><G106/><T94/><D3/><U64/><E104/><V132/><F24/><W116/><G37/><T124/><D90/><U38/><E38/><V77/><F9/><W13/><G6/><T71/><D71/><U36/><E36/><V0/><F50/><W12/><G66/><T41/><D42/><U114/><E114/><V99/><F0/><W117/><G117/><T121/><REACH who="0" step="1"/><D124/><REACH who="0" ten="192,72,488,238" step="2"/><N who="2" m="47722" /><F109/><W65/><G119/><T67/><D67/><U7/><E7/><V96/><F73/><W115/><G65/><T10/><D10/><U133/><E5/><V86/><F86/><W17/><G116/><T61/><D61/><U48/><E87/><V88/><F79/><W68/><G62/><T95/><D95/><U4/><E4/><V21/><F77/><W134/><G68/><T34/><D34/><U113/><E113/><V43/><F43/><W51/><G115/><T76/><D76/><U20/><E64/><V31/><F88/><W60/><G91/><T59/><D59/><U19/><E78/><V101/><F101/><W92/><G89/><T55/><D55/><U127/><E53/><V25/><F99/><W33/><G118/><T27/><D27/><U57/><E85/><V26/><F26/><W110/><G33/><T130/><D130/><U69/><E127/><V56/><F96/><W75/><G75/><T54/><D54/><U107/><E69/><RYUUKYOKU ba="3,1" sc="192,30,72,-10,488,-10,238,-10" hai0="1,2,40,41,72,74,93,94,97,98,121,129,131" /><INIT seed="3,4,1,0,0,58" ten="222,62,478,228" oya="3" hai0="127,98,110,62,126,14,64,70,3,41,51,133,47" hai1="85,6,1,99,69,50,5,30,119,55,108,9,68" hai2="120,28,84,0,27,67,45,56,90,7,65,96,26" hai3="76,122,109,107,8,71,21,118,66,113,16,17,102"/><W22/><G118/><T38/><D3/><U11/><E108/><V77/><F45/><W46/><G113/><T130/><D14/><U25/><E99/><V82/><F120/><W114/><G114/><T49/><D110/><U123/><E85/><V44/><F7/><W88/><G122/><T10/><D10/><U94/><E94/><V111/><F0/><W131/><G131/><T52/><D133/><U24/><E24/><V103/><F44/><W134/><G109/><T33/><D33/><U106/><E106/><V101/><F111/><W128/><G128/><T75/><D75/><U104/><E104/><V78/><F27/><W19/><G76/><T93/><D130/><U105/><E105/><V73/><F78/><W23/><G134/><T91/><D51/><U4/><E119/><V37/><F37/><W72/><G72/><T43/><REACH who="0" step="1"/><D38/><REACH who="0" ten="212,62,478,228" step="2"/><U42/><E123/><V29/><F73/><W112/><G112/><T92/><D92/><U87/><E1/><V125/><F26/><W34/><G34/><T2/><D2/><U31/><E25/><V54/><F29/><W129/><G129/><T97/><D97/><U63/><E31/><V83/><F28/><W115/><G115/><T57/><D57/><U80/><E30/><V39/><F96/><W35/><G35/><T48/><D48/><U100/><E50/><V89/><F39/><W124/><G8/><T32/><D32/><U59/><E11/><V15/><F15/><W60/><G107/><T79/><D79/><U61/><E9/><V36/><F36/><W40/><G21/><T81/><D81/><RYUUKYOKU ba="4,2" sc="212,30,62,-10,478,-10,228,-10" hai0="41,43,47,49,52,62,64,70,91,93,98,126,127" /><INIT seed="4,5,2,2,0,16" ten="242,52,468,218" oya="0" hai0="80,130,4,5,126,14,79,48,41,39,38,85,35" hai1="115,61,103,99,83,121,111,71,89,119,107,128,114" hai2="133,37,129,32,1,11,73,15,101,58,123,104,78" hai3="30,100,113,124,67,46,70,52,43,55,135,51,93"/><T96/><D35/><U90/><E71/><V20/><F101/><W28/><G113/><N who="1" m="43018" /><E61/><V122/><F78/><W59/><G135/><T8/><D126/><U25/><E25/><V34/><F58/><W31/><G124/><T125/><D130/><U13/><E13/><V91/><F91/><N who="1" m="34825" /><E119/><V92/><F15/><W75/><G75/><T9/><D125/><U12/><E12/><V23/><F73/><W77/><G77/><T106/><D9/><U2/><E2/><V87/><F1/><W29/><G70/><T118/><D5/><U22/><E22/><V6/><F6/><W81/><G81/><T108/><D118/><U60/><E60/><V57/><F11/><W65/><N who="3" m="7168" /><DORA hai="84" /><W17/><G17/><T116/><D116/><U109/><E128/><V33/><F129/><W24/><G24/><T21/><D21/><U64/><E64/><N who="3" m="24650" /><G59/><T26/><D26/><U131/><E131/><V10/><F57/><W86/><G86/><T44/><D108/><N who="1" m="41547" /><E83/><V74/><F34/><W134/><G43/><T120/><D41/><U62/><E62/><V0/><F0/><W132/><G55/><T53/><D53/><U49/><E49/><V117/><F33/><W42/><G42/><T110/><D110/><U105/><E121/><V112/><F32/><W97/><G52/><N who="0" m="29703" /><D120/><U66/><E66/><V19/><F122/><W76/><G51/><T94/><D4/><U50/><E50/><V63/><F123/><W36/><G76/><T47/><D79/><U27/><E27/><V98/><F117/><W56/><G56/><T3/><D3/><U40/><E40/><RYUUKYOKU ba="5,2" sc="242,-15,52,15,468,-15,218,15" hai1="99,103,105,107" hai3="36,46,93,97,100,132,134" /><INIT seed="5,6,2,3,1,72" ten="227,67,453,233" oya="1" hai0="114,57,75,52,132,106,22,80,81,134,119,88,105" hai1="82,93,32,123,94,126,133,112,39,101,103,24,79" hai2="91,68,122,66,70,61,21,20,89,99,85,17,111" hai3="62,76,5,104,109,74,116,53,100,18,124,15,83"/><U128/><E123/><V54/><F111/><W108/><G124/><T47/><D119/><U6/><E126/><V90/><F70/><W125/><G125/><T50/><D22/><U102/><E39/><V41/><F41/><W3/><G116/><T121/><D121/><U120/><E120/><V63/><F122/><W7/><G100/><T31/><D31/><U56/><E128/><V69/><F99/><W44/><G104/><T26/><D26/><U13/><E133/><N who="0" m="51305" /><D114/><U12/><E112/><V28/><F28/><W0/><G0/><T38/><D81/><U78/><E82/><V30/><F30/><W4/><G3/><T19/><D19/><U48/><E24/><V118/><F118/><W97/><G97/><T49/><D38/><U11/><E13/><V40/><F40/><W10/><G44/><T29/><D29/><U127/><E32/><V107/><F107/><W98/><G98/><T37/><D37/><U9/><E9/><V51/><F20/><W95/><G95/><N who="1" m="36362" /><E127/><V130/><F130/><W115/><G115/><T77/><D88/><U110/><E110/><V42/><F21/><W117/><G117/><T96/><D96/><U65/><E48/><V55/><F51/><W27/><G27/><T60/><D50/><U113/><E113/><V87/><F68/><W35/><G35/><T45/><D47/><U131/><E131/><V25/><F69/><W33/><G33/><T135/><N who="0" m="51313" /><T92/><DORA hai="23" /><D92/><U64/><E56/><V43/><F25/><W14/><G14/><T71/><D71/><U16/><E6/><V8/><F8/><RYUUKYOKU ba="6,2" sc="227,10,67,10,453,-30,233,10" hai0="45,49,52,57,60,75,77,80,105,106" hai1="11,12,16,64,65,78,79,101,102,103" hai3="4,5,7,10,15,18,53,62,74,76,83,108,109" /><INIT seed="5,7,2,2,2,41" ten="237,77,423,243" oya="1" hai0="120,35,112,103,40,38,118,98,96,72,8,46,104" hai1="70,56,133,62,30,15,105,88,48,31,60,64,76" hai2="107,89,63,80,57,68,116,130,132,124,4,13,117" hai3="28,134,61,66,37,49,135,101,22,78,111,91,52"/><U131/><E131/><V125/><F68/><W3/><G111/><T121/><D118/><U102/><E133/><N who="3" m="50698" /><G37/><T92/><D35/><U17/><E76/><V25/><F132/><W18/><G3/><T45/><D112/><U32/><E32/><V100/><F25/><W122/><G122/><N who="0" m="47211" /><D72/><U26/><E26/><V69/><F69/><W20/><G78/><T123/><N who="0" m="47219" /><T29/><DORA hai="5" /><D29/><U71/><E48/><V86/><F100/><W128/><G101/><N who="0" m="62519" /><D46/><U10/><E71/><V82/><F107/><W47/><G128/><T0/><D8/><U97/><REACH who="1" step="1"/><E88/><REACH who="1" ten="237,67,423,243" step="2"/><N who="2" m="51271" /><F130/><W59/><G91/><T9/><D9/><U90/><E90/><V95/><F89/><W114/><G114/><T44/><D45/><U50/><E50/><V51/><F51/><W24/><G47/><T27/><D27/><U119/><E119/><V129/><F117/><W74/><G49/><T113/><D113/><U81/><E81/><V43/><F82/><W65/><G74/><T14/><D14/><AGARI ba="7,3" hai="14,18,20,22,24,28,52,59,61,65,66" m="50698" machi="14" ten="30,2000,0" yaku="20,1,54,1" doraHai="41,5" who="3" fromWho="0" sc="237,-41,67,0,423,0,243,71" /><INIT seed="6,0,0,3,0,55" ten="196,67,423,314" oya="2" hai0="2,57,37,123,61,70,4,114,135,74,92,18,81" hai1="50,117,84,41,29,101,131,43,124,13,21,3,133" hai2="89,90,16,95,56,11,130,93,39,75,111,64,73" hai3="80,46,28,59,7,22,33,102,24,120,68,109,108"/><V19/><F39/><W107/><G120/><T115/><D123/><U5/><E117/><V54/><F130/><W9/><G68/><T127/><D70/><U14/><E131/><V35/><F35/><W32/><G46/><T110/><D110/><U112/><E112/><N who="0" m="43049" /><D18/><U49/><E124/><V0/><F64/><W76/><G102/><T60/><D61/><U48/><E133/><V106/><F106/><W30/><G107/><T51/><D51/><U134/><E134/><V122/><F122/><W105/><G105/><T31/><D31/><U12/><E101/><V67/><F67/><W15/><G30/><T44/><D92/><U99/><E99/><V113/><F113/><W26/><G26/><T121/><D4/><U98/><E98/><V78/><F111/><W86/><G33/><T132/><D2/><U96/><E96/><V40/><F40/><W53/><REACH who="3" step="1"/><G32/><REACH who="3" ten="196,67,423,304" step="2"/><T62/><D121/><U63/><E29/><V91/><F93/><W72/><G72/><T23/><D74/><U119/><E119/><V17/><F95/><W71/><G71/><T42/><D135/><U118/><E118/><V87/><F75/><W129/><G129/><T58/><D132/><U125/><E125/><V69/><F69/><W6/><G6/><T47/><D127/><U79/><E5/><V38/><F73/><W82/><G82/><T100/><D81/><U116/><E116/><V36/><F0/><W77/><G77/><T83/><D83/><N who="1" m="47231" /><E3/><V8/><F78/><W52/><G52/><N who="0" m="34119" /><D100/><U27/><E43/><V1/><F1/><W94/><G94/><T65/><D47/><RYUUKYOKU ba="0,1" sc="196,15,67,-15,423,-15,304,15" hai0="23,37,42,44,57,60,65" hai3="7,9,15,22,24,28,53,59,76,80,86,108,109" /><INIT seed="7,1,1,2,3,11" ten="211,52,408,319" oya="3" hai0="8,29,86,64,28,0,77,69,19,65,129,79,124" hai1="35,74,91,90,106,45,80,128,33,73,58,25,103" hai2="98,134,48,14,104,132,71,126,43,101,119,2,89" hai3="111,95,108,5,17,57,53,82,6,94,92,85,22"/><W99/><G99/><T122/><D69/><U96/><E45/><V3/><F71/><W63/><G111/><T67/><D0/><U118/><E58/><V15/><F119/><W37/><G37/><T88/><D124/><U44/><E44/><N who="2" m="25631" /><F89/><W68/><G68/><T135/><D135/><N who="2" m="51754" /><F126/><W24/><REACH who="3" step="1"/><G108/><REACH who="3" ten="211,52,408,309" step="2"/><T1/><D67/><U36/><E36/><V55/><F55/><W16/><G16/><T30/><D19/><U18/><E18/><V87/><F87/><W133/><G133/><T51/><D86/><U72/><E118/><V20/><F20/><W50/><G50/><T83/><D51/><U112/><E35/><V105/><F105/><W41/><G41/><T130/><D30/><U23/><E33/><V70/><F70/><W78/><AGARI ba="1,2" hai="5,6,17,22,24,53,57,63,78,82,85,92,94,95" machi="78" ten="30,6000,0" yaku="1,1,0,1,8,1,53,0" doraHai="11" doraHaiUra="10" who="3" fromWho="3" sc="211,-21,52,-21,408,-21,309,83" owari="190,-21.0,31,-46.9,387,18.7,392,49.2" /></mjloggm>