<mjloggm ver="2.3"><GO type="41" lobby="0"/><UN n0="%6B%75%6D%61%50%72%6F" n1="%E2%93%9D%4C%75%63%6B%79%4A" n2="%E3%81%A0%E3%81%84%E3%81%BF%E3%82%93%E3%81%8B%E3%82%93" n3="%40%E3%81%93%E3%82%88%E3%81%BF%E3%82%93" dan="15,17,14,15" rate="2035.48,2136.78,1942.44,2002.20" sx="M,M,M,M"/><TAIKYOKU oya="0"/><INIT seed="0,0,0,1,2,4" ten="250,250,250,250" oya="0" hai0="83,134,44,131,94,79,27,49,104,132,6,86,57" hai1="14,10,73,19,61,17,123,25,0,42,116,107,97" hai2="51,109,64,99,77,129,133,37,127,53,125,29,126" hai3="66,5,110,9,54,95,22,81,84,74,103,106,34"/><T18/><D104/><U7/><E73/><V52/><F29/><W3/><G34/><T23/><D94/><U46/><E123/><V102/><F109/><W12/><G74/><T65/><D131/><U21/><E116/><V68/><F129/><W50/><G66/><T35/><D35/><U85/><E61/><N who="2" m="39951" /><F37/><W63/><G110/><T45/><D6/><U121/><E121/><V8/><F77/><W87/><G63/><T75/><D75/><U62/><E62/><V1/><F53/><W100/><G106/><T122/><D122/><U120/><E120/><V135/><F8/><W88/><G22/><T36/><D36/><U59/><E59/><N who="2" m="33183" /><F1/><W112/><G112/><T72/><D72/><U47/><E42/><V101/><F99/><W98/><G3/><T128/><D128/><U38/><E38/><V89/><F89/><W24/><G24/><T105/><D105/><U55/><E55/><V92/><F92/><W13/><G13/><T93/><D93/><U30/><E85/><V113/><F113/><W117/><G87/><T43/><D45/><U111/><E111/><V39/><F39/><W32/><G32/><T108/><D108/><U40/><E40/><V56/><F56/><N who="3" m="32855" /><G117/><T26/><D26/><U58/><E58/><V119/><F119/><W60/><G60/><T124/><D124/><N who="2" m="31746" /><V90/><DORA hai="115" /><F90/><AGARI ba="0,0" hai="5,9,12,81,84,88,90,95,98,100,103" m="32855" machi="90" ten="30,3900,0" yaku="8,1,52,1,54,1" doraHai="4,115" who="3" fromWho="2" sc="250,0,250,0,250,-39,250,39" /><INIT seed="1,0,0,3,3,69" ten="250,250,211,289" oya="1" hai0="60,13,68,7,27,36,113,104,98,1,123,78,30" hai1="93,39,9,71,61,4,53,83,85,108,64,72,3" hai2="48,12,125,8,94,119,54,107,32,129,37,102,55" hai3="26,79,133,67,42,18,33,57,44,2,59,40,131"/><U89/><E108/><V23/><F32/><W45/><G2/><T22/><D113/><U110/><E110/><V58/><F119/><W128/><G79/><T10/><D123/><U15/><E53/><V14/><F107/><W28/><G133/><T20/><D78/><U97/><E72/><V87/><F125/><W86/><G86/><T16/><D60/><U41/><E3/><V114/><F129/><N who="3" m="49739" /><G18/><T101/><REACH who="0" step="1"/><D68/><REACH who="0" ten="240,250,211,289" step="2"/><U56/><E71/><V77/><F77/><W51/><G67/><T124/><D124/><U121/><E121/><V5/><F114/><W47/><G47/><T105/><D105/><U122/><E122/><V82/><F102/><W95/><G95/><T25/><D25/><U132/><E132/><V81/><F94/><W66/><G66/><T76/><D76/><U111/><E111/><V118/><F118/><W96/><G96/><T49/><D49/><AGARI ba="0,1" hai="26,28,33,40,42,44,45,49,51,57,59" m="49739" machi="49" ten="30,1000,0" yaku="19,1" doraHai="69" who="3" fromWho="0" sc="240,-10,250,0,211,0,289,20" /><INIT seed="2,0,0,1,4,70" ten="230,250,211,309" oya="2" hai0="57,15,101,35,27,64,7,112,30,53,39,122,98" hai1="94,118,24,68,90,54,46,85,34,106,76,88,120" hai2="83,18,127,107,124,78,9,134,113,102,82,111,75" hai3="26,100,1,86,104,28,51,69,5,62,50,0,14"/><V36/><F113/><W58/><G69/><T25/><D122/><U31/><E118/><V92/><F134/><W96/><G0/><T91/><D112/><U99/><E120/><V84/><F111/><W126/><G126/><N who="2" m="48169" /><F9/><W6/><G1/><T23/><D91/><U66/><E76/><N who="2" m="44319" /><F18/><W20/><G86/><T13/><D64/><U48/><E106/><V79/><F36/><W87/><G87/><T80/><D80/><U133/><E133/><V21/><F21/><W128/><G128/><T131/><D131/><U4/><E4/><V49/><F49/><W117/><G117/><T115/><D115/><U37/><E37/><V45/><F45/><W16/><G5/><T59/><D39/><U56/><E68/><V116/><F116/><W89/><G89/><T3/><D3/><U63/><E85/><V123/><F123/><W33/><REACH who="3" step="1"/><G6/><REACH who="3" ten="230,250,211,299" step="2"/><T19/><D7/><U65/><REACH who="1" step="1"/><E90/><REACH who="1" ten="230,240,211,299" step="2"/><N who="2" m="53319" /><F83/><W114/><G114/><T129/><D129/><U73/><E73/><V32/><F32/><W40/><G40/><AGARI ba="0,2" hai="24,31,34,40,46,48,54,56,63,65,66,88,94,99" machi="40" ten="30,7700,0" yaku="1,1,7,1,54,1,53,1" doraHai="70" doraHaiUra="43" who="1" fromWho="3" sc="230,0,240,97,211,0,299,-77" /><INIT seed="3,0,0,1,1,107" ten="230,337,211,222" oya="3" hai0="13,41,104,16,36,80,9,4,51,132,45,31,90" hai1="54,63,115,87,70,102,57,29,69,20,113,67,47" hai2="22,84,18,12,65,5,110,39,49,96,34,108,33" hai3="85,114,95,117,86,28,37,133,61,62,30,44,73"/><W99/><G114/><T71/><D132/><U46/><E102/><V88/><F39/><W127/><G133/><T92/><D104/><U0/><E0/><V23/><F65/><W81/><G127/><T106/><D106/><U64/><E29/><V122/><F96/><W77/><G117/><T112/><D112/><N who="1" m="43083" /><E20/><V93/><F122/><W130/><G37/><T83/><D71/><N who="1" m="27147" /><E87/><V121/><F121/><W10/><G44/><AGARI ba="0,0" hai="44,46,47,54,57,63,64,67" m="27147,43083" machi="44" ten="30,2000,0" yaku="34,2" doraHai="107" who="1" fromWho="3" sc="230,0,337,20,211,0,222,-20" /><INIT seed="4,0,0,3,1,63" ten="230,357,211,202" oya="0" hai0="125,56,36,26,124,27,12,89,86,83,24,46,61" hai1="107,118,50,39,13,41,126,28,42,15,10,45,92" hai2="82,80,133,90,87,32,135,88,43,70,66,110,47" hai3="33,11,31,21,5,85,34,77,69,30,37,134,18"/><T2/><D2/><U0/><E107/><V16/><F32/><W99/><G37/><T6/><D36/><U60/><E118/><V97/><F110/><W49/><G134/><N who="2" m="51209" /><F70/><W94/><G69/><T7/><D46/><U3/><E15/><V123/><F123/><W100/><G34/><T120/><D120/><U65/><E126/><N who="0" m="48745" /><D12/><U130/><E130/><V91/><F66/><AGARI ba="0,0" hai="6,7,24,26,27,56,61,66,83,86,89" m="48745" machi="66" ten="30,2900,0" yaku="18,1,52,1" doraHai="63" who="0" fromWho="2" sc="230,29,357,0,211,-29,202,0" /><INIT seed="4,1,0,1,0,38" ten="259,357,182,202" oya="0" hai0="11,82,67,95,114,19,100,104,79,27,32,76,96" hai1="75,98,111,85,128,10,41,81,91,15,54,40,35" hai2="108,26,84,116,110,49,121,69,53,47,60,42,12" hai3="124,4,74,62,64,92,99,36,72,73,115,63,23"/><T5/><D114/><U43/><E35/><V83/><F121/><W65/><G115/><T30/><D67/><U46/><E75/><V131/><F131/><W125/><G4/><T1/><D82/><U80/><E111/><V8/><F116/><W24/><G36/><T105/><REACH who="0" step="1"/><D19/><REACH who="0" ten="249,357,182,202" step="2"/><N who="1" m="8695" /><E128/><V123/><F123/><W94/><G64/><T101/><D101/><U50/><E98/><V93/><F69/><W52/><G99/><T7/><D7/><U102/><E81/><V120/><F120/><W130/><G130/><T37/><D37/><U86/><E86/><V9/><F110/><W122/><G122/><T66/><D66/><U29/><E29/><V55/><F108/><W2/><G74/><T14/><D14/><U129/><E129/><V112/><F112/><W90/><G2/><T20/><D20/><U3/><E3/><V57/><F26/><W78/><G73/><T127/><D127/><U39/><E39/><V133/><F8/><W71/><G72/><T34/><D34/><U87/><E87/><V13/><F9/><W48/><G124/><T113/><D113/><U70/><E70/><V22/><F22/><W21/><G21/><T132/><D132/><U97/><E97/><V31/><F133/><W18/><G125/><T107/><AGARI ba="1,1" hai="1,5,11,27,30,32,76,79,95,96,100,104,105,107" machi="107" ten="30,3000,0" yaku="1,1,0,1,53,0" doraHai="38" doraHaiUra="61" who="0" fromWho="0" sc="249,43,357,-11,182,-11,202,-11" /><INIT seed="4,2,0,3,5,5" ten="292,346,171,191" oya="0" hai0="88,41,75,135,54,112,24,15,31,108,78,80,39" hai1="8,98,13,103,6,30,10,45,17,18,40,85,129" hai2="109,50,51,121,42,83,94,100,32,91,22,128,36" hai3="104,107,116,70,92,25,56,126,111,38,62,11,58"/><T130/><D112/><U69/><E69/><V105/><F32/><W113/><G111/><T47/><D108/><U110/><E110/><V48/><F109/><W61/><G38/><T127/><D127/><U86/><E30/><V1/><F1/><W49/><G116/><T84/><D130/><U79/><E129/><V26/><F121/><W37/><G37/><T34/><D135/><U87/><E79/><V101/><F105/><W28/><G126/><T74/><D54/><U2/><E18/><V123/><F36/><W20/><G70/><T120/><D120/><U60/><E60/><V44/><F128/><W96/><G49/><T81/><REACH who="0" step="1"/><D15/><REACH who="0" ten="282,346,171,191" step="2"/><U71/><E71/><V19/><F123/><W23/><G113/><T99/><D99/><U4/><E2/><V68/><F68/><W125/><G125/><T29/><D29/><U115/><E115/><V132/><F132/><W43/><G43/><T52/><D52/><U16/><E40/><V73/><F42/><W63/><G104/><T35/><D35/><U53/><E53/><V97/><F44/><W27/><G107/><T72/><AGARI ba="2,1" hai="24,31,34,39,41,47,72,74,75,78,80,81,84,88" machi="72" ten="20,7800,0" yaku="1,1,0,1,7,1,54,1,53,0" doraHai="5" doraHaiUra="0" who="0" fromWho="0" sc="282,94,346,-28,171,-28,191,-28" /><INIT seed="4,3,0,0,2,46" ten="376,318,143,163" oya="0" hai0="2,111,102,51,64,25,27,10,13,82,131,26,112" hai1="133,124,95,120,16,104,43,29,42,113,4,61,93" hai2="115,121,123,15,73,107,30,49,62,105,78,81,88" hai3="44,90,33,96,5,101,9,87,63,109,89,24,92"/><T39/><D39/><U76/><E104/><V128/><F30/><W41/><G109/><T1/><D112/><U22/><E120/><N who="2" m="46155" /><F15/><W68/><G68/><T18/><D131/><U20/><E76/><V118/><F49/><W117/><G63/><T119/><D119/><U106/><E106/><N who="2" m="40459" /><F62/><W21/><G117/><T83/><D102/><U130/><E29/><V75/><F118/><W37/><G87/><T71/><D111/><U8/><E61/><V108/><F108/><W23/><G23/><T99/><D99/><U100/><E22/><V129/><F115/><W50/><G33/><T3/><D64/><U40/><E20/><V57/><F57/><W135/><G37/><T132/><D132/><U60/><E133/><V70/><F70/><W84/><G84/><T126/><D126/><U17/><E124/><V38/><F38/><W97/><G97/><T79/><D71/><U91/><E60/><V45/><F45/><W80/><G80/><T72/><REACH who="0" step="1"/><D83/><REACH who="0" ten="366,318,143,163" step="2"/><U47/><E113/><V14/><F129/><W35/><G135/><T34/><D34/><U28/><E130/><V11/><F128/><W125/><G125/><T56/><D56/><U31/><E47/><V134/><F134/><W55/><G35/><T94/><D94/><U66/><E95/><V32/><F32/><W114/><G114/><T58/><D58/><U52/><E93/><V98/><F81/><W86/><G41/><T65/><D65/><U7/><E43/><V48/><F78/><W19/><REACH who="3" step="1"/><G86/><REACH who="3" ten="366,318,143,153" step="2"/><T36/><D36/><U69/><E69/><V77/><F98/><W110/><G110/><RYUUKYOKU ba="3,2" sc="366,15,318,-15,143,-15,153,15" hai0="1,2,3,10,13,18,25,26,27,51,72,79,82" hai3="5,9,19,21,24,44,50,55,89,90,92,96,101" /><INIT seed="4,4,2,4,3,120" ten="381,303,128,168" oya="0" hai0="95,23,130,64,25,13,66,1,44,21,26,111,118" hai1="34,30,5,0,4,108,77,128,19,72,79,14,39" hai2="32,113,107,51,20,61,65,134,27,17,73,84,35" hai3="31,24,81,122,41,28,29,60,85,114,49,40,52"/><T88/><D118/><U101/><E39/><V42/><F73/><W87/><G114/><T92/><D1/><U36/><E36/><V121/><F121/><W78/><G122/><T7/><D130/><U12/><E101/><V131/><F107/><W106/><G106/><T2/><D2/><U96/><E72/><V117/><F113/><W69/><G69/><T46/><D7/><U105/><E0/><V91/><F131/><W38/><G38/><T55/><D13/><U6/><E128/><V75/><F75/><W89/><G24/><N who="0" m="9323" /><D111/><U67/><E108/><V102/><F102/><W123/><G60/><T57/><D95/><U100/><E14/><V97/><F134/><W127/><G127/><T58/><D58/><U116/><E116/><V43/><F35/><W83/><REACH who="3" step="1"/><G123/><REACH who="3" ten="381,303,128,158" step="2"/><T33/><D33/><U56/><E34/><V135/><F61/><W112/><G112/><T48/><D66/><U94/><E105/><V104/><F32/><W82/><G82/><T93/><D93/><U45/><E94/><V103/><F104/><W9/><G9/><T99/><D64/><U8/><E67/><V115/><F65/><W53/><G53/><T68/><D68/><U22/><E8/><V110/><F115/><W98/><G98/><T126/><D126/><U71/><E96/><V76/><F97/><W16/><G16/><T54/><D55/><U50/><E71/><V90/><F17/><W119/><G119/><T74/><D74/><U129/><E129/><V63/><F117/><W3/><G3/><T133/><D133/><U37/><E19/><V80/><F135/><RYUUKYOKU ba="4,3" sc="381,15,303,-15,128,-15,158,15" hai0="21,23,44,46,48,54,57,88,92,99" hai3="28,29,31,40,41,49,52,78,81,83,85,87,89" /><INIT seed="4,5,3,4,0,28" ten="396,288,113,173" oya="0" hai0="29,73,94,27,112,20,84,102,91,32,104,18,46" hai1="45,129,21,111,54,47,101,63,40,121,60,135,53" hai2="35,57,106,42,6,118,80,43,22,72,4,66,78" hai3="51,41,69,83,37,0,38,92,98,64,33,5,109"/><T31/><D112/><U99/><E121/><V86/><F106/><W85/><G109/><T8/><D46/><U65/><E111/><V82/><F118/><W61/><G33/><T12/><D73/><U49/><E129/><V81/><F81/><W44/><G5/><T96/><REACH who="0" step="1"/><D31/><REACH who="0" ten="386,288,113,173" step="2"/><U113/><E47/><V124/><F72/><W105/><G0/><T131/><D131/><U67/><E113/><V100/><F42/><W13/><G105/><T88/><D88/><U71/><E135/><V7/><F43/><W76/><G13/><T23/><AGARI ba="5,4" hai="8,12,18,20,23,27,29,32,84,91,94,96,102,104" machi="23" ten="30,6000,0" yaku="1,1,0,1,52,1,53,0" doraHai="28" doraHaiUra="75" who="0" fromWho="0" sc="386,115,288,-25,113,-25,173,-25" /><INIT seed="4,6,0,2,5,64" ten="501,263,88,148" oya="0" hai0="32,127,19,4,31,23,53,56,100,115,18,89,84" hai1="66,13,7,120,27,63,6,130,9,133,67,74,119" hai2="20,87,131,49,117,59,37,14,123,29,122,42,12" hai3="41,135,90,108,70,54,97,39,35,30,86,21,104"/><T72/><D72/><U105/><E120/><V128/><F37/><W69/><G108/><T47/><D115/><U57/><E119/><V79/><F79/><W11/><G35/><T110/><D110/><U101/><E74/><V112/><F87/><W44/><G135/><T61/><D127/><U5/><E130/><N who="2" m="49707" /><F42/><W95/><G54/><T24/><D4/><U3/><E133/><V129/><N who="2" m="49715" /><V93/><DORA hai="116" /><F93/><W8/><G8/><T50/><D100/><U78/><E78/><V91/><F91/><W17/><G30/><T96/><D96/><U126/><E126/><V82/><F82/><W121/><G121/><N who="2" m="46089" /><F112/><W45/><G45/><T81/><REACH who="0" step="1"/><D32/><REACH who="0" ten="491,263,88,148" step="2"/><U102/><E102/><V36/><F117/><W109/><G109/><T65/><AGARI ba="6,1" hai="18,19,23,24,31,47,50,53,56,61,65,81,84,89" machi="65" ten="20,18000,2" yaku="1,1,2,1,0,1,7,1,8,1,53,2" doraHai="64,116" doraHaiUra="77,58" who="0" fromWho="0" sc="491,208,263,-66,88,-66,148,-66" /><INIT seed="4,7,0,2,0,61" ten="699,197,22,82" oya="0" hai0="131,58,50,130,56,67,93,5,40,75,19,7,73" hai1="1,79,77,100,117,16,127,98,115,0,86,34,47" hai2="33,20,29,78,24,63,2,76,15,66,103,120,109" hai3="23,123,113,92,95,122,41,25,39,88,3,107,90"/><T14/><D93/><N who="3" m="35913" /><G107/><T84/><D84/><U44/><E34/><V31/><F120/><N who="3" m="46123" /><G3/><T74/><D40/><U46/><E117/><V9/><F109/><W99/><G99/><T69/><D50/><U43/><E127/><V81/><F103/><W52/><G113/><T51/><D51/><U71/><E71/><V37/><F37/><W65/><G65/><T97/><D97/><U17/><E115/><V72/><F2/><W101/><G101/><T129/><D69/><U62/><E1/><V6/><F78/><N who="1" m="29705" /><E0/><V134/><F134/><W104/><G104/><T38/><D38/><U27/><E98/><V36/><F36/><W119/><G119/><T68/><D68/><U128/><E100/><V114/><F114/><W125/><G125/><T108/><D108/><U102/><E102/><V4/><F4/><N who="0" m="1610" /><D67/><U85/><E43/><V126/><F126/><W111/><G111/><T55/><D55/><U112/><E112/><V22/><REACH who="2" step="1"/><F31/><REACH who="2" ten="699,197,12,82" step="2"/><N who="3" m="17855" /><G52/><T49/><D49/><U87/><E62/><V32/><F32/><W54/><G54/><T12/><D19/><U42/><E17/><V96/><F96/><W110/><G110/><T121/><D121/><U133/><E16/><V105/><F105/><W118/><G118/><T70/><D70/><AGARI ba="7,1" hai="6,9,15,20,22,24,29,33,63,66,70,72,76,81" machi="70" ten="30,3900,0" yaku="1,1,7,1,52,1,53,0" doraHai="61" doraHaiUra="116" who="2" fromWho="0" sc="699,-60,197,0,12,70,82,0" /><INIT seed="5,0,0,0,5,104" ten="639,197,82,82" oya="1" hai0="16,4,111,69,19,26,35,68,74,79,31,22,113" hai1="59,43,100,60,30,92,73,34,70,42,8,49,50" hai2="5,44,20,130,58,21,14,56,36,51,123,85,88" hai3="40,62,72,77,1,118,89,105,66,103,135,27,17"/><U131/><E34/><V106/><F123/><W97/><G118/><T39/><D111/><U78/><E30/><V127/><F106/><W110/><G1/><T6/><D39/><U2/><E70/><V13/><F36/><W96/><G110/><T80/><D113/><U101/><E131/><V93/><F127/><W95/><G135/><T65/><D19/><U134/><E78/><V25/><F20/><W132/><G132/><T67/><D67/><U12/><E73/><V52/><F130/><W114/><G114/><T18/><D18/><U87/><E2/><V9/><REACH who="2" step="1"/><F13/><REACH who="2" ten="639,197,72,82" step="2"/><W48/><G27/><T94/><D69/><U63/><E12/><V82/><F82/><W109/><G109/><T64/><D68/><U91/><E134/><V46/><F46/><W76/><G17/><AGARI ba="0,1" hai="5,9,14,17,21,25,44,51,52,56,58,85,88,93" machi="17" ten="30,8000,1" yaku="1,1,7,1,8,1,54,2,53,0" doraHai="104" doraHaiUra="117" who="2" fromWho="3" sc="639,0,197,0,72,90,82,-80" /><INIT seed="6,0,0,4,1,103" ten="639,197,162,2" oya="2" hai0="34,87,71,60,105,26,65,134,15,68,94,62,76" hai1="74,131,127,90,121,122,102,81,51,85,61,123,25" hai2="99,38,129,4,98,56,75,130,33,10,111,57,45" hai3="78,77,119,126,107,91,5,58,86,66,29,46,118"/><V0/><F75/><W36/><G5/><T133/><D15/><U55/><E127/><V16/><F33/><W117/><G126/><T70/><D26/><U3/><E131/><N who="2" m="50187" /><F111/><W41/><G107/><T124/><D124/><U97/><E61/><N who="0" m="23657" /><D34/><U8/><E25/><V47/><F99/><W128/><G128/><T20/><D20/><U1/><E74/><V113/><F113/><W32/><G58/><N who="2" m="22633" /><F38/><W93/><G66/><T114/><D114/><U17/><E17/><V2/><F2/><W82/><G29/><T24/><D24/><U84/><E85/><V19/><F98/><W6/><G32/><T44/><D44/><AGARI ba="0,0" hai="0,4,10,16,19,44,45,47" m="22633,50187" machi="44" ten="30,2900,0" yaku="19,1,54,1" doraHai="103" who="2" fromWho="0" sc="639,-29,197,0,162,29,2,0" /><INIT seed="6,1,0,3,2,66" ten="610,197,191,2" oya="2" hai0="97,124,47,100,105,106,28,103,58,80,79,67,24" hai1="129,10,90,77,134,74,116,110,94,25,73,133,121" hai2="87,23,131,65,42,122,17,117,98,9,22,26,81" hai3="85,113,48,114,49,5,40,132,125,86,69,45,29"/><V120/><F117/><W38/><G29/><T102/><D124/><U93/><E10/><V127/><F42/><W72/><G72/><T118/><D118/><U57/><E57/><V36/><F36/><W50/><G125/><T99/><D47/><U33/><E33/><V46/><F127/><W51/><G5/><T56/><D67/><U119/><E25/><V13/><F46/><W104/><G104/><T128/><D102/><U95/><E110/><V123/><F131/><W78/><G132/><N who="1" m="50794" /><E121/><V82/><F65/><W27/><G27/><T61/><D61/><U34/><E34/><V70/><F70/><W3/><G3/><T135/><D128/><U7/><E7/><V14/><F98/><W64/><G78/><T2/><D2/><U16/><E16/><V39/><F39/><W32/><G32/><T52/><D52/><U41/><E41/><V108/><F108/><W12/><G12/><T37/><D37/><U59/><E59/><V43/><F43/><W15/><N who="3" m="12288" /><DORA hai="101" /><W53/><G53/><T54/><D54/><U88/><E129/><V18/><REACH who="2" step="1"/><F87/><REACH who="2" ten="610,197,181,2" step="2"/><W62/><G15/><T111/><D135/><U0/><E119/><V75/><F75/><N who="1" m="28681" /><E116/><V130/><F130/><W76/><G76/><T112/><D111/><U8/><E77/><V92/><F92/><W109/><G109/><T84/><D112/><AGARI ba="1,1" hai="38,40,45,62,64,69,85,86,112,113,114" m="12288" machi="112" ten="50,6400,0" yaku="15,1,11,1,52,1" doraHai="66,101" who="3" fromWho="0" sc="610,-67,197,0,181,0,2,77" /><INIT seed="7,0,0,5,5,131" ten="543,197,181,79" oya="3" hai0="135,21,14,99,20,108,60,122,70,26,69,28,23" hai1="134,46,64,33,117,49,57,92,83,120,43,4,13" hai2="31,1,128,121,68,124,89,94,71,114,118,115,53" hai3="27,47,5,100,7,72,87,40,129,82,109,48,61"/><W80/><G129/><T0/><D122/><U3/><E33/><V42/><F1/><W102/><G109/><T24/><D108/><U116/><E3/><V73/><F73/><W34/><G72/><T54/><D135/><U56/><E134/><V22/><F118/><N who="1" m="45673" /><E120/><V58/><F42/><W79/><G82/><T9/><D0/><U45/><E64/><V111/><F111/><W66/><G7/><T86/><D86/><U98/><E46/><V107/><F107/><W123/><G5/><T15/><D99/><U110/><E110/><V95/><F95/><W91/><G123/><T119/><D119/><U96/><E98/><V125/><F128/><W63/><G63/><T16/><D15/><U59/><E83/><V39/><F39/><W93/><G27/><T32/><D24/><U78/><E78/><V17/><F31/><W51/><G51/><T77/><D77/><U41/><E43/><V97/><F121/><W88/><G34/><T127/><D127/><N who="2" m="48714" /><F58/><N who="3" m="37175" /><G79/><T18/><D18/><U104/><E104/><V65/><F65/><W30/><G30/><T35/><D35/><U38/><E4/><V132/><F53/><W11/><G11/><T81/><D81/><U74/><E74/><V52/><F52/><W112/><G112/><N who="2" m="43049" /><F132/><W8/><G8/><T62/><D54/><N who="1" m="32207" /><E13/><AGARI ba="0,0" hai="13,17,22,68,71,89,94,97" m="43049,48714" machi="13" ten="30,2000,0" yaku="18,1,15,1" doraHai="131" who="2" fromWho="1" sc="543,0,197,-20,181,20,79,0" owari="543,64.3,177,-22.3,201,0.1,79,-42.1" /></mjloggm>