<mjloggm ver="2.3"><GO type="41" lobby="0"/><UN n0="%E3%83%95%E3%83%BC%E3%81%A8%E3%83%81%E3%83%BC" n1="%E9%BA%BB%E9%9B%80%69%73%6C%75%63%6B" n2="%E2%93%9D%4C%75%63%6B%79%4A" n3="%E3%81%97%E3%81%8B%E3%81%97%E5%87%BA%E3%82%8B%E3%81%8B%E3%81%AD" dan="13,13,16,14" rate="1845.19,1877.72,2165.68,1926.92" sx="M,M,M,M"/><TAIKYOKU oya="0"/><INIT seed="0,0,0,5,3,42" ten="250,250,250,250" oya="0" hai0="49,7,3,112,90,94,87,22,65,125,81,98,40" hai1="59,117,37,70,120,72,97,110,106,19,46,118,77" hai2="60,24,55,33,6,66,104,45,85,109,21,67,88" hai3="111,107,124,108,27,69,75,36,13,18,63,52,17"/><T113/><D125/><U102/><E19/><V131/><F104/><W54/><G107/><T28/><D65/><U116/><E59/><V50/><F131/><W71/><G75/><T134/><D134/><U43/><E120/><V129/><F33/><W84/><G36/><T58/><D3/><U105/><E110/><N who="3" m="42026" /><G124/><T11/><D7/><U8/><E8/><V133/><F129/><W114/><G114/><T68/><D68/><N who="3" m="26185" /><G63/><T51/><D11/><U119/><N who="1" m="29696" /><DORA hai="53" /><U82/><REACH who="1" step="1"/><E70/><REACH who="1" ten="250,240,250,250" step="2"/><V92/><F109/><W44/><G18/><T95/><D58/><U115/><E115/><V96/><F133/><W132/><G132/><T64/><D113/><U26/><E26/><V25/><F25/><W127/><G27/><T128/><D112/><U74/><E74/><V14/><F60/><W9/><G127/><T86/><D128/><U4/><E4/><V35/><F35/><W121/><G121/><T48/><D28/><U12/><E12/><V83/><F14/><W130/><G130/><T5/><D5/><U126/><E126/><V89/><REACH who="2" step="1"/><F6/><REACH who="2" ten="250,240,240,250" step="2"/><W123/><G13/><T61/><D61/><U101/><E101/><V91/><F91/><W100/><G100/><T62/><D62/><U103/><E103/><V76/><F76/><W80/><G123/><T16/><D90/><U57/><E57/><V78/><F78/><W32/><G9/><T99/><D22/><U56/><E56/><V93/><F93/><AGARI ba="0,2" hai="37,43,46,72,77,82,93,97,102,105,106" m="29696" machi="93" ten="70,8000,1" yaku="1,1,52,1,53,1" doraHai="42,53" doraHaiUra="39,135" who="1" fromWho="2" sc="250,0,240,100,240,-80,250,0" /><INIT seed="1,0,0,1,1,36" ten="250,340,160,250" oya="1" hai0="113,96,91,115,19,130,87,56,27,26,29,6,123" hai1="51,71,100,11,106,63,31,5,126,9,65,83,39" hai2="72,132,101,109,57,14,134,8,92,34,73,24,117" hai3="2,74,32,112,107,47,77,104,89,23,76,93,116"/><U25/><E126/><V127/><F127/><W7/><G112/><T49/><D123/><U124/><E124/><V3/><F57/><W99/><G32/><T50/><D130/><U35/><E39/><V64/><F64/><W69/><G69/><T12/><D115/><U62/><E62/><V108/><F92/><W42/><G116/><T90/><D113/><U58/><E83/><V33/><F101/><W40/><G23/><T17/><D6/><U38/><E38/><V45/><F45/><W81/><G77/><T103/><D91/><U59/><E51/><V125/><F125/><W66/><G66/><T43/><D56/><U67/><E11/><V44/><F44/><W110/><G110/><N who="2" m="42601" /><F3/><W10/><REACH who="3" step="1"/><G47/><REACH who="3" ten="250,340,160,240" step="2"/><T13/><D29/><U55/><E65/><V1/><F117/><W15/><G15/><T122/><D12/><N who="1" m="5167" /><E55/><V121/><F34/><W4/><G4/><T68/><D68/><U98/><AGARI ba="0,1" hai="25,31,35,58,59,63,67,71,98,100,106" m="5167" machi="98" ten="30,1500,0" yaku="25,1" doraHai="36" who="1" fromWho="1" sc="250,-5,340,25,160,-5,240,-5" /><INIT seed="1,1,0,5,3,33" ten="245,365,155,235" oya="1" hai0="15,109,61,60,124,66,21,41,54,91,17,28,18" hai1="24,89,34,25,126,12,81,19,70,46,128,23,110" hai2="2,35,8,0,117,121,100,103,74,87,50,84,56" hai3="107,79,82,47,105,4,14,52,75,85,132,59,45"/><U38/><E128/><V131/><F74/><W42/><G132/><T55/><D109/><U116/><E110/><V95/><F35/><W97/><G75/><T68/><D124/><U98/><E126/><V93/><F8/><N who="3" m="4359" /><G47/><T125/><D125/><U7/><E116/><V49/><F56/><W88/><G97/><T65/><D41/><U64/><E38/><V29/><F29/><W13/><G13/><T62/><D28/><U112/><E46/><V129/><REACH who="2" step="1"/><F121/><REACH who="2" ten="245,365,145,235" step="2"/><W67/><G59/><T57/><D68/><U10/><E34/><V51/><F51/><W96/><G45/><T130/><D57/><U11/><E70/><V120/><F120/><W6/><G67/><T99/><D65/><U119/><E64/><V44/><F44/><W135/><G135/><T122/><D66/><U30/><E119/><AGARI ba="1,1" hai="0,2,49,50,84,87,93,95,100,103,117,119,129,131" machi="119" ten="25,8000,1" yaku="1,1,22,2,52,2,53,0" doraHai="33" doraHaiUra="72" who="2" fromWho="1" sc="245,0,365,-83,145,93,235,0" /><INIT seed="2,0,0,2,0,101" ten="245,282,238,235" oya="2" hai0="11,87,54,59,109,7,58,86,51,80,31,70,14" hai1="45,52,102,15,82,81,12,122,120,83,131,53,133" hai2="57,73,37,110,130,49,91,41,48,76,26,62,128" hai3="77,103,112,3,22,100,90,71,92,32,43,111,5"/><V64/><F76/><W42/><G32/><T78/><D70/><U94/><E133/><V65/><F73/><W85/><G111/><T88/><D109/><U123/><E131/><N who="2" m="50219" /><F91/><W6/><G71/><T27/><D27/><U129/><E129/><V125/><F110/><W121/><G121/><T134/><D134/><U9/><E45/><N who="2" m="23727" /><F26/><W98/><G112/><T93/><REACH who="0" step="1"/><D31/><REACH who="0" ten="235,282,238,235" step="2"/><U25/><E25/><V33/><F33/><W4/><G3/><T19/><D19/><U117/><E117/><V17/><F17/><W46/><G6/><T79/><D79/><U72/><E72/><V114/><F114/><W127/><G77/><T106/><D106/><U60/><E60/><N who="2" m="38031" /><F125/><W67/><G127/><T8/><D8/><U96/><E12/><V36/><F36/><W34/><G4/><AGARI ba="0,1" hai="4,9,15,52,53,81,82,83,94,96,102,120,122,123" machi="4" ten="50,3200,0" yaku="13,1,54,1" doraHai="101" who="1" fromWho="3" sc="235,0,282,42,238,0,235,-32" /><INIT seed="3,0,0,3,5,84" ten="235,324,238,203" oya="3" hai0="101,133,33,38,95,60,22,64,16,112,92,6,11" hai1="65,58,93,17,69,105,3,111,115,29,91,127,4" hai2="129,125,74,54,12,100,70,39,21,102,99,122,19" hai3="61,124,52,2,42,116,0,76,81,73,117,120,30"/><W41/><G120/><T121/><D121/><U37/><E111/><V88/><F122/><W68/><G124/><T126/><D126/><U98/><E127/><V97/><F125/><W131/><G131/><T128/><D128/><U106/><E115/><V89/><F39/><W87/><G30/><T35/><D112/><U7/><E37/><V86/><F74/><W79/><G68/><T34/><D38/><U53/><E29/><V32/><F32/><W57/><G2/><T83/><D133/><U20/><E69/><V59/><F70/><W27/><G0/><T14/><D83/><U72/><E72/><V130/><F86/><W13/><G27/><T43/><D43/><U24/><E65/><V48/><F130/><W62/><G62/><T10/><D101/><N who="2" m="39018" /><F129/><W90/><G13/><T110/><D110/><U45/><E45/><V78/><F78/><W123/><G79/><T18/><D18/><U82/><E82/><V51/><F51/><W108/><G123/><T56/><REACH who="0" step="1"/><D11/><REACH who="0" ten="225,324,238,203" step="2"/><N who="1" m="2463" /><E7/><V5/><F5/><W113/><G108/><T49/><D49/><U132/><E132/><V26/><F26/><AGARI ba="0,1" hai="6,10,14,16,22,26,33,34,35,56,60,64,92,95" machi="26" ten="40,2600,0" yaku="1,1,54,1,53,0" doraHai="84" doraHaiUra="66" who="0" fromWho="2" sc="225,36,324,0,238,-26,203,0" /><INIT seed="4,0,0,3,3,7" ten="261,324,212,203" oya="0" hai0="16,129,77,13,33,25,102,34,95,37,14,36,101" hai1="38,97,69,75,48,54,117,79,0,46,15,67,88" hai2="81,119,51,104,31,52,89,5,60,53,113,32,94" hai3="105,19,71,45,123,17,10,12,93,28,70,41,98"/><T27/><D129/><U30/><E117/><V103/><F104/><W57/><G123/><T135/><D77/><U40/><E0/><V91/><F32/><W114/><G114/><T18/><REACH who="0" step="1"/><D95/><REACH who="0" ten="251,324,212,203" step="2"/><U82/><E15/><V29/><F94/><W125/><G105/><T112/><D112/><U99/><E30/><V22/><F31/><W64/><G28/><T59/><D59/><N who="1" m="33223" /><E88/><V118/><F91/><W111/><G57/><T131/><D131/><U21/><E21/><V6/><F22/><W26/><G71/><T11/><D11/><U1/><E1/><V3/><F3/><W121/><G70/><T90/><D90/><U132/><E132/><AGARI ba="0,1" hai="13,14,16,18,25,27,33,34,36,37,101,102,132,135" machi="132" ten="25,9600,0" yaku="1,1,22,2,54,1,53,0" doraHai="7" doraHaiUra="61" who="0" fromWho="1" sc="251,106,324,-96,212,0,203,0" /><INIT seed="4,1,0,0,4,36" ten="357,228,212,203" oya="0" hai0="93,83,12,105,1,27,135,131,98,46,43,50,45" hai1="89,4,64,134,31,104,51,5,25,84,78,95,35" hai2="106,2,85,56,113,94,44,120,90,100,24,127,86" hai3="97,54,82,53,0,115,52,117,101,76,125,71,14"/><T126/><D1/><U103/><E134/><V57/><F120/><W8/><G117/><T102/><D135/><U13/><E64/><V10/><F127/><W73/><G125/><T18/><D126/><U40/><E104/><V67/><F113/><W49/><G71/><T132/><D132/><U114/><E114/><V19/><F106/><W133/><G115/><T61/><D131/><U123/><E123/><V9/><F100/><W29/><G29/><T108/><D108/><U39/><E39/><V47/><F2/><W6/><G133/><T22/><D61/><U124/><E124/><V65/><F19/><W74/><G0/><T16/><D83/><U79/><E103/><V3/><F3/><W91/><G91/><T70/><D70/><U110/><E110/><V96/><F24/><W37/><G37/><T41/><D105/><U34/><E34/><V121/><F90/><W23/><G23/><N who="0" m="11719" /><D46/><U116/><E116/><V26/><F121/><W7/><G74/><T55/><AGARI ba="1,0" hai="16,22,27,41,43,45,50,55,93,98,102" m="11719" machi="55" ten="30,11700,0" yaku="8,1,52,2,54,1" doraHai="36" who="0" fromWho="0" sc="357,120,228,-40,212,-40,203,-40" /><INIT seed="4,2,0,5,4,34" ten="477,188,172,163" oya="0" hai0="42,19,5,88,127,50,69,29,111,103,126,96,44" hai1="58,99,125,13,60,116,121,102,41,1,23,6,46" hai2="73,38,36,113,35,45,76,129,10,81,0,67,105" hai3="124,101,109,12,75,43,65,86,52,131,80,28,49"/><T78/><D111/><U108/><E121/><V37/><F129/><W123/><G123/><T4/><D69/><U15/><E116/><V117/><F117/><W22/><G124/><N who="0" m="47659" /><D78/><U122/><E125/><V18/><F113/><W71/><G75/><T100/><D29/><U119/><E119/><V48/><F67/><W107/><G131/><T61/><D61/><U33/><E33/><V91/><F91/><W14/><G43/><T66/><D66/><U93/><E122/><V97/><F18/><W56/><G109/><T90/><D19/><U24/><E1/><V82/><F82/><W95/><G107/><N who="0" m="63879" /><D103/><U63/><E6/><AGARI ba="2,0" hai="4,5,6,42,44,50,88,90" m="63879,47659" machi="6" ten="30,2900,0" yaku="18,1,54,1" doraHai="34" who="0" fromWho="1" sc="477,35,188,-35,172,0,163,0" /><INIT seed="4,3,0,4,2,29" ten="512,153,172,163" oya="0" hai0="112,115,135,4,56,39,120,90,111,124,79,49,85" hai1="59,129,126,23,3,10,42,62,97,47,121,128,19" hai2="25,104,44,130,46,102,81,66,99,75,15,110,20" hai3="83,105,82,12,93,27,14,131,61,107,133,117,0"/><T88/><D39/><U118/><E121/><V38/><F110/><W41/><G0/><T18/><D120/><U8/><E118/><V95/><F130/><N who="1" m="50281" /><E126/><V106/><F66/><W113/><G131/><T51/><D111/><U91/><E97/><V7/><F38/><W92/><G27/><T60/><D124/><U13/><E91/><V87/><F75/><W100/><G61/><T67/><D135/><U45/><E3/><V96/><F106/><W77/><G41/><T65/><D4/><N who="1" m="3207" /><E10/><N who="2" m="4575" /><F99/><W86/><G77/><T16/><D79/><U50/><E47/><V48/><F104/><W52/><G100/><T109/><D109/><U122/><E122/><V108/><F108/><W76/><G76/><T36/><D36/><U26/><E59/><V73/><F73/><W94/><G133/><T71/><D71/><U123/><E123/><V101/><F102/><W125/><G125/><T54/><D67/><U24/><E62/><V22/><F46/><W132/><G132/><T35/><D49/><U119/><E119/><V57/><F57/><W68/><G117/><T69/><D90/><U5/><E5/><V31/><F44/><W98/><G68/><T114/><D88/><U9/><E9/><V37/><F37/><W58/><G98/><T34/><D85/><U64/><E64/><V78/><F48/><W11/><G86/><T127/><D127/><U134/><E134/><V40/><F40/><W116/><G116/><T63/><D51/><U70/><E70/><V1/><F1/><W33/><G58/><T55/><D55/><U17/><E26/><V80/><F22/><RYUUKYOKU ba="3,0" sc="512,10,153,10,172,10,163,-30" hai0="16,18,34,35,54,56,60,63,65,69,112,114,115" hai1="17,19,23,24,42,45,50" hai2="20,25,31,78,80,81,87,95,96,101" /><INIT seed="4,4,0,3,1,72" ten="522,163,182,133" oya="0" hai0="66,77,34,49,60,24,36,23,39,119,18,100,75" hai1="41,25,44,68,5,127,58,11,92,16,89,96,109" hai2="73,133,45,65,48,125,37,132,98,110,70,12,69" hai3="15,3,17,9,56,13,114,80,76,57,88,28,74"/><T20/><D119/><U38/><E127/><V86/><F73/><W10/><G114/><T4/><D34/><U32/><E109/><V83/><F110/><W53/><G3/><T27/><D4/><U22/><E68/><V61/><F98/><W87/><G28/><T122/><D122/><U43/><E43/><V6/><F37/><W29/><G29/><T105/><D49/><U129/><E32/><V55/><F125/><W124/><G124/><T46/><D46/><U131/><REACH who="1" step="1"/><E58/><REACH who="1" ten="522,153,182,133" step="2"/><V134/><F70/><W97/><G57/><T103/><D105/><U120/><E120/><V54/><F45/><W107/><G107/><T19/><D103/><U123/><E123/><V113/><F113/><W47/><G47/><T40/><D100/><U31/><E31/><V104/><F104/><W112/><G112/><T26/><D40/><U64/><E64/><V82/><F65/><W7/><G56/><T2/><D66/><U63/><E63/><V42/><F61/><W116/><G53/><N who="2" m="19977" /><F69/><W95/><REACH who="3" step="1"/><G116/><REACH who="3" ten="522,153,182,123" step="2"/><T85/><D60/><U81/><E81/><V135/><F83/><W94/><G94/><T126/><D126/><U67/><E67/><V50/><F135/><W8/><G8/><T117/><D117/><U115/><E115/><V102/><F134/><W71/><G71/><T90/><D36/><U59/><E59/><V128/><F133/><W118/><G118/><T91/><D39/><U101/><E101/><V51/><F102/><W1/><G1/><AGARI ba="4,2" hai="1,5,11,16,22,25,38,41,44,89,92,96,129,131" machi="1" ten="40,2600,0" yaku="1,1,54,1,53,0" doraHai="72" doraHaiUra="108" who="1" fromWho="3" sc="522,0,153,58,182,0,123,-38" /><INIT seed="5,0,0,1,2,52" ten="522,211,182,85" oya="1" hai0="50,75,90,101,74,68,95,65,20,71,122,96,39" hai1="55,70,14,21,54,16,105,86,134,49,119,31,6" hai2="91,106,88,33,115,114,80,78,56,19,69,128,72" hai3="4,85,104,109,131,127,107,45,46,32,79,10,116"/><U81/><E119/><V123/><F69/><W60/><G109/><T73/><D122/><U83/><E134/><V67/><F123/><W108/><G108/><T30/><D39/><U62/><E105/><V126/><F33/><W58/><G32/><T124/><D124/><U35/><E6/><V28/><F28/><W40/><G131/><T1/><D1/><U22/><E35/><V13/><F106/><W34/><G34/><T118/><D118/><U8/><E70/><V133/><F133/><W130/><G130/><T110/><D110/><U113/><E113/><N who="2" m="43019" /><F126/><W112/><G127/><T18/><D30/><U25/><E62/><N who="2" m="38343" /><F128/><W36/><G45/><T42/><D65/><U24/><E55/><V7/><F7/><W37/><G37/><T48/><D71/><U51/><E49/><V100/><F100/><W97/><G116/><T93/><D68/><U99/><E99/><V132/><F132/><W38/><G97/><T66/><D50/><U15/><E86/><V98/><F98/><W41/><G112/><T103/><D48/><U59/><REACH who="1" step="1"/><E15/><REACH who="1" ten="522,201,182,85" step="2"/><V0/><F0/><N who="3" m="263" /><G38/><T26/><D96/><U43/><E43/><V120/><F120/><W129/><G41/><T44/><D42/><U47/><E47/><V57/><F57/><W92/><G129/><T87/><D44/><U17/><AGARI ba="0,1" hai="8,14,16,17,21,22,24,25,31,51,54,59,81,83" machi="17" ten="20,18000,2" yaku="1,1,0,1,7,1,8,1,52,1,54,1,53,1" doraHai="52" doraHaiUra="5" who="1" fromWho="1" sc="522,-60,201,190,182,-60,85,-60" /><INIT seed="5,1,0,2,3,91" ten="462,391,122,25" oya="1" hai0="113,107,128,40,6,54,98,29,42,133,21,114,32" hai1="71,127,84,104,10,57,12,102,100,14,116,68,47" hai2="15,69,88,64,4,45,125,132,56,79,105,19,112" hai3="78,39,0,38,52,96,77,93,27,131,20,25,5"/><U66/><E116/><V122/><F122/><W120/><G120/><T8/><D128/><U33/><E33/><V76/><F69/><W62/><G131/><T80/><D133/><U124/><E47/><V95/><F105/><W86/><G5/><T55/><D32/><U126/><E57/><V26/><F125/><W106/><G0/><T119/><D119/><U7/><E66/><V83/><F112/><N who="0" m="43114" /><D80/><U121/><E121/><V18/><F45/><W46/><G106/><T89/><D29/><U109/><E109/><V85/><F132/><W75/><G75/><T1/><D21/><U90/><E14/><V60/><F26/><N who="3" m="9739" /><G39/><T70/><D70/><N who="1" m="26667" /><E104/><V36/><F36/><W49/><G38/><T44/><D40/><U87/><E87/><V134/><F134/><W129/><G129/><T51/><D89/><U48/><E48/><V35/><F35/><W97/><G20/><T31/><D31/><U17/><E7/><V58/><F4/><W3/><G3/><T72/><D72/><U59/><E59/><V16/><F58/><N who="3" m="35143" /><G86/><T111/><D111/><U135/><E135/><V41/><F41/><N who="3" m="24783" /><G97/><T94/><D107/><U9/><E10/><V110/><F110/><W73/><G73/><T43/><D43/><U115/><E115/><V28/><F28/><W117/><G117/><T37/><D37/><U130/><E130/><V34/><F34/><W13/><G13/><T2/><D1/><U22/><E22/><V99/><F15/><W67/><G67/><T123/><D123/><U74/><E74/><V92/><F99/><W61/><G61/><T118/><D118/><RYUUKYOKU ba="1,0" sc="462,0,391,0,122,0,25,0" hai0="2,6,8,42,44,51,54,55,94,98" hai1="9,12,17,84,90,100,102,124,126,127" hai2="16,18,19,56,60,64,76,79,83,85,88,92,95" hai3="77,78,93,96" /><INIT seed="5,2,0,0,1,93" ten="462,391,122,25" oya="1" hai0="82,33,125,29,21,14,43,1,94,52,28,51,65" hai1="5,103,84,110,40,34,85,17,67,23,58,49,70" hai2="68,105,135,128,96,4,35,108,90,92,59,13,102" hai3="98,127,64,31,44,106,63,107,99,81,134,76,126"/><U83/><E34/><V37/><F68/><W91/><G134/><T115/><D1/><U112/><E112/><V117/><F108/><W12/><G31/><T119/><D115/><U113/><E113/><V30/><F37/><W89/><G44/><T2/><D2/><U120/><E120/><V0/><F0/><W61/><G12/><T118/><D125/><N who="3" m="47625" /><G63/><T50/><D33/><U11/><E110/><V38/><F38/><W72/><G61/><T69/><D69/><U101/><E84/><V55/><F135/><W36/><G64/><T75/><D119/><U74/><E74/><V87/><F117/><W133/><G36/><T66/><D118/><U18/><E18/><V9/><F128/><W16/><G16/><T22/><D94/><U71/><E71/><V111/><F111/><W20/><G20/><T95/><D95/><U26/><E67/><V129/><F129/><W8/><G8/><T80/><D75/><U47/><E58/><V77/><F35/><W39/><G39/><T116/><D116/><U41/><E40/><V121/><F30/><W88/><G133/><T62/><D43/><U97/><E97/><AGARI ba="2,0" hai="72,76,81,88,89,91,97,98,99,106,107" m="47625" machi="97" ten="30,12000,2" yaku="18,1,34,2,52,3,54,1" doraHai="93" who="3" fromWho="1" sc="462,0,391,-126,122,0,25,126" /><INIT seed="6,0,0,3,0,18" ten="462,265,122,151" oya="2" hai0="31,0,32,97,131,90,69,30,117,39,102,106,134" hai1="120,45,12,67,13,78,71,84,48,54,110,11,77" hai2="29,85,28,23,105,116,25,132,124,127,59,4,47" hai3="22,98,126,26,53,35,99,56,94,86,114,64,24"/><V125/><F116/><W87/><G126/><N who="2" m="32257" /><V83/><DORA hai="115" /><F105/><W1/><G1/><T34/><D0/><U17/><E67/><V63/><F47/><W135/><G135/><T57/><D69/><U70/><E110/><V62/><F132/><W36/><G36/><T75/><D134/><U119/><E119/><V44/><F44/><W107/><G35/><T8/><D117/><U79/><E120/><V112/><F112/><W49/><G114/><T42/><D131/><U3/><E3/><V103/><F103/><W58/><G107/><T96/><D75/><U113/><E113/><V40/><F40/><W104/><G104/><T118/><D118/><U109/><E109/><V7/><F29/><N who="3" m="17559" /><G26/><T92/><D57/><U82/><E71/><V43/><F43/><W130/><G99/><T2/><D31/><U129/><E129/><V68/><F68/><W72/><G72/><T100/><D30/><U19/><REACH who="1" step="1"/><E70/><REACH who="1" ten="462,255,122,151" step="2"/><V95/><F95/><W16/><G130/><T133/><D92/><U51/><E51/><V101/><F63/><N who="3" m="37991" /><G94/><T128/><D133/><U76/><E76/><N who="2" m="46311" /><F101/><W91/><G49/><T65/><D100/><U27/><E27/><V60/><F62/><W20/><G98/><T61/><D97/><U111/><E111/><V73/><F73/><W10/><G87/><T21/><D96/><U5/><E5/><V38/><F38/><W74/><G86/><T122/><D39/><U50/><E50/><V88/><F88/><W121/><G91/><T33/><D90/><U14/><E14/><V6/><F7/><W52/><G74/><T123/><D102/><RYUUKYOKU ba="0,1" sc="462,-15,255,15,122,15,151,-15" hai1="11,12,13,17,19,45,48,54,77,78,79,82,84" hai2="4,6,23,25,28,59,60" /><INIT seed="6,1,1,3,1,118" ten="447,270,137,136" oya="2" hai0="76,67,57,29,134,4,128,32,89,97,45,85,35" hai1="0,58,120,116,61,99,130,13,74,107,84,54,75" hai2="69,80,37,68,30,102,90,28,106,60,34,91,12" hai3="56,51,72,86,42,88,11,46,78,23,41,19,127"/><V95/><F37/><W94/><G127/><T87/><D128/><U133/><E130/><V115/><F106/><W123/><G123/><T64/><D134/><U52/><E133/><V6/><F34/><W117/><G117/><T59/><D4/><U109/><E0/><V135/><F135/><W96/><G72/><T33/><D29/><U131/><E109/><V48/><F102/><W2/><G56/><T105/><D45/><U100/><E116/><V62/><F80/><N who="3" m="47383" /><G2/><T121/><D121/><U9/><E120/><V49/><F6/><W83/><G11/><T17/><D76/><U40/><E40/><V43/><F43/><N who="3" m="25055" /><G83/><T98/><D17/><U111/><E111/><V55/><F55/><W31/><G31/><T92/><D105/><U15/><E15/><AGARI ba="1,1" hai="15,19,23,41,42,88,94,96" m="25055,47383" machi="15" ten="30,2000,0" yaku="8,1,54,1" doraHai="118" who="3" fromWho="1" sc="447,0,270,-23,137,0,136,33" /><INIT seed="7,0,0,1,3,59" ten="447,247,137,169" oya="3" hai0="15,0,103,70,54,119,56,13,83,39,24,55,22" hai1="71,34,118,115,7,33,77,116,51,42,123,134,10" hai2="37,58,80,20,48,81,50,30,133,49,114,27,120" hai3="62,93,112,43,79,117,41,97,90,52,47,75,65"/><W132/><G117/><N who="1" m="45162" /><E115/><V135/><F37/><W36/><G112/><T122/><D119/><U94/><E123/><V85/><F114/><W29/><G132/><T32/><D122/><U3/><E134/><V28/><F120/><W68/><G29/><T2/><D32/><N who="1" m="12395" /><E71/><V9/><F135/><W66/><G66/><T21/><D70/><U126/><E126/><V53/><F133/><W105/><G105/><T128/><D39/><U106/><E106/><V110/><F110/><W5/><G5/><T131/><D103/><U23/><E23/><V82/><F30/><W6/><G6/><T11/><D83/><U102/><E77/><V16/><F28/><W125/><G125/><T19/><D55/><U18/><E18/><V57/><F9/><W40/><G79/><T92/><D92/><U14/><E3/><N who="0" m="1065" /><D54/><U73/><E73/><V64/><REACH who="2" step="1"/><F85/><REACH who="2" ten="447,247,127,169" step="2"/><W86/><G75/><T17/><D56/><U84/><E84/><V95/><F95/><W127/><G127/><T38/><D38/><U96/><E51/><V31/><F31/><AGARI ba="0,1" hai="11,13,15,17,19,21,22,24,31,128,131" m="1065" machi="31" ten="30,2000,0" yaku="34,2" doraHai="59" who="0" fromWho="2" sc="447,30,247,0,127,-20,169,0" owari="477,57.7,247,4.7,107,-39.3,169,-23.1" /></mjloggm>