<mjloggm ver="2.3"><GO type="41" lobby="0"/><UN n0="%E3%81%BC%E3%81%86%E3%81%A1%E3%82%83%E3%82%93" n1="%E3%81%84%E3%81%A3%E3%81%A1%E3%83%BC%30%31" n2="%E9%AF%A8%E4%BA%95%E6%B5%B7%E6%9C%88" n3="%E2%93%9D%4C%75%63%6B%79%4A" dan="13,14,14,18" rate="1900.51,1901.11,1944.89,2193.85" sx="M,M,F,M"/><TAIKYOKU oya="0"/><INIT seed="0,0,0,0,2,134" ten="250,250,250,250" oya="0" hai0="19,15,9,75,114,6,23,106,89,76,103,116,119" hai1="10,51,62,102,57,25,28,127,54,113,132,31,118" hai2="128,94,34,48,83,130,41,77,121,20,14,93,12" hai3="91,58,38,13,100,17,104,72,43,4,95,33,46"/><T40/><D114/><U84/><E132/><V53/><F121/><W29/><G72/><T49/><D106/><U92/><E118/><V74/><F41/><W97/><G4/><T3/><D103/><U90/><E113/><V7/><F34/><W63/><G33/><T36/><D49/><U52/><E127/><V45/><F7/><W47/><G29/><T30/><D89/><U26/><E10/><V16/><REACH who="2" step="1"/><F14/><REACH who="2" ten="250,250,240,250" step="2"/><W64/><G43/><T122/><D122/><U27/><REACH who="1" step="1"/><E102/><REACH who="1" ten="250,240,240,250" step="2"/><V135/><F135/><W96/><REACH who="3" step="1"/><G38/><REACH who="3" ten="250,240,240,240" step="2"/><T2/><D36/><U110/><E110/><V71/><F71/><W78/><G78/><T108/><D76/><U111/><E111/><V131/><AGARI ba="0,3" hai="12,16,20,45,48,53,74,77,83,93,94,128,130,131" machi="131" ten="30,8000,1" yaku="1,1,0,1,19,1,54,1,53,1" doraHai="134" doraHaiUra="79" who="2" fromWho="2" sc="250,-40,240,-20,240,110,240,-20" /><INIT seed="1,0,0,1,4,73" ten="210,220,350,220" oya="1" hai0="105,8,58,125,92,22,88,14,100,108,75,66,6" hai1="71,128,3,119,43,103,124,118,23,72,90,109,62" hai2="102,11,56,107,26,84,123,78,52,134,12,51,50" hai3="94,55,69,20,15,29,38,110,53,112,5,2,76"/><U41/><E3/><V98/><F134/><W104/><G104/><T101/><D125/><U114/><E103/><V7/><F123/><W0/><G69/><T9/><D108/><U116/><E114/><V16/><F51/><W28/><G38/><T93/><D75/><U30/><E124/><V135/><F135/><W97/><G112/><T117/><D117/><U10/><E10/><V57/><F57/><W131/><G131/><T59/><D105/><U80/><E128/><V132/><F132/><W68/><G68/><T83/><D9/><U89/><E89/><V96/><F96/><W27/><G29/><T34/><D34/><U13/><E109/><V48/><F50/><W91/><G2/><T54/><D22/><U37/><E37/><V79/><F84/><W99/><G0/><T46/><D46/><U44/><E44/><V33/><REACH who="2" step="1"/><F16/><REACH who="2" ten="210,220,340,220" step="2"/><W95/><G110/><T4/><D4/><U127/><E127/><V32/><F32/><W25/><G99/><T39/><D39/><U1/><E71/><V65/><F65/><W61/><G97/><T122/><D122/><U64/><E72/><V31/><AGARI ba="0,1" hai="7,11,12,26,31,33,48,52,56,78,79,98,102,107" machi="31" ten="30,8000,1" yaku="1,1,0,1,52,2,54,1,53,0" doraHai="73" doraHaiUra="113" who="2" fromWho="2" sc="210,-20,220,-40,340,90,220,-20" /><INIT seed="2,0,0,1,0,125" ten="190,180,430,200" oya="2" hai0="6,17,44,74,94,132,67,14,80,115,110,71,131" hai1="130,32,79,16,113,78,18,2,20,128,5,43,121" hai2="91,49,57,70,120,126,38,135,66,85,42,99,55" hai3="124,22,29,111,53,60,116,84,59,106,64,122,46"/><V112/><F112/><W28/><G116/><T109/><D115/><U7/><E113/><V37/><F126/><W41/><G106/><T31/><D132/><U108/><E43/><V98/><F120/><W63/><G122/><T51/><D6/><N who="1" m="2059" /><E121/><V107/><F135/><W52/><G124/><T19/><D31/><U119/><E119/><V100/><F99/><W95/><G111/><N who="0" m="42507" /><D131/><N who="1" m="50219" /><E108/><V69/><F42/><W65/><G29/><T123/><D123/><U77/><E2/><V45/><F45/><W75/><G28/><T86/><D74/><U93/><E32/><V83/><REACH who="2" step="1"/><F66/><REACH who="2" ten="190,180,420,200" step="2"/><W13/><G65/><T24/><D67/><U54/><E54/><V48/><F48/><W90/><G64/><T21/><D71/><AGARI ba="0,1" hai="37,38,49,55,57,69,70,71,83,85,91,98,100,107" machi="71" ten="40,2000,0" yaku="1,1,53,0" doraHai="125" doraHaiUra="25" who="2" fromWho="0" sc="190,-20,180,0,420,30,200,0" /><INIT seed="2,1,0,5,0,106" ten="170,180,450,200" oya="2" hai0="71,23,131,44,81,92,104,124,100,119,114,70,25" hai1="58,1,97,55,135,76,66,88,74,17,61,60,96" hai2="43,31,32,79,133,69,113,18,59,127,84,129,26" hai3="117,112,50,29,80,99,12,116,75,35,34,4,20"/><V8/><F69/><W107/><G50/><T91/><D114/><U5/><E135/><V87/><F113/><W27/><G112/><T65/><D124/><U122/><E122/><V46/><F133/><W49/><G49/><T11/><D131/><U111/><E111/><V94/><F127/><W7/><G99/><T72/><D119/><N who="3" m="45641" /><G80/><T19/><D44/><U30/><E30/><V15/><F129/><W52/><G107/><T128/><D128/><U36/><E36/><V78/><F59/><W45/><G75/><T120/><D120/><U86/><E76/><V123/><F123/><W101/><G101/><T9/><D65/><U83/><E74/><V118/><F118/><W68/><G52/><T110/><D110/><U24/><E5/><N who="3" m="2122" /><G45/><T132/><D132/><U105/><E1/><V14/><F94/><W95/><G95/><T126/><D126/><U64/><E105/><V108/><F78/><W134/><G68/><T89/><D71/><U73/><E73/><V121/><F79/><W57/><G57/><T125/><D70/><U109/><E109/><V85/><F108/><W0/><G0/><T103/><D125/><U102/><E61/><V21/><F121/><W28/><G134/><T37/><D37/><U10/><E102/><N who="0" m="38953" /><D104/><U62/><E62/><V6/><F85/><W38/><G38/><AGARI ba="1,0" hai="6,8,14,15,18,21,26,31,32,38,43,46,84,87" machi="38" ten="30,1500,0" yaku="7,1" doraHai="106" who="2" fromWho="3" sc="170,0,180,0,450,18,200,-18" /><INIT seed="2,2,0,0,4,43" ten="170,180,468,182" oya="2" hai0="69,102,59,110,81,133,33,72,36,46,37,61,95" hai1="35,121,0,100,28,114,124,98,90,108,106,75,77" hai2="123,66,48,92,68,94,113,101,24,126,53,91,39" hai3="122,14,104,82,10,125,115,3,67,44,80,2,127"/><V27/><F39/><N who="0" m="14922" /><D95/><U54/><E0/><N who="3" m="42" /><G67/><N who="0" m="41199" /><D81/><N who="3" m="31337" /><G122/><T70/><D102/><U84/><E77/><V64/><F123/><W9/><G14/><T76/><D76/><U19/><E75/><V86/><F113/><W25/><G25/><T120/><D33/><U130/><E84/><V6/><F68/><W62/><G62/><T60/><D72/><U58/><E90/><V50/><F91/><W99/><G115/><T49/><D120/><U135/><E19/><V93/><F86/><W16/><G99/><T31/><D31/><U71/><E71/><V42/><F42/><W38/><G104/><T87/><D87/><U4/><E28/><V85/><F85/><W29/><G29/><T45/><D133/><U128/><E135/><V129/><F6/><W18/><G10/><T23/><D23/><U56/><E35/><V21/><F24/><W88/><G9/><T118/><D118/><U11/><E98/><V112/><F21/><W8/><G8/><T119/><D119/><U13/><E13/><V32/><F27/><W5/><G5/><T74/><D74/><U78/><E11/><V22/><F22/><W111/><G111/><T134/><D134/><U12/><E108/><V34/><F32/><W17/><G88/><T57/><D110/><U89/><E89/><V96/><F34/><W65/><G65/><N who="0" m="41255" /><D49/><U117/><E12/><V105/><F50/><W41/><G18/><T15/><D15/><U7/><E7/><V63/><F48/><W107/><G107/><T97/><D97/><U26/><E4/><V73/><F96/><W79/><G79/><T132/><D132/><RYUUKYOKU ba="2,0" sc="170,15,180,-15,468,-15,182,15" hai0="45,46,57,59" hai3="16,17,38,41,44,125,127" /><INIT seed="3,3,0,2,2,27" ten="185,165,453,197" oya="3" hai0="96,75,67,57,35,121,48,40,13,127,47,63,118" hai1="70,8,131,3,106,99,88,130,113,89,26,33,17" hai2="15,16,93,43,49,98,6,42,12,102,30,90,69" hai3="112,115,46,134,81,34,71,9,116,80,103,114,20"/><W29/><G116/><T117/><D35/><U105/><E113/><V111/><F69/><W23/><G71/><N who="0" m="42495" /><D13/><U119/><E119/><N who="0" m="45577" /><D96/><U5/><E70/><V54/><F111/><W72/><G134/><T82/><D82/><U32/><E32/><V95/><F30/><W36/><G103/><T59/><D75/><U78/><E78/><V84/><F6/><W126/><G126/><T77/><D77/><U122/><E122/><V52/><F54/><W87/><G9/><T61/><D127/><U44/><E44/><N who="2" m="27687" /><F12/><W25/><G72/><T92/><D92/><N who="1" m="56711" /><E89/><V128/><F128/><N who="1" m="49193" /><E17/><V14/><F14/><W7/><G7/><T66/><D121/><U55/><E55/><V107/><F107/><W28/><G34/><T133/><D133/><U53/><E53/><V41/><F41/><W79/><G81/><T65/><D59/><U97/><E97/><V38/><F38/><W50/><G36/><T58/><D58/><U1/><E1/><V22/><AGARI ba="3,0" hai="15,16,22,42,43,84,90,93,95,98,102" m="27687" machi="22" ten="30,4000,0" yaku="8,1,54,2" doraHai="27" who="2" fromWho="2" sc="185,-13,165,-13,453,49,197,-23" /><INIT seed="4,0,0,5,5,60" ten="172,152,502,174" oya="0" hai0="55,135,8,42,90,61,98,14,30,93,81,39,58" hai1="62,83,102,28,103,128,78,108,80,37,18,73,96" hai2="19,123,75,56,35,134,26,45,31,92,70,113,32" hai3="104,51,82,112,1,68,133,67,101,34,76,110,119"/><T95/><D135/><U89/><E37/><V117/><F70/><W59/><G110/><T43/><D39/><U41/><E41/><N who="0" m="15369" /><D30/><U2/><E2/><V74/><F113/><W36/><G119/><T69/><D69/><U63/><E108/><V54/><F123/><W71/><G1/><T126/><D126/><U94/><E128/><V115/><F115/><W40/><G34/><T66/><D66/><U17/><E28/><V6/><F45/><W105/><G71/><T88/><D81/><U25/><E25/><V125/><F35/><W23/><G133/><T20/><D20/><U52/><E63/><V53/><F117/><W29/><G68/><T48/><D48/><U4/><E83/><V87/><F125/><W12/><G112/><T44/><D44/><U77/><E62/><V7/><F75/><W114/><G36/><T64/><D55/><U47/><E78/><V33/><F74/><W118/><G114/><T121/><D121/><U132/><E132/><V50/><F53/><W10/><G40/><T79/><D79/><U65/><E65/><V109/><F32/><W84/><G118/><T72/><D72/><U100/><REACH who="1" step="1"/><E4/><REACH who="1" ten="172,142,502,174" step="2"/><V97/><F7/><W9/><G67/><T120/><D120/><U27/><E27/><V116/><F6/><W106/><G29/><T15/><D8/><U49/><AGARI ba="0,1" hai="17,18,47,49,52,73,77,80,89,94,96,100,102,103" machi="49" ten="30,4000,0" yaku="1,1,0,1,54,1,53,0" doraHai="60" doraHaiUra="122" who="1" fromWho="1" sc="172,-20,142,50,502,-10,174,-10" /><INIT seed="5,0,0,3,3,40" ten="152,192,492,164" oya="1" hai0="31,6,23,46,52,111,81,117,63,120,62,55,44" hai1="9,3,126,91,128,123,36,16,11,14,70,53,101" hai2="0,50,133,5,2,121,79,30,76,99,41,95,20" hai3="43,135,61,4,124,106,35,7,127,65,114,113,28"/><U97/><E123/><V102/><F133/><W48/><G106/><T104/><D104/><U103/><E70/><V54/><F41/><W112/><G28/><T19/><D111/><U98/><E36/><V58/><F121/><W83/><G35/><T73/><D73/><U21/><E128/><V13/><F30/><W22/><G22/><T49/><D117/><U122/><E122/><V29/><F29/><W24/><G24/><T32/><D120/><U60/><E126/><N who="3" m="48170" /><G83/><T88/><D6/><N who="3" m="2089" /><G48/><N who="0" m="28679" /><D31/><U100/><E3/><V129/><F129/><W131/><G43/><T107/><D32/><U27/><E14/><V39/><F39/><W93/><G93/><T68/><D68/><U69/><E69/><V59/><F58/><N who="3" m="37047" /><G131/><T96/><D107/><U115/><E115/><N who="3" m="29442" /><W86/><DORA hai="17" /><G86/><N who="0" m="50255" /><D96/><N who="1" m="36971" /><E91/><V57/><F59/><AGARI ba="0,0" hai="9,11,16,21,27,53,59,60,100,101,103" m="36971" machi="59" ten="30,5800,0" yaku="8,1,52,1,54,1" doraHai="40,17" who="1" fromWho="2" sc="152,0,192,58,492,-58,164,0" /><INIT seed="5,1,0,4,1,39" ten="152,250,434,164" oya="1" hai0="84,2,127,32,51,94,107,52,67,88,61,111,63" hai1="7,31,122,109,62,58,81,45,70,36,102,57,5" hai2="16,75,132,108,90,65,135,6,38,85,72,121,118" hai3="3,129,43,123,37,4,114,106,79,80,66,20,101"/><U48/><E70/><V69/><F108/><W68/><G123/><T12/><D2/><U92/><E36/><V96/><F118/><W89/><G89/><T113/><D32/><U93/><E122/><V24/><F121/><W97/><G114/><T17/><D107/><U83/><E109/><V110/><F110/><W44/><G20/><T64/><D111/><U46/><E48/><V25/><F38/><W100/><G101/><T19/><D127/><U56/><E62/><N who="0" m="23561" /><D113/><U130/><E102/><V26/><F96/><W134/><G134/><N who="2" m="51241" /><F6/><W13/><G13/><T124/><D124/><U112/><E112/><V120/><F120/><W82/><G82/><T103/><D103/><U34/><E58/><V29/><F16/><N who="0" m="6218" /><D12/><U8/><E34/><V21/><F65/><W91/><G66/><T41/><D41/><U74/><E8/><V55/><F55/><W22/><G43/><T125/><D125/><U99/><E31/><V117/><F69/><W10/><G68/><T50/><D50/><U76/><E74/><N who="2" m="28203" /><F117/><W40/><G37/><T131/><D131/><U30/><E30/><V95/><AGARI ba="1,0" hai="21,24,25,26,29,85,90,95" m="28203,51241" machi="95" ten="30,1100,0" yaku="20,1" doraHai="39" who="2" fromWho="2" sc="152,-4,250,-6,434,14,164,-4" /><INIT seed="6,0,0,5,2,105" ten="148,244,448,160" oya="2" hai0="74,2,104,78,79,120,117,44,10,72,48,28,122" hai1="45,14,6,55,131,8,23,92,9,130,67,29,73" hai2="85,46,95,89,54,0,108,22,36,12,20,1,3" hai3="87,118,38,21,109,53,69,127,75,93,70,133,97"/><V81/><F108/><W60/><G109/><T119/><D104/><U71/><E71/><V61/><F36/><W27/><G118/><N who="0" m="45067" /><D28/><U86/><E67/><V26/><F12/><W88/><G127/><T66/><D66/><U84/><E29/><V132/><F132/><W41/><G75/><N who="0" m="28715" /><D10/><U19/><E73/><V4/><F4/><W68/><G133/><T76/><D2/><U125/><E125/><V90/><F46/><W83/><G41/><AGARI ba="0,0" hai="41,44,48,76,78,79,120,122" m="28715,45067" machi="41" ten="40,8000,1" yaku="12,1,52,3" doraHai="105" who="0" fromWho="3" sc="148,80,244,0,448,0,160,-80" /><INIT seed="7,0,0,2,0,67" ten="228,244,448,80" oya="3" hai0="74,119,73,48,102,101,64,62,131,33,0,40,24" hai1="95,16,54,130,113,43,66,59,63,25,70,34,23" hai2="69,83,1,44,78,11,108,49,117,116,50,35,104" hai3="65,53,15,93,42,90,58,91,13,133,20,107,27"/><W31/><G107/><T85/><D0/><U96/><E113/><V38/><F69/><W79/><G133/><T88/><D119/><U129/><E34/><V52/><F35/><W18/><G42/><T109/><D109/><U132/><E132/><V128/><F38/><W105/><G105/><T110/><D110/><U61/><REACH who="1" step="1"/><E43/><REACH who="1" ten="228,234,448,80" step="2"/><V68/><F49/><W72/><G65/><T126/><D48/><U3/><E3/><V71/><F11/><W10/><G72/><T123/><D40/><U60/><E60/><V7/><F104/><W86/><G79/><T32/><D32/><U80/><E80/><V47/><F47/><W4/><G91/><AGARI ba="0,1" hai="16,23,25,54,59,61,63,66,70,91,95,96,129,130" machi="91" ten="40,12000,2" yaku="1,1,25,2,52,1,54,1,53,1" doraHai="67" doraHaiUra="84" who="1" fromWho="3" sc="228,0,234,130,448,0,80,-120" owari="228,-17.2,364,16.4,448,54.8,-40,-54.0" /></mjloggm>