<mjloggm ver="2.3"><GO type="41" lobby="0"/><UN n0="%E3%82%A2%E3%83%9D%E3%82%B8%E3%82%B9%E3%83%88" n1="%30%30%30%31%30%30%30%31" n2="%E9%98%BF%E5%BC%A5%E9%99%80" n3="%E2%93%9D%4C%75%63%6B%79%4A" dan="14,16,14,18" rate="1992.70,2084.13,1996.94,2202.22" sx="M,M,M,M"/><TAIKYOKU oya="0"/><INIT seed="0,0,0,5,4,23" ten="250,250,250,250" oya="0" hai0="31,52,115,43,48,95,61,74,97,132,108,47,50" hai1="57,101,106,80,20,26,70,42,88,104,116,62,39" hai2="64,11,60,89,14,16,79,121,8,35,25,100,58" hai3="36,135,94,114,2,46,130,122,75,98,111,77,82"/><T91/><D74/><U7/><E70/><V24/><F121/><W67/><G114/><T69/><D115/><U73/><E101/><V53/><F35/><W41/><G122/><T90/><D132/><U118/><E7/><V65/><F100/><W9/><G111/><T0/><D0/><U99/><E42/><V134/><F134/><W51/><G135/><T56/><D108/><U81/><E39/><V68/><F79/><W59/><G130/><T110/><D110/><U84/><E118/><V19/><F89/><W85/><G67/><N who="2" m="25673" /><F68/><W72/><G59/><T119/><D69/><U17/><E116/><V113/><F113/><W28/><G28/><T129/><D129/><U13/><E99/><V6/><F6/><W32/><G32/><T103/><D119/><U30/><E80/><V112/><F112/><W93/><G94/><T66/><REACH who="0" step="1"/><D31/><REACH who="0" ten="240,250,250,250" step="2"/><U12/><E30/><V22/><F8/><W120/><G9/><T131/><D131/><U34/><E34/><V63/><F63/><W109/><G109/><T15/><D15/><AGARI ba="0,1" hai="11,14,15,16,19,22,24,25,53,58,60" m="25673" machi="15" ten="30,7700,0" yaku="8,1,52,2,54,1" doraHai="23" who="2" fromWho="0" sc="240,-77,250,0,250,87,250,0" /><INIT seed="1,0,0,3,5,45" ten="163,250,337,250" oya="1" hai0="15,11,97,42,135,64,40,131,59,96,48,26,49" hai1="67,14,19,106,71,82,63,101,35,13,5,121,57" hai2="134,85,7,92,91,55,62,110,65,122,124,129,10" hai3="0,29,112,21,90,17,70,33,128,125,74,23,22"/><U61/><E121/><V80/><F122/><W107/><G74/><T47/><D131/><U130/><E35/><V50/><F110/><W118/><G107/><T132/><D26/><U95/><E130/><V109/><F109/><W60/><G90/><T126/><D126/><U104/><E82/><V30/><F134/><N who="0" m="51242" /><D64/><U77/><E77/><V25/><F124/><W27/><G112/><T83/><D83/><U66/><E101/><V28/><F129/><W99/><G99/><T9/><D59/><U36/><E36/><V44/><F92/><W69/><G70/><T4/><D11/><U123/><E95/><V72/><F25/><W87/><G69/><T86/><D86/><U37/><E37/><V116/><F116/><W38/><G38/><T6/><D6/><U52/><E123/><V2/><REACH who="2" step="1"/><F72/><REACH who="2" ten="163,250,327,250" step="2"/><W89/><G125/><T51/><D42/><U120/><E120/><V16/><F16/><W56/><G17/><T81/><D81/><U1/><E19/><V114/><F114/><W108/><G128/><T94/><D94/><U105/><E106/><V53/><F53/><W18/><G18/><T127/><D127/><U100/><E105/><V79/><F79/><W8/><G108/><T75/><D75/><U117/><E104/><V31/><F31/><W68/><G29/><T102/><D102/><U76/><E100/><V88/><F88/><W103/><G89/><T39/><AGARI ba="0,1" hai="4,9,15,39,40,47,48,49,51,96,97" m="51242" machi="39" ten="30,7900,0" yaku="20,1,52,3" doraHai="45" who="0" fromWho="0" sc="163,89,250,-39,327,-20,250,-20" /><INIT seed="2,0,0,3,5,43" ten="252,211,307,230" oya="2" hai0="86,128,47,75,18,33,6,102,130,110,84,0,55" hai1="7,21,80,122,10,69,104,25,108,95,107,72,50" hai2="26,112,1,3,101,23,46,41,96,116,8,97,60" hai3="121,123,70,40,61,71,2,103,98,83,36,42,19"/><V49/><F116/><W67/><G2/><T58/><D33/><U35/><E69/><V106/><F112/><W119/><G119/><T24/><D75/><U74/><E108/><V88/><F60/><W34/><G19/><T30/><D110/><U28/><E122/><V51/><F8/><W52/><G83/><T89/><D102/><U15/><E74/><V85/><F97/><W62/><G34/><T57/><D6/><U45/><E95/><V100/><F100/><W126/><G126/><T90/><D0/><U38/><E38/><V127/><F51/><W56/><G71/><T32/><D18/><U65/><E65/><V37/><F37/><W20/><G20/><T13/><D13/><U124/><E124/><V125/><F127/><W81/><G81/><T77/><D77/><U99/><E99/><V22/><F22/><W113/><G113/><T111/><D111/><U132/><E132/><V12/><F12/><W4/><G4/><T93/><D128/><U29/><E29/><V87/><F87/><W76/><G76/><T66/><D66/><U133/><E133/><V9/><F9/><W120/><REACH who="3" step="1"/><G36/><REACH who="3" ten="252,211,307,220" step="2"/><T11/><D130/><U105/><E35/><V91/><F125/><W92/><AGARI ba="0,1" hai="40,42,52,56,61,62,67,70,92,98,103,120,121,123" machi="92" ten="30,7900,0" yaku="1,1,2,1,0,1,54,1,53,0" doraHai="43" doraHaiUra="68" who="3" fromWho="3" sc="252,-20,211,-20,307,-39,220,89" /><INIT seed="3,0,0,0,5,19" ten="232,191,268,309" oya="3" hai0="39,23,107,22,94,102,10,124,98,11,35,99,15" hai1="88,47,28,100,3,69,114,113,106,115,111,95,57" hai2="93,6,110,96,58,134,76,123,20,21,82,24,75" hai3="92,13,74,38,128,30,8,71,48,84,45,29,25"/><W32/><G74/><T78/><D39/><U135/><E69/><V81/><F110/><W40/><G128/><T103/><D35/><U41/><E3/><V131/><F131/><W105/><G105/><T126/><D78/><U0/><E0/><V125/><F6/><W37/><G71/><T51/><D51/><U34/><E135/><V16/><F82/><W65/><G65/><T117/><D117/><U80/><E111/><V101/><F134/><W52/><G30/><T109/><D109/><U49/><E34/><V73/><F125/><N who="0" m="48234" /><D15/><U120/><E28/><V14/><F123/><W83/><G92/><T54/><D54/><U56/><E120/><V97/><F97/><N who="0" m="36874" /><D94/><U18/><E100/><N who="0" m="38441" /><D107/><U27/><E106/><V133/><F133/><W121/><G121/><T26/><D26/><U5/><E5/><V7/><F7/><W43/><G38/><T1/><D1/><U67/><E67/><V44/><F44/><W104/><G37/><T36/><D36/><U55/><E95/><V127/><F127/><W62/><G104/><T91/><D91/><U119/><E119/><V53/><F81/><W64/><G64/><T46/><D46/><U50/><E57/><V33/><F76/><W85/><G83/><T60/><D60/><U132/><E132/><V2/><F2/><W17/><REACH who="3" step="1"/><G62/><REACH who="3" ten="232,191,268,299" step="2"/><T63/><D63/><U116/><E116/><V122/><F122/><W112/><G112/><T70/><D70/><U31/><E31/><N who="2" m="17799" /><F33/><W77/><G77/><T61/><D61/><U129/><E129/><V86/><F86/><AGARI ba="0,1" hai="8,13,17,25,29,32,40,43,45,48,52,84,85,86" machi="86" ten="40,3900,0" yaku="1,1,54,1,53,0" doraHai="19" doraHaiUra="89" who="3" fromWho="2" sc="232,0,191,0,268,-39,299,49" /><INIT seed="3,1,0,1,3,21" ten="232,191,229,348" oya="3" hai0="15,32,80,51,111,53,63,19,7,131,8,73,109" hai1="3,95,96,18,46,110,56,12,42,83,94,84,22" hai2="107,78,33,68,6,27,65,25,60,103,50,114,124" hai3="11,123,2,20,44,130,106,0,92,89,34,28,24"/><W104/><G123/><T88/><D32/><U99/><E3/><V48/><F114/><W71/><G71/><T40/><D131/><U52/><E110/><N who="0" m="41993" /><D73/><U120/><E120/><V82/><F124/><W132/><G130/><T30/><D30/><U41/><E46/><V127/><F127/><W1/><G132/><T90/><D63/><U69/><E69/><V105/><F6/><W85/><G34/><T58/><D40/><U57/><E57/><V72/><F107/><W77/><G77/><T98/><D98/><U62/><E95/><V116/><F116/><W29/><G29/><T10/><D80/><U86/><E86/><V76/><F76/><W112/><G112/><T122/><D122/><U101/><REACH who="1" step="1"/><E99/><REACH who="1" ten="232,181,229,348" step="2"/><N who="2" m="61695" /><F68/><W102/><G44/><T74/><D74/><U5/><E5/><V100/><F72/><W14/><REACH who="3" step="1"/><G102/><REACH who="3" ten="232,181,229,338" step="2"/><T134/><D134/><U118/><E118/><V81/><F100/><W93/><G93/><T97/><D97/><U26/><E26/><V37/><F25/><W135/><G135/><T133/><D133/><U45/><E45/><V61/><F82/><W66/><G66/><T115/><D115/><U17/><E17/><AGARI ba="1,2" hai="0,1,2,11,14,17,20,24,28,85,89,92,104,106" machi="17" ten="40,3900,0" yaku="1,1,52,1,53,0" doraHai="21" doraHaiUra="43" who="3" fromWho="1" sc="232,0,181,-42,229,0,338,62" /><INIT seed="3,2,0,2,0,106" ten="232,139,229,400" oya="3" hai0="115,21,10,87,52,54,76,39,65,74,109,95,131" hai1="129,97,86,45,1,132,100,110,102,73,23,70,19" hai2="88,72,128,18,84,7,127,59,77,133,16,85,118" hai3="82,123,122,41,44,30,89,92,116,69,5,96,51"/><W33/><G116/><T42/><D115/><U104/><E1/><V121/><F118/><W134/><G69/><T11/><D131/><U99/><E110/><V4/><F128/><W108/><G108/><T93/><D109/><U130/><E70/><V37/><F37/><W117/><G117/><T24/><D65/><U43/><E132/><V75/><F133/><W62/><G134/><T13/><D39/><U22/><E86/><V67/><F127/><W49/><G62/><T8/><D42/><U119/><E119/><V90/><F67/><W40/><G5/><T0/><D0/><U107/><E23/><V12/><F59/><W63/><G63/><T26/><D13/><U64/><E64/><V91/><F91/><W80/><G30/><N who="0" m="17679" /><D74/><U68/><E68/><V114/><F12/><W20/><G33/><T94/><D26/><U32/><E32/><V126/><F126/><W46/><REACH who="3" step="1"/><G20/><REACH who="3" ten="232,139,229,390" step="2"/><T9/><N who="0" m="2048" /><DORA hai="105" /><T38/><D38/><U28/><E130/><V2/><F2/><W48/><G48/><T35/><D35/><U31/><E129/><V3/><F3/><W124/><G124/><T25/><D25/><U36/><REACH who="1" step="1"/><E73/><REACH who="1" ten="232,129,229,390" step="2"/><V47/><F114/><W113/><G113/><T14/><D14/><AGARI ba="2,2" hai="14,19,22,28,31,36,43,45,97,99,100,102,104,107" machi="14" ten="30,7700,0" yaku="1,1,2,1,7,1,9,1,53,0" doraHai="106,105" doraHaiUra="78,79" who="1" fromWho="0" sc="232,-83,129,103,229,0,390,0" /><INIT seed="4,0,0,4,5,3" ten="149,232,229,390" oya="0" hai0="1,123,82,44,127,20,95,98,113,21,24,55,105" hai1="2,53,56,17,114,72,88,110,77,74,59,107,126" hai2="102,121,131,62,11,33,26,45,90,63,8,118,47" hai3="23,134,36,28,70,39,61,19,79,27,51,125,60"/><T96/><D1/><U76/><E126/><V10/><F121/><W101/><G125/><T116/><D127/><U83/><E110/><V104/><F131/><W16/><G79/><T108/><D123/><U41/><E107/><V6/><F118/><W120/><G120/><T43/><D116/><U31/><E2/><V109/><F109/><W52/><G101/><T46/><D108/><U112/><E31/><V129/><F129/><W5/><G39/><T68/><D68/><U34/><E34/><V86/><F104/><W130/><G36/><T135/><D105/><U81/><E17/><N who="3" m="6730" /><G70/><T50/><D135/><U124/><E124/><V0/><F102/><W69/><G69/><T87/><D113/><U71/><E71/><V40/><F63/><N who="3" m="24139" /><G134/><T85/><D24/><U4/><E41/><V91/><F62/><W106/><G106/><T75/><D75/><U7/><E88/><V58/><F58/><N who="3" m="33055" /><G130/><T67/><D67/><U37/><E53/><V29/><F91/><W14/><G14/><T13/><D13/><U42/><E42/><V89/><F89/><W94/><G94/><T54/><D95/><U15/><E15/><V111/><F111/><W73/><G73/><T128/><D128/><U115/><E37/><V49/><REACH who="2" step="1"/><F47/><REACH who="2" ten="149,232,219,390" step="2"/><W117/><G117/><T93/><D46/><U99/><E115/><V25/><F25/><W35/><G35/><T38/><D44/><U100/><E100/><V12/><F12/><W97/><G97/><AGARI ba="0,1" hai="4,7,56,59,72,74,76,77,81,83,97,99,112,114" machi="97" ten="25,6400,0" yaku="22,2,52,2" doraHai="3" who="1" fromWho="3" sc="149,0,232,74,219,0,390,-64" /><INIT seed="5,0,0,5,0,100" ten="149,306,219,326" oya="1" hai0="87,131,90,4,130,63,114,82,85,78,71,119,31" hai1="21,128,94,118,112,77,34,40,24,111,35,0,7" hai2="17,55,101,54,104,122,84,13,53,48,37,58,126" hai3="59,6,26,49,124,32,80,133,19,116,14,9,5"/><U129/><E118/><V105/><F122/><W60/><G116/><T30/><D4/><U12/><E40/><V102/><F37/><W83/><G133/><T44/><D44/><U47/><E47/><V39/><F39/><W106/><G106/><T75/><D119/><U132/><E77/><V15/><F126/><W41/><G124/><T62/><D71/><U33/><E132/><V22/><F13/><W91/><G32/><T61/><D114/><U66/><E94/><V29/><F29/><W134/><G26/><T108/><D108/><U98/><E98/><V69/><F69/><W92/><G49/><T72/><D87/><U25/><E66/><V123/><F123/><W68/><G68/><T121/><D121/><U109/><E112/><V50/><F55/><W8/><G41/><T18/><D18/><N who="1" m="10439" /><E7/><N who="3" m="2570" /><G9/><T95/><REACH who="0" step="1"/><D75/><REACH who="0" ten="139,306,219,326" step="2"/><U113/><E113/><V103/><REACH who="2" step="1"/><F84/><REACH who="2" ten="139,306,209,326" step="2"/><N who="3" m="52327" /><G134/><T11/><D11/><U45/><E111/><V52/><F52/><AGARI ba="0,2" hai="8,14,19,52,59,60,80,83" m="52327,2570" machi="52" ten="30,2000,0" yaku="8,1,54,1" doraHai="100" who="3" fromWho="2" sc="139,0,306,0,209,-20,326,40" /><INIT seed="6,0,0,5,1,69" ten="139,306,189,366" oya="2" hai0="10,0,38,42,76,130,73,56,64,4,134,85,61" hai1="110,114,52,35,119,40,23,122,125,31,118,14,39" hai2="60,27,68,41,53,30,99,1,82,135,112,86,70" hai3="13,49,72,22,88,8,45,18,96,6,102,62,121"/><V79/><F1/><W44/><G121/><T81/><D134/><U48/><E110/><V43/><F135/><W101/><G72/><T11/><D11/><U67/><E125/><V95/><F112/><W104/><G62/><T57/><D130/><U91/><E114/><V75/><F75/><W124/><G124/><T9/><D9/><U103/><E103/><V71/><F53/><W120/><G120/><T24/><D85/><U50/><E67/><V51/><F60/><W80/><G102/><T116/><D24/><U25/><E48/><V117/><F117/><W2/><REACH who="3" step="1"/><G49/><REACH who="3" ten="139,306,189,356" step="2"/><T108/><D108/><U66/><E122/><V16/><F51/><W58/><G58/><N who="0" m="36919" /><D116/><U63/><E119/><V21/><REACH who="2" step="1"/><F30/><REACH who="2" ten="139,306,179,356" step="2"/><W28/><G28/><T83/><D83/><U93/><E31/><V94/><F94/><W3/><G3/><T113/><D113/><U7/><E93/><V12/><F12/><W36/><G36/><T32/><D32/><U111/><E39/><V133/><F133/><W65/><G65/><T74/><D74/><U33/><E14/><V19/><F19/><W84/><AGARI ba="0,2" hai="2,6,8,13,18,22,44,45,80,84,88,96,101,104" machi="84" ten="30,4000,0" yaku="1,1,0,1,54,1,53,0" doraHai="69" doraHaiUra="47" who="3" fromWho="3" sc="139,-10,306,-10,179,-20,356,60" /><INIT seed="7,0,0,0,2,35" ten="129,296,159,416" oya="3" hai0="9,22,111,77,68,100,93,126,84,37,124,51,24" hai1="0,36,10,103,27,23,72,44,86,17,118,53,5" hai2="133,55,73,59,64,28,99,134,7,19,21,135,110" hai3="39,41,132,65,96,43,91,120,38,123,56,60,2"/><W30/><G2/><T81/><D37/><N who="3" m="13833" /><G91/><T83/><D68/><U113/><E118/><V13/><F110/><W105/><G96/><N who="0" m="59407" /><D9/><U98/><E113/><V74/><F64/><W49/><G105/><T18/><D51/><U82/><E72/><V101/><F7/><W34/><G34/><T54/><D54/><U88/><E36/><V50/><REACH who="2" step="1"/><F28/><REACH who="2" ten="129,296,149,416" step="2"/><W115/><G30/><T117/><D111/><U131/><E131/><V128/><F128/><W90/><G65/><T67/><D67/><U127/><E127/><N who="0" m="48681" /><D117/><U75/><E75/><V71/><F71/><W32/><G123/><T87/><D83/><U85/><E85/><V3/><F3/><W112/><G115/><T102/><D102/><U119/><E119/><V16/><F16/><W94/><G112/><T69/><D69/><U114/><E114/><V130/><F130/><W95/><G120/><T129/><D129/><U63/><E44/><V15/><F15/><W31/><G31/><T104/><D87/><U61/><REACH who="1" step="1"/><E53/><REACH who="1" ten="129,286,149,416" step="2"/><V79/><F79/><W70/><G70/><T106/><AGARI ba="0,2" hai="18,22,24,77,81,84,104,106" m="48681,59407" machi="106" ten="30,1100,0" yaku="18,1" doraHai="35" who="0" fromWho="0" sc="129,31,286,-3,149,-3,416,-5" owari="160,-24.0,283,8.3,146,-35.4,411,51.1" /></mjloggm>