<mjloggm ver="2.3"><GO type="41" lobby="0"/><UN n0="%E3%82%AD%E3%83%A9%E3%83%96" n1="%6D%69%6E%69%6B%75%6D%61" n2="%E3%81%AA%E3%81%8A" n3="%E2%93%9D%4C%75%63%6B%79%4A" dan="13,16,15,13" rate="1912.97,2082.99,1950.57,1828.67" sx="M,M,F,M"/><TAIKYOKU oya="0"/><INIT seed="0,0,0,1,2,65" ten="250,250,250,250" oya="0" hai0="105,59,86,49,126,103,44,96,84,119,104,120,12" hai1="7,132,117,131,16,112,57,41,77,115,0,83,91" hai2="62,28,130,29,64,27,47,67,33,21,39,106,51" hai3="37,45,92,78,14,129,25,74,114,111,4,43,52"/><T8/><D119/><U68/><E117/><V30/><F106/><W70/><G114/><N who="1" m="43562" /><E41/><V42/><F130/><W98/><G129/><T134/><D105/><U123/><E123/><V38/><F33/><W3/><G14/><T125/><D120/><U40/><E40/><V15/><F15/><W5/><G111/><T50/><D134/><U90/><E132/><V11/><F11/><W108/><G108/><T35/><D59/><U48/><E68/><V22/><F64/><W72/><G25/><T31/><D50/><U109/><E16/><V102/><F102/><W66/><G78/><T80/><D31/><U53/><E131/><V9/><F9/><W97/><G98/><T79/><D35/><U73/><E109/><V55/><F22/><W101/><G3/><T88/><D84/><U61/><E48/><V58/><REACH who="2" step="1"/><F38/><REACH who="2" ten="250,250,240,250" step="2"/><W135/><G37/><T113/><D113/><U18/><E18/><V20/><F20/><W99/><G135/><T75/><D8/><AGARI ba="0,1" hai="0,7,8,53,57,61,73,77,83,90,91" m="43562" machi="8" ten="30,1000,0" yaku="11,1" doraHai="65" who="1" fromWho="0" sc="250,-10,250,20,240,0,250,0" /><INIT seed="1,0,0,3,3,16" ten="240,270,240,250" oya="1" hai0="104,61,107,128,81,78,6,28,1,29,45,74,67" hai1="105,43,23,101,63,34,116,91,55,126,118,25,83" hai2="35,122,131,82,103,60,53,4,85,33,124,40,69" hai3="100,86,117,10,135,57,39,3,88,77,95,15,36"/><U96/><E126/><V50/><F122/><W27/><G3/><T99/><D28/><U94/><E34/><V17/><F124/><W115/><G115/><T31/><D128/><U102/><E43/><V71/><F131/><W120/><G120/><T80/><D99/><U42/><E42/><V12/><F103/><W26/><G135/><T44/><D81/><U129/><E129/><V9/><F35/><W133/><G133/><T123/><D31/><U112/><E112/><V72/><F72/><W24/><G117/><T49/><D29/><U75/><E102/><V93/><F33/><W51/><G77/><T114/><D45/><U59/><E83/><V30/><F30/><W111/><G111/><T38/><D49/><U52/><E55/><V89/><F60/><W8/><G10/><N who="0" m="2383" /><D114/><U108/><E75/><V92/><F40/><W22/><G100/><T11/><D11/><U66/><E66/><V62/><F62/><W48/><G51/><T13/><D13/><U113/><E113/><V132/><F132/><W97/><G97/><T64/><D64/><U0/><E0/><V19/><F69/><W119/><G119/><T109/><D109/><U58/><E108/><V125/><F71/><W130/><G130/><T87/><D87/><N who="1" m="52607" /><E59/><N who="2" m="33207" /><F125/><W76/><G57/><T106/><D123/><U134/><E134/><V14/><F4/><N who="3" m="3463" /><G48/><T68/><D107/><U20/><E25/><N who="3" m="9226" /><G76/><T54/><D54/><U18/><E18/><V121/><F121/><W79/><G79/><T73/><D73/><U127/><E127/><V56/><F56/><W90/><G90/><T2/><D2/><RYUUKYOKU ba="0,0" sc="240,0,270,0,240,0,250,0" hai0="38,44,61,67,68,74,78,80,104,106" hai1="20,23,52,58,63,96,101,105,116,118" hai2="9,12,14,17,19,82,85,89,92,93" hai3="22,24,36,39,86,88,95" /><INIT seed="1,1,0,4,1,122" ten="240,270,240,250" oya="1" hai0="125,93,126,92,50,3,38,14,12,11,96,134,64" hai1="85,40,17,120,76,114,24,6,129,39,61,45,10" hai2="48,7,115,104,56,108,25,107,43,79,99,106,90" hai3="80,105,60,59,116,131,86,29,97,81,21,52,124"/><U127/><E120/><V67/><F115/><W35/><G35/><T15/><D38/><U69/><E114/><V57/><F108/><W0/><G0/><T110/><D64/><U71/><E129/><V54/><F7/><W18/><G131/><T119/><D110/><U26/><E127/><N who="0" m="48649" /><D119/><U23/><E26/><V113/><F113/><W49/><G29/><T130/><D130/><U101/><E101/><V16/><F79/><W41/><G116/><T89/><D134/><U55/><E85/><V47/><F67/><W31/><G31/><T70/><D70/><U123/><E123/><V27/><F57/><W117/><G117/><T34/><D34/><U72/><E55/><V132/><F132/><W36/><G36/><T13/><D93/><U84/><E84/><V128/><F128/><W2/><G2/><T118/><N who="0" m="3072" /><DORA hai="20" /><T66/><D66/><U112/><E61/><V102/><F90/><W83/><G60/><T88/><D118/><U28/><E28/><V32/><F32/><W9/><G124/><T46/><D11/><U30/><E30/><V51/><REACH who="2" step="1"/><F16/><REACH who="2" ten="240,270,230,250" step="2"/><W82/><G18/><T121/><D121/><U94/><E112/><V42/><F42/><W73/><G41/><N who="0" m="24911" /><D3/><N who="1" m="351" /><E94/><AGARI ba="1,1" hai="25,27,43,47,48,51,54,56,94,99,102,104,106,107" machi="94" ten="40,5200,0" yaku="1,1,52,2,53,0" doraHai="122,20" doraHaiUra="78,19" who="2" fromWho="1" sc="240,0,270,-55,230,65,250,0" /><INIT seed="2,0,0,2,4,111" ten="240,215,295,250" oya="2" hai0="108,125,106,94,72,48,4,35,73,25,3,123,83" hai1="82,62,87,101,95,81,32,92,128,126,66,107,29" hai2="104,26,115,24,103,38,54,51,135,21,132,97,100" hai3="116,119,134,60,79,42,7,46,102,44,1,53,19"/><V91/><F115/><W47/><G102/><T131/><D123/><U88/><E128/><V120/><F120/><W114/><G79/><T10/><D108/><U96/><E126/><V99/><F38/><W69/><G7/><T74/><D125/><U22/><E32/><V76/><F76/><W86/><G19/><T37/><D131/><U41/><E41/><V112/><F112/><W75/><G86/><T68/><D94/><U5/><E5/><V93/><F91/><W28/><G28/><N who="0" m="19855" /><D48/><U31/><E107/><V113/><F113/><W90/><G90/><T11/><D11/><U124/><E124/><V27/><REACH who="2" step="1"/><F21/><REACH who="2" ten="240,215,285,250" step="2"/><W43/><G114/><T98/><D37/><U16/><E81/><V59/><AGARI ba="0,1" hai="24,26,27,51,54,59,93,97,99,100,103,104,132,135" machi="59" ten="30,6000,0" yaku="1,1,2,1,0,1,53,0" doraHai="111" doraHaiUra="58" who="2" fromWho="2" sc="240,-20,215,-20,285,70,250,-20" /><INIT seed="2,1,0,4,3,134" ten="220,195,355,230" oya="2" hai0="52,55,47,64,105,72,38,76,78,89,135,90,102" hai1="3,126,36,131,51,95,112,82,114,104,23,98,97" hai2="10,11,24,43,67,92,34,12,25,19,44,130,48" hai3="49,113,56,133,111,128,71,7,58,93,62,86,33"/><V87/><F130/><W73/><G73/><T83/><D135/><U85/><E36/><V66/><F34/><W30/><G7/><T74/><D64/><U17/><E3/><V31/><F11/><W75/><G75/><T4/><D4/><U125/><E131/><V109/><F109/><W61/><G71/><T122/><D122/><U132/><E132/><V21/><F24/><W15/><G113/><T99/><D38/><U88/><E51/><V14/><F14/><W70/><G70/><T110/><D110/><U94/><E104/><V20/><F10/><W127/><G30/><T123/><D123/><U129/><E129/><V18/><F31/><W28/><G28/><T40/><D40/><U107/><E107/><V108/><F108/><W81/><G15/><T53/><D47/><U27/><E95/><V77/><REACH who="2" step="1"/><F92/><REACH who="2" ten="220,195,345,230" step="2"/><W121/><G93/><T80/><AGARI ba="1,1" hai="52,53,55,72,74,76,78,80,83,89,90,99,102,105" machi="80" ten="30,4000,0" yaku="0,1,9,1,54,1" doraHai="134" who="0" fromWho="0" sc="220,53,195,-11,345,-21,230,-11" /><INIT seed="3,0,0,0,3,94" ten="273,184,324,219" oya="3" hai0="35,41,64,14,46,56,120,31,98,39,36,55,125" hai1="111,86,11,135,32,102,19,116,70,23,24,9,131" hai2="97,110,4,8,38,113,88,34,118,54,20,61,10" hai3="112,60,89,5,13,47,50,37,73,85,57,22,91"/><W107/><G73/><T130/><D120/><U128/><E70/><V49/><F110/><W95/><G107/><T104/><D125/><U129/><E86/><V103/><F113/><W51/><G112/><T96/><D130/><U21/><E102/><V83/><F118/><W126/><G126/><T18/><D104/><U81/><E81/><V127/><F127/><W2/><G2/><T90/><D36/><U0/><E111/><V132/><F132/><W69/><G69/><T68/><D90/><U53/><E53/><V117/><F117/><W100/><G100/><T124/><D31/><N who="1" m="19559" /><E116/><V42/><F38/><W105/><G105/><T3/><D35/><U77/><E77/><V115/><F115/><W80/><G37/><T27/><D124/><U75/><E75/><V7/><F34/><W45/><G47/><T52/><D3/><U76/><E76/><V28/><F42/><W108/><G45/><T134/><D55/><U71/><E71/><V44/><F61/><W43/><G43/><T106/><D134/><U133/><E23/><V119/><F119/><W15/><G22/><T26/><D106/><U62/><E62/><V58/><F44/><W25/><G108/><T1/><D1/><U30/><E30/><V101/><F20/><W6/><G60/><N who="0" m="39943" /><D27/><N who="1" m="14783" /><E9/><N who="2" m="3691" /><F28/><W29/><G29/><T65/><D65/><U79/><E79/><V84/><F97/><N who="3" m="57599" /><G25/><T92/><D26/><U123/><E123/><V59/><F59/><W82/><G57/><T12/><D92/><U67/><E67/><V40/><F40/><W17/><G82/><T78/><D78/><U16/><E0/><RYUUKYOKU ba="0,0" sc="273,-15,184,15,324,15,219,-15" hai1="11,16,128,129,131,133,135" hai2="4,7,49,54,58,83,84,88,101,103" /><INIT seed="4,1,0,4,3,31" ten="258,199,339,204" oya="0" hai0="21,127,24,103,62,81,11,6,41,120,99,91,119" hai1="26,117,49,66,65,14,116,16,38,35,5,10,98" hai2="128,54,97,58,39,32,25,17,36,126,115,67,23" hai3="93,68,87,124,7,111,59,60,80,96,86,28,92"/><T1/><D119/><U12/><E38/><V33/><F67/><W70/><G111/><T43/><D120/><U71/><E71/><V74/><F74/><W83/><G7/><T134/><D127/><U77/><E77/><V101/><F126/><W19/><G28/><T133/><D62/><U40/><E117/><V95/><F128/><W34/><G19/><T55/><D81/><U113/><E116/><V50/><F115/><W90/><G34/><T105/><D91/><U20/><E113/><V9/><F9/><W37/><G37/><T29/><REACH who="0" step="1"/><D55/><REACH who="0" ten="248,199,339,204" step="2"/><U2/><E65/><V104/><F39/><W8/><G124/><T56/><D56/><U135/><E66/><V94/><F36/><W57/><G60/><T44/><D44/><U108/><E40/><AGARI ba="1,1" hai="1,6,11,21,24,29,40,41,43,99,103,105,133,134" machi="40" ten="40,3900,0" yaku="1,1,53,1" doraHai="31" doraHaiUra="100" who="0" fromWho="1" sc="248,52,199,-42,339,0,204,0" /><INIT seed="4,2,0,4,2,76" ten="300,157,339,204" oya="0" hai0="96,84,101,113,6,13,49,118,62,43,72,63,32" hai1="53,109,78,30,115,54,65,31,131,124,46,116,128" hai2="36,9,127,66,58,42,129,93,134,11,92,34,73" hai3="70,86,106,56,55,83,61,88,91,5,82,135,22"/><T80/><D113/><U85/><E109/><V45/><F127/><W97/><G70/><T77/><D118/><U20/><E116/><V12/><F129/><N who="1" m="49737" /><E124/><V28/><F134/><W4/><G135/><T10/><D32/><U125/><E125/><V126/><F126/><W71/><G71/><T103/><D72/><U132/><E65/><V112/><F112/><W24/><G106/><T81/><D81/><N who="3" m="30729" /><G97/><T89/><D103/><U38/><E85/><V41/><F73/><W119/><G119/><T123/><D89/><N who="3" m="34377" /><G86/><T7/><D7/><U79/><E115/><V50/><F36/><W52/><G55/><T35/><D35/><U40/><E132/><V14/><F66/><W74/><G74/><T39/><D39/><U107/><E107/><V67/><F67/><W37/><G37/><T48/><D48/><U60/><E54/><V133/><F133/><W69/><G69/><T64/><D64/><U94/><E94/><V29/><F50/><W130/><G130/><T2/><D2/><U23/><E79/><V111/><F92/><W110/><G110/><T108/><D108/><U15/><E78/><V122/><F111/><W44/><G44/><N who="0" m="25759" /><D123/><U8/><E53/><V95/><F122/><W105/><G105/><AGARI ba="2,0" hai="6,10,13,62,63,77,80,84,96,101,105" m="25759" machi="105" ten="30,2900,0" yaku="25,1,52,1" doraHai="76" who="0" fromWho="3" sc="300,35,157,0,339,0,204,-35" /><INIT seed="4,3,0,1,5,135" ten="335,157,339,169" oya="0" hai0="93,89,87,27,29,110,33,88,115,133,114,74,95" hai1="80,5,16,15,132,123,102,6,47,50,75,17,109" hai2="77,0,84,54,60,20,9,129,10,120,86,2,96" hai3="85,108,59,38,13,34,7,73,106,51,68,14,44"/><T128/><D74/><U112/><E109/><V32/><F120/><W31/><G68/><T78/><D133/><U23/><E132/><V48/><F129/><W124/><G38/><T130/><D110/><U91/><E123/><V92/><F32/><W100/><G73/><T41/><D78/><U53/><E102/><V25/><F2/><W63/><G34/><T71/><D41/><U97/><E112/><N who="0" m="43049" /><D71/><U21/><E75/><V131/><F131/><N who="0" m="50218" /><D89/><U83/><E80/><AGARI ba="3,0" hai="27,29,33,80,87,88,93,95" m="50218,43049" machi="80" ten="30,5800,0" yaku="15,1,19,1,54,1" doraHai="135" who="0" fromWho="1" sc="335,67,157,-67,339,0,169,0" /><INIT seed="4,4,0,0,0,54" ten="402,90,339,169" oya="0" hai0="133,62,94,120,101,21,29,69,63,79,72,135,70" hai1="9,113,64,11,53,38,0,46,20,17,8,28,124" hai2="6,81,55,121,111,3,134,78,77,22,118,105,71" hai3="125,99,57,24,80,106,65,33,92,45,108,128,4"/><T19/><D120/><U90/><E124/><V47/><F121/><W97/><G108/><T52/><D29/><U109/><E109/><V26/><F118/><W116/><G4/><T36/><D36/><U130/><E130/><V44/><F134/><N who="0" m="51210" /><D79/><U40/><E0/><V12/><F111/><W37/><G99/><N who="0" m="59639" /><D72/><U10/><E64/><V126/><F105/><W119/><G106/><T49/><D63/><U132/><E132/><V41/><F71/><W31/><G125/><T39/><D62/><U50/><E113/><V51/><F126/><W86/><G128/><T5/><D39/><U102/><E102/><V75/><F77/><W122/><G122/><T61/><D61/><U100/><E100/><V27/><F12/><W48/><G37/><T112/><D5/><U67/><E67/><V56/><F22/><W35/><G65/><T1/><D1/><U110/><E110/><V129/><F129/><W18/><G35/><T83/><D83/><U23/><N who="1" m="2048" /><DORA hai="15" /><U2/><E2/><V91/><F6/><W68/><G33/><T66/><D66/><U95/><E28/><V13/><F13/><W7/><G31/><T104/><D104/><U107/><E107/><V58/><F3/><W103/><G7/><T59/><D112/><U43/><E38/><V87/><F27/><AGARI ba="4,0" hai="19,21,27,49,52,59,69,70" m="59639,51210" machi="27" ten="30,11600,0" yaku="20,1,52,2,54,1" doraHai="54,15" who="0" fromWho="2" sc="402,128,90,0,339,-128,169,0" /><INIT seed="4,5,0,4,0,127" ten="530,90,211,169" oya="0" hai0="28,66,99,20,88,79,77,108,39,76,36,101,87" hai1="78,45,74,2,3,8,29,119,48,46,123,14,17" hai2="112,32,85,86,75,83,114,9,126,89,98,57,104" hai3="33,91,25,37,72,71,100,94,4,1,41,54,120"/><T60/><D108/><U109/><E119/><V103/><F32/><W26/><G71/><T22/><D28/><U97/><E109/><V121/><F9/><W35/><G100/><T44/><D39/><U42/><E123/><V84/><F121/><W30/><G72/><T52/><D36/><U68/><E68/><V47/><F47/><W34/><G54/><T51/><D66/><U90/><E29/><V65/><F57/><W125/><G125/><T18/><D60/><U67/><E67/><V107/><F65/><W117/><G117/><T43/><D43/><U50/><E78/><N who="2" m="44511" /><F126/><W93/><G120/><T27/><D22/><U55/><E74/><V133/><F133/><W24/><G30/><T130/><D130/><U31/><E31/><V131/><F107/><W49/><G37/><T19/><D99/><U113/><E113/><N who="2" m="43627" /><F131/><W96/><G35/><T124/><D101/><U13/><E13/><V115/><N who="2" m="43635" /><V122/><DORA hai="118" /><F122/><W92/><G34/><T95/><D124/><U73/><REACH who="1" step="1"/><E73/><REACH who="1" ten="530,80,211,169" step="2"/><V62/><F62/><W116/><G33/><T82/><REACH who="0" step="1"/><D18/><REACH who="0" ten="520,80,211,169" step="2"/><U135/><E135/><V106/><F106/><W110/><G116/><T16/><D16/><U80/><E80/><AGARI ba="5,2" hai="80,84,85,86,89,98,103,104" m="43635,44511" machi="80" ten="40,5200,0" yaku="15,1,34,2" doraHai="127,118" who="2" fromWho="1" sc="520,0,80,-67,211,87,169,0" /><INIT seed="5,0,0,2,4,80" ten="520,13,298,169" oya="1" hai0="89,46,55,75,36,23,104,106,3,39,60,28,113" hai1="71,5,122,72,4,29,61,115,68,120,130,94,63" hai2="108,31,128,67,109,45,93,34,19,10,116,50,69" hai3="127,8,78,119,100,101,9,114,131,51,105,133,7"/><U66/><E72/><V98/><F116/><W15/><G119/><T81/><D3/><U112/><E29/><V107/><F128/><W126/><G105/><T49/><D113/><U83/><E83/><V88/><F34/><W2/><G133/><T33/><D33/><U13/><E94/><V97/><F31/><W125/><G114/><N who="1" m="43562" /><E13/><V24/><F69/><N who="1" m="26697" /><E66/><V21/><F67/><W22/><G131/><T124/><D60/><N who="1" m="23115" /><E130/><V118/><F118/><W121/><G78/><T123/><D75/><U17/><E17/><V11/><F107/><W12/><G101/><T47/><D106/><U73/><E73/><V59/><F98/><W27/><G100/><T32/><D104/><U62/><N who="1" m="23123" /><U110/><DORA hai="111" /><E110/><V14/><F11/><W82/><G82/><T117/><D28/><U64/><E64/><V6/><F108/><W92/><G92/><T16/><D32/><U76/><E76/><V70/><F70/><W57/><G9/><T52/><D117/><U0/><E0/><V74/><F74/><W35/><G35/><T42/><D16/><U38/><E38/><V56/><F109/><W65/><G65/><T1/><D1/><U41/><E41/><V58/><F6/><AGARI ba="0,0" hai="4,5,6,120,122" m="23123,26697,43562" machi="6" ten="40,18000,2" yaku="28,2,15,1,52,3" doraHai="80,111" who="1" fromWho="2" sc="520,0,13,180,298,-180,169,0" /><INIT seed="5,1,0,3,5,89" ten="520,193,118,169" oya="1" hai0="52,9,38,116,85,57,111,2,74,92,104,21,127" hai1="69,10,1,75,80,32,126,36,94,119,123,64,34" hai2="53,103,98,131,18,16,108,49,100,59,33,30,29" hai3="78,99,3,58,129,13,79,109,8,117,67,55,26"/><U51/><E119/><V24/><F131/><W19/><G109/><T56/><D116/><U115/><E123/><V81/><F108/><W132/><G3/><T12/><D38/><U70/><E115/><V66/><F66/><W5/><G129/><T71/><D74/><U96/><E126/><V0/><F0/><W14/><G67/><T102/><D71/><U65/><E36/><V86/><F100/><W6/><G132/><T22/><D111/><U60/><E51/><V90/><REACH who="2" step="1"/><F30/><REACH who="2" ten="520,193,108,169" step="2"/><W134/><G117/><T120/><D127/><U28/><E65/><V95/><AGARI ba="1,1" hai="16,18,24,29,33,49,53,59,81,86,90,95,98,103" machi="95" ten="20,12000,2" yaku="1,1,2,1,0,1,7,1,52,1,54,1,53,1" doraHai="89" doraHaiUra="25" who="2" fromWho="2" sc="520,-31,193,-61,108,133,169,-31" /><INIT seed="6,0,0,2,0,124" ten="489,132,241,138" oya="2" hai0="52,33,72,22,129,6,79,89,59,1,71,109,34" hai1="88,128,81,58,107,30,110,66,85,117,127,53,115" hai2="105,16,62,133,94,13,54,82,73,114,91,25,121" hai3="111,120,103,27,42,108,122,10,75,18,41,11,112"/><V135/><F121/><W132/><G103/><T43/><D109/><N who="3" m="42057" /><G75/><T2/><D71/><U28/><E128/><V32/><F114/><W106/><G106/><T64/><D64/><U39/><E117/><V102/><F32/><W126/><G42/><T116/><D116/><U48/><E127/><V31/><F31/><N who="1" m="11817" /><E107/><V56/><F105/><W96/><G96/><T21/><D43/><U15/><E39/><V101/><F25/><W8/><G41/><T24/><D79/><U26/><E115/><V38/><F38/><W20/><G112/><T67/><D72/><U86/><E26/><V119/><F119/><W46/><G46/><T17/><D67/><U65/><E110/><V98/><F73/><W99/><G99/><T3/><D89/><N who="1" m="51375" /><E15/><V55/><F101/><W37/><G37/><T49/><D129/><U50/><E50/><V118/><F118/><W70/><G70/><T100/><D100/><U87/><E87/><V97/><F97/><W92/><G126/><T61/><D6/><U29/><N who="1" m="11825" /><U63/><DORA hai="76" /><E63/><V77/><F102/><W93/><G122/><T47/><D22/><U130/><E130/><V19/><F13/><W113/><G113/><T90/><D90/><U0/><E0/><V68/><F68/><W4/><G120/><T69/><D69/><U84/><E84/><N who="2" m="48207" /><F19/><W7/><G7/><T134/><D134/><N who="2" m="51210" /><F16/><N who="3" m="12679" /><G132/><T36/><D36/><U60/><E60/><V131/><F131/><W74/><G74/><T104/><D104/><U45/><E45/><V35/><F35/><W78/><G78/><T14/><D14/><U80/><AGARI ba="0,0" hai="48,53,58,65,66,80,86,88" m="51375,11825" machi="80" ten="30,8000,1" yaku="5,1,8,1,52,2,54,1" doraHai="124,76" who="1" fromWho="1" sc="489,-20,132,80,241,-40,138,-20" /><INIT seed="7,0,0,1,4,134" ten="469,212,201,118" oya="3" hai0="0,127,34,57,120,77,66,86,29,47,35,33,131" hai1="25,110,69,79,119,118,43,101,81,31,17,97,87" hai2="44,15,98,62,67,78,104,48,46,130,36,80,111" hai3="89,14,103,116,23,7,22,50,56,53,92,49,20"/><W76/><G116/><N who="1" m="44586" /><E110/><V95/><F111/><W65/><G76/><T72/><D127/><U5/><E5/><V45/><F130/><W60/><G103/><T59/><D120/><U55/><E43/><V52/><F36/><W82/><G82/><T73/><D0/><U102/><E69/><V88/><F104/><W99/><REACH who="3" step="1"/><G65/><REACH who="3" ten="469,212,201,108" step="2"/><T106/><D131/><U64/><E64/><V1/><F80/><W124/><G124/><T2/><D73/><U6/><E102/><V100/><F78/><W30/><G30/><T51/><D72/><U109/><E31/><V93/><F1/><W19/><G19/><T107/><D29/><U61/><E109/><V12/><F95/><W105/><G105/><T83/><D66/><U91/><E79/><V108/><F100/><W117/><G117/><T54/><D2/><U11/><E17/><V133/><F133/><W4/><G4/><T13/><D107/><U26/><E101/><V42/><F108/><W28/><G28/><T68/><D106/><U114/><E114/><V71/><F42/><W27/><G27/><T129/><D129/><U9/><E26/><V63/><F67/><W38/><G38/><T135/><D13/><N who="2" m="5194" /><F71/><W58/><G58/><AGARI ba="0,1" hai="44,45,46,48,52,58,62,63,88,93,98" m="5194" machi="58" ten="30,3900,0" yaku="8,1,54,2" doraHai="134" who="2" fromWho="3" sc="469,0,212,0,201,49,108,-39" owari="469,56.9,212,-18.8,250,5.0,69,-43.1" /></mjloggm>