<mjloggm ver="2.3"><GO type="41" lobby="0"/><UN n0="%E3%81%A1%E3%82%87%E3%81%8F" n1="%E8%8D%92%E7%86%8A" n2="%6D%74%35%36%32%32" n3="%E2%93%9D%4C%75%63%6B%79%4A" dan="15,16,14,17" rate="2029.31,2006.75,1959.81,2156.53" sx="M,M,M,M"/><TAIKYOKU oya="0"/><INIT seed="0,0,0,1,1,119" ten="250,250,250,250" oya="0" hai0="21,125,16,25,62,121,14,20,10,67,49,131,24" hai1="31,127,56,130,48,46,23,64,55,19,101,97,128" hai2="107,105,91,81,29,50,114,5,103,118,6,1,66" hai3="123,96,39,126,110,92,78,133,3,72,87,45,42"/><T11/><D121/><U44/><E31/><V34/><F114/><W15/><G3/><T109/><D125/><U27/><E127/><V4/><F118/><W99/><G126/><T86/><D131/><U93/><REACH who="1" step="1"/><E64/><REACH who="1" ten="250,240,250,250" step="2"/><V57/><F29/><W106/><G123/><T88/><D109/><U80/><E80/><V54/><F66/><W129/><G110/><T40/><D25/><U36/><E36/><V68/><F1/><W76/><G39/><T95/><D67/><U9/><E9/><V61/><F81/><W132/><G133/><T22/><D24/><U108/><E108/><V38/><F38/><W26/><G26/><T51/><D40/><U53/><E53/><V74/><F54/><W84/><G42/><T2/><REACH who="0" step="1"/><D62/><REACH who="0" ten="240,240,250,250" step="2"/><U63/><E63/><V32/><F61/><W0/><G132/><T79/><D79/><U94/><E94/><V111/><F111/><W13/><G92/><T33/><D33/><U59/><E59/><V41/><F34/><W69/><G78/><T65/><D65/><U134/><E134/><V135/><F32/><W115/><G76/><T35/><D35/><U8/><E8/><V124/><F135/><W75/><G129/><AGARI ba="0,2" hai="19,23,27,44,46,48,55,56,93,97,101,128,129,130" machi="129" ten="40,2600,0" yaku="1,1,19,1,53,0" doraHai="119" doraHaiUra="28" who="1" fromWho="3" sc="240,0,240,46,250,0,250,-26" /><INIT seed="1,0,0,5,2,69" ten="240,286,250,224" oya="1" hai0="117,121,15,49,103,34,44,1,79,131,96,118,47" hai1="52,28,2,134,125,5,24,98,38,71,37,73,19" hai2="60,55,94,41,53,39,65,102,57,116,6,68,93" hai3="20,123,114,58,67,50,0,77,109,97,101,3,42"/><U82/><E71/><V113/><F116/><W72/><G114/><T9/><D34/><U61/><E19/><V63/><F6/><W106/><G123/><T40/><D121/><U62/><E2/><V8/><F8/><W95/><G109/><T133/><D131/><U135/><E5/><V128/><F102/><W22/><G106/><T84/><D1/><U17/><E17/><V70/><F93/><W18/><G72/><T112/><D112/><U130/><E130/><V43/><F94/><W21/><G77/><T48/><D133/><N who="1" m="50699" /><E98/><V56/><F128/><W126/><G126/><T7/><D103/><U51/><E125/><V10/><F10/><W86/><G3/><T74/><D74/><U33/><E82/><V110/><F113/><W27/><G0/><T108/><D108/><U66/><E73/><V122/><F110/><W45/><REACH who="3" step="1"/><G86/><REACH who="3" ten="240,286,250,214" step="2"/><T12/><D96/><U81/><E81/><V120/><F65/><W35/><G35/><T54/><REACH who="0" step="1"/><D12/><REACH who="0" ten="230,286,250,214" step="2"/><U26/><E26/><V89/><F122/><W115/><G115/><T92/><D92/><U104/><E104/><V88/><F120/><W76/><G76/><T85/><D85/><U75/><E75/><V46/><F70/><W87/><G87/><T16/><D16/><U31/><E31/><V80/><F68/><W78/><G78/><T14/><D14/><U105/><E105/><V119/><F119/><W36/><G36/><N who="1" m="13930" /><E66/><V4/><F80/><AGARI ba="0,2" hai="7,9,15,40,44,47,48,49,54,79,80,84,117,118" machi="80" ten="40,5200,0" yaku="1,1,25,2,53,0" doraHai="69" doraHaiUra="30" who="0" fromWho="2" sc="230,72,286,0,250,-52,214,0" /><INIT seed="2,0,0,3,0,17" ten="302,286,198,214" oya="2" hai0="73,69,15,21,89,120,98,9,95,108,102,27,118" hai1="43,25,62,29,126,11,37,133,125,22,30,12,129" hai2="44,87,71,117,5,0,34,127,48,70,113,83,91" hai3="10,54,96,50,128,61,101,32,16,6,77,110,24"/><V112/><F117/><W65/><G128/><T53/><D120/><U31/><E37/><V45/><F34/><W94/><G110/><T86/><D108/><U132/><E43/><V103/><F127/><N who="1" m="48649" /><E62/><V80/><F103/><W124/><G77/><T100/><D118/><U85/><E85/><V78/><F0/><W106/><G124/><T107/><D69/><U39/><E39/><V59/><F5/><W88/><G32/><T76/><D53/><U84/><E84/><V104/><F104/><W68/><G106/><T18/><D102/><U99/><E99/><V20/><F71/><W63/><G101/><T130/><D130/><U38/><E38/><V33/><F33/><W115/><G115/><T131/><D131/><U67/><E67/><V56/><F70/><W46/><G65/><T51/><D51/><U47/><E47/><V58/><F45/><W42/><G42/><T114/><D114/><U60/><E60/><V75/><REACH who="2" step="1"/><F20/><REACH who="2" ten="302,286,188,214" step="2"/><N who="3" m="13319" /><G68/><T93/><D93/><U26/><E129/><V2/><F2/><W109/><G109/><T66/><D66/><U14/><E14/><AGARI ba="0,1" hai="6,10,14,46,50,54,61,63,88,94,96" m="13319" machi="14" ten="30,7700,0" yaku="8,1,52,1,54,2" doraHai="17" who="3" fromWho="1" sc="302,0,286,-77,188,0,214,87" /><INIT seed="3,0,0,0,1,17" ten="302,209,188,301" oya="3" hai0="52,60,127,33,83,10,35,87,0,71,48,80,15" hai1="57,23,91,5,44,114,9,50,18,93,128,43,67" hai2="98,72,24,99,135,42,100,31,36,103,122,28,32" hai3="11,4,111,130,76,69,101,116,118,94,39,66,112"/><W55/><G112/><T96/><D127/><U82/><E128/><V58/><F122/><W73/><G130/><T86/><D0/><U7/><E114/><V74/><F135/><W113/><G113/><T64/><D96/><U117/><E117/><V106/><F58/><W129/><G55/><T108/><D108/><U45/><E82/><V70/><F31/><W1/><G129/><T47/><D87/><U30/><E30/><V62/><F42/><W6/><G6/><T16/><D83/><U51/><E57/><V104/><REACH who="2" step="1"/><F36/><REACH who="2" ten="302,209,178,301" step="2"/><W22/><G39/><T78/><AGARI ba="0,1" hai="10,15,16,33,35,47,48,52,60,64,71,78,80,86" machi="78" ten="20,5200,0" yaku="0,1,7,1,54,2" doraHai="17" who="0" fromWho="0" sc="302,62,209,-13,178,-13,301,-26" /><INIT seed="4,0,0,4,5,79" ten="364,196,165,275" oya="0" hai0="47,11,14,82,90,78,26,103,10,42,68,111,36" hai1="18,52,106,115,107,7,104,69,86,29,126,8,3" hai2="98,131,0,50,123,54,35,85,133,118,56,89,20" hai3="74,67,31,95,13,44,105,99,72,96,122,92,53"/><T120/><D120/><U100/><E69/><V88/><F123/><W27/><G122/><T25/><D68/><U38/><E38/><V75/><F75/><W108/><G108/><T101/><D111/><U24/><E126/><V121/><F121/><W37/><G13/><T2/><D90/><U93/><E115/><V16/><F35/><W135/><G67/><T134/><D134/><U19/><E52/><V34/><F34/><W28/><G53/><T132/><D132/><U66/><E66/><V76/><F133/><W40/><G105/><T91/><D91/><U62/><E62/><V59/><F0/><W41/><G27/><T39/><D39/><U109/><E109/><V127/><F127/><W51/><G135/><T6/><D26/><U5/><E7/><V129/><F118/><W65/><G65/><T22/><D22/><U49/><E49/><V32/><F32/><W70/><G51/><T48/><D48/><U15/><E3/><V17/><F59/><W9/><G9/><T119/><D25/><U116/><E116/><V112/><F112/><W81/><G37/><T128/><D128/><N who="2" m="49226" /><F17/><W21/><G70/><T45/><D45/><U12/><E12/><N who="2" m="9223" /><F98/><W57/><G44/><T60/><D60/><U97/><E29/><V124/><F124/><W58/><G21/><T4/><D119/><U102/><E24/><V84/><F84/><AGARI ba="0,0" hai="2,4,6,10,11,14,36,42,47,78,82,84,101,103" machi="84" ten="30,2900,0" yaku="7,1,52,1" doraHai="79" who="0" fromWho="2" sc="364,29,196,0,165,-29,275,0" /><INIT seed="4,1,0,1,2,0" ten="393,196,136,275" oya="0" hai0="50,33,86,4,18,125,108,68,16,76,60,49,128" hai1="39,110,104,1,53,120,29,121,3,100,119,93,126" hai2="12,40,58,54,70,15,69,25,94,17,28,59,62" hai3="10,35,36,66,11,20,14,13,107,27,45,92,109"/><T98/><D33/><U37/><E93/><V52/><F40/><W32/><G107/><T122/><D122/><U129/><E53/><V101/><F15/><W97/><G109/><T112/><D112/><U22/><E22/><V82/><F82/><W79/><G66/><T19/><D108/><U78/><E29/><V131/><F131/><W111/><G36/><T61/><D128/><U30/><E30/><V23/><F94/><W105/><G105/><T90/><D125/><U8/><E1/><V38/><F38/><N who="1" m="14345" /><E129/><V133/><F101/><W127/><G127/><T77/><D98/><N who="1" m="61463" /><E126/><V102/><F102/><W48/><G35/><T43/><D68/><U99/><E99/><V113/><F113/><W7/><G32/><T46/><D50/><U114/><E110/><V56/><F133/><W57/><G57/><T117/><D117/><U9/><E9/><V31/><F31/><W47/><G48/><T64/><D64/><U74/><E114/><V24/><F24/><W132/><G111/><T44/><D44/><U106/><E106/><V55/><REACH who="2" step="1"/><F62/><REACH who="2" ten="393,196,126,275" step="2"/><W5/><G132/><T88/><D61/><U65/><E121/><V134/><F134/><W42/><G42/><T81/><D60/><U103/><E103/><V63/><F63/><W80/><G92/><T116/><D116/><U124/><E120/><V95/><F95/><W71/><G97/><T83/><D77/><U34/><E124/><V41/><F41/><W75/><G71/><T135/><D135/><U118/><E119/><V51/><F51/><W85/><G85/><T2/><D81/><U84/><E118/><RYUUKYOKU ba="1,1" sc="393,10,196,-30,126,10,275,10" hai0="2,4,16,18,19,43,46,49,76,83,86,88,90" hai2="12,17,23,25,28,52,54,55,56,58,59,69,70" hai3="5,7,10,11,13,14,20,27,45,47,75,79,80" /><INIT seed="4,2,1,2,3,135" ten="403,166,136,285" oya="0" hai0="59,97,13,23,34,45,7,64,47,93,117,63,20" hai1="134,21,122,109,125,98,128,67,77,10,104,115,118" hai2="75,1,26,99,15,130,100,2,133,95,82,76,105" hai3="9,79,70,89,113,36,86,69,49,6,116,126,42"/><T48/><D117/><U35/><RYUUKYOKU type="yao9" ba="2,1" sc="403,0,166,0,136,0,285,0" hai1="10,21,35,67,77,98,104,109,115,118,122,125,128,134" /><INIT seed="4,3,1,2,1,135" ten="403,166,136,285" oya="0" hai0="48,132,93,108,25,74,119,60,28,105,91,34,49" hai1="33,10,65,107,58,63,109,112,117,8,11,124,9" hai2="85,81,134,45,111,37,26,50,130,76,94,133,110" hai3="61,92,129,95,44,54,17,83,77,90,102,75,70"/><T46/><D119/><U89/><E109/><N who="2" m="41483" /><F37/><W30/><G30/><T5/><D108/><U66/><E117/><V131/><F26/><W53/><G129/><N who="2" m="49161" /><F50/><W4/><G4/><T68/><D105/><U72/><E33/><V29/><F29/><W13/><G102/><T0/><D74/><U20/><E112/><V96/><F45/><W12/><G95/><T14/><D132/><N who="2" m="50794" /><F94/><W39/><G13/><T106/><D14/><U99/><E8/><V78/><F96/><W47/><G47/><T51/><D46/><U82/><E99/><V127/><F76/><W27/><G27/><T121/><D48/><U104/><E9/><V64/><F64/><W71/><G39/><T62/><D49/><U35/><E66/><V123/><F123/><W23/><G44/><T7/><D51/><U73/><E65/><V88/><F78/><W80/><G54/><T41/><D41/><U43/><E43/><V100/><F100/><W18/><G53/><T32/><D60/><U42/><E10/><V1/><F1/><W21/><G61/><T40/><D0/><U22/><E11/><V128/><N who="2" m="49169" /><V55/><DORA hai="57" /><F55/><W113/><G77/><T98/><D40/><U86/><E42/><V115/><F115/><W103/><G113/><T6/><D62/><U19/><E63/><V15/><F15/><W16/><G12/><T101/><D25/><U56/><E56/><V69/><F69/><W120/><G71/><T31/><D68/><U84/><E58/><V116/><F116/><W122/><G70/><T97/><D121/><U38/><E38/><V79/><F79/><RYUUKYOKU ba="3,1" sc="403,15,166,-15,136,15,285,-15" hai0="5,6,7,28,31,32,34,91,93,97,98,101,106" hai2="81,85,88,127" /><INIT seed="4,4,1,3,5,126" ten="418,151,151,270" oya="0" hai0="132,19,29,54,110,94,111,105,46,91,117,116,49" hai1="128,122,43,18,58,4,115,124,39,72,90,12,34" hai2="107,129,48,9,59,133,38,13,60,76,123,2,87" hai3="62,120,24,95,8,130,56,28,104,75,1,41,6"/><T15/><D105/><U20/><E122/><V51/><F123/><W113/><G120/><T112/><D132/><U71/><E124/><V98/><F2/><W63/><G104/><T100/><D29/><U33/><E71/><V7/><F38/><W23/><G75/><T96/><D100/><U127/><E72/><V30/><F133/><W79/><G79/><T65/><D65/><U83/><E127/><V37/><F37/><W16/><G41/><T31/><D31/><U108/><E108/><N who="0" m="41513" /><D112/><U67/><E43/><V109/><F109/><W69/><G113/><T114/><D114/><U50/><E39/><V36/><F36/><W57/><G69/><T93/><D94/><U89/><E4/><V99/><F30/><W3/><G3/><T97/><D96/><U77/><E115/><V101/><F99/><W61/><G95/><T0/><D0/><U121/><E67/><V64/><REACH who="2" step="1"/><F129/><REACH who="2" ten="418,151,141,270" step="2"/><W74/><G130/><T35/><D35/><U80/><E128/><V88/><F88/><W45/><G28/><T47/><D117/><U21/><E33/><V10/><F10/><W25/><G8/><N who="0" m="6631" /><D116/><U70/><E34/><V86/><F86/><W53/><G74/><T27/><D97/><U44/><E89/><V26/><F26/><W92/><G25/><T131/><D27/><U55/><E90/><V32/><F32/><W11/><G92/><T52/><D131/><U42/><E121/><V102/><F102/><W118/><G118/><T82/><D91/><U103/><E103/><V5/><F5/><W134/><G134/><T119/><D119/><U135/><E135/><RYUUKYOKU ba="4,2" sc="418,-15,151,-15,141,15,270,15" hai2="7,9,13,48,51,59,60,64,76,87,98,101,107" hai3="1,6,11,16,23,24,45,53,56,57,61,62,63" /><INIT seed="5,5,2,4,4,36" ten="403,136,156,285" oya="1" hai0="42,92,119,1,130,56,16,15,34,48,133,99,22" hai1="5,17,121,128,45,127,74,87,100,108,132,12,29" hai2="120,44,110,7,114,77,66,104,113,52,21,125,67" hai3="106,64,111,65,105,126,94,38,122,31,88,41,40"/><U51/><E121/><V78/><F120/><W49/><G38/><T71/><D119/><U13/><E74/><V43/><F110/><W4/><G122/><T37/><D71/><U11/><E127/><V80/><F104/><W20/><G111/><T84/><D34/><U3/><E108/><V68/><F125/><W131/><G126/><T33/><D33/><U6/><E132/><V129/><F7/><W124/><G124/><T62/><D1/><U39/><E39/><V19/><F129/><W14/><G106/><T50/><D37/><U25/><E100/><V116/><F116/><W61/><G105/><T82/><D130/><U28/><E128/><V76/><F68/><W30/><G49/><T0/><D0/><U95/><E3/><V107/><F107/><W118/><G118/><T75/><D75/><U134/><E25/><V79/><N who="2" m="19456" /><DORA hai="18" /><V27/><F80/><W96/><G61/><T112/><D112/><N who="2" m="43114" /><F52/><W70/><G70/><T85/><D82/><U90/><E134/><V91/><F91/><W109/><G131/><T60/><D133/><U47/><E47/><V2/><F2/><W93/><G109/><T63/><D56/><U73/><E5/><V23/><F23/><W103/><G20/><T58/><D58/><U54/><E73/><V46/><F46/><W102/><G4/><T9/><D22/><AGARI ba="5,2" hai="6,11,12,13,17,22,28,29,45,51,54,87,90,95" machi="22" ten="30,5800,0" yaku="7,1,8,1,52,1" doraHai="36,18" who="1" fromWho="0" sc="403,-73,136,93,156,0,285,0" /><INIT seed="5,6,0,3,0,111" ten="330,229,156,285" oya="1" hai0="63,109,70,92,116,31,17,89,45,81,104,38,83" hai1="96,110,100,80,39,112,56,16,42,15,4,133,72" hai2="18,118,123,69,60,10,3,68,119,86,22,13,64" hai3="54,55,135,46,84,36,107,23,71,98,34,25,97"/><U33/><E33/><V43/><F123/><W35/><G71/><T117/><D109/><U14/><E110/><V50/><F69/><W101/><G135/><T93/><D104/><U82/><E133/><V74/><F74/><W79/><G98/><T58/><D70/><U40/><E112/><V32/><F32/><W126/><G55/><T6/><D31/><U61/><E39/><V103/><F103/><W132/><G126/><T28/><D28/><U37/><E37/><V134/><F134/><W113/><G113/><T20/><D6/><U27/><E27/><V12/><F3/><W95/><G107/><T48/><D38/><U129/><E129/><V8/><F22/><W53/><G35/><T52/><D93/><U131/><E131/><V127/><F127/><W7/><G7/><T26/><D117/><U30/><E30/><V94/><F43/><N who="1" m="16425" /><E15/><V122/><F122/><W47/><G34/><T102/><D102/><U19/><E72/><V1/><F1/><W88/><G36/><T5/><D5/><U121/><E4/><V44/><F44/><N who="3" m="16939" /><G132/><T41/><D116/><U125/><E125/><V87/><F50/><W128/><G128/><T29/><D29/><U76/><E19/><V0/><F0/><W66/><G101/><T106/><D106/><U73/><E121/><V130/><F130/><W124/><G124/><T51/><D48/><U24/><E73/><V120/><F120/><W49/><G49/><T62/><D62/><U99/><E61/><V78/><F118/><W85/><G25/><T65/><D65/><U105/><E100/><V11/><F119/><RYUUKYOKU ba="6,0" sc="330,30,229,-10,156,-10,285,-10" hai0="17,20,26,41,45,51,52,58,63,81,83,89,92" /><INIT seed="6,7,0,2,0,98" ten="360,219,146,275" oya="2" hai0="97,128,53,130,92,74,119,1,75,131,111,127,102" hai1="90,73,120,11,87,47,23,65,49,81,59,0,32" hai2="5,10,114,94,31,3,35,57,72,117,64,125,2" hai3="54,105,22,43,116,91,109,133,96,8,126,50,99"/><V24/><F72/><W71/><G71/><T107/><D111/><U67/><E32/><V20/><F117/><W101/><G116/><T115/><D119/><U21/><E120/><V84/><F125/><W30/><G43/><T12/><D127/><U33/><E33/><V7/><F114/><W27/><G126/><T93/><D115/><U4/><E73/><N who="0" m="27657" /><D53/><U61/><E67/><V6/><F2/><W55/><G133/><T88/><D12/><U66/><E65/><V51/><F35/><W38/><G38/><T39/><D39/><U134/><E134/><V44/><F57/><W14/><G109/><T70/><D1/><U42/><AGARI ba="7,0" hai="0,4,11,21,23,42,47,49,59,61,66,81,87,90" machi="42" ten="20,1500,0" yaku="0,1,7,1" doraHai="98" who="1" fromWho="1" sc="360,-11,219,36,146,-14,275,-11" /><INIT seed="7,0,0,0,2,84" ten="349,255,132,264" oya="3" hai0="102,108,71,121,14,62,61,67,115,41,56,30,94" hai1="25,126,134,5,29,8,22,122,3,43,12,116,37" hai2="24,13,91,39,80,124,68,28,100,76,26,27,93" hai3="34,109,20,127,72,1,65,111,106,46,78,130,113"/><W10/><G34/><T70/><D108/><N who="3" m="41545" /><G106/><T75/><D121/><U118/><E122/><V11/><F39/><W21/><G65/><T119/><D75/><U129/><E134/><V96/><F68/><W114/><G130/><T104/><D119/><N who="1" m="45611" /><E129/><V54/><F124/><W38/><G127/><T66/><D41/><U36/><E126/><V69/><F69/><W74/><G78/><T53/><D115/><N who="3" m="44041" /><G10/><T45/><D104/><U64/><E64/><V33/><F54/><W132/><G1/><T51/><D14/><U32/><E43/><V40/><F40/><N who="3" m="22807" /><G132/><T95/><D71/><U87/><E3/><V60/><F60/><W85/><G85/><T79/><D30/><U16/><E87/><V17/><REACH who="2" step="1"/><F100/><REACH who="2" ten="349,255,122,264" step="2"/><W47/><G47/><T9/><D102/><U18/><E37/><V57/><F57/><W59/><G59/><T63/><D56/><U120/><E36/><V50/><F50/><W107/><G107/><T90/><D51/><U6/><E120/><V123/><F123/><W101/><G101/><T35/><D63/><U15/><AGARI ba="0,1" hai="5,6,8,12,15,16,18,22,25,29,32" m="45611" machi="15" ten="30,7900,0" yaku="12,1,34,2,54,1" doraHai="84" who="1" fromWho="1" sc="349,-20,255,89,122,-20,264,-39" owari="329,12.9,344,44.4,102,-39.8,225,-17.5" /></mjloggm>