<mjloggm ver="2.3"><GO type="41" lobby="0"/><UN n0="%74%68%65%74%61%3D" n1="%4E%6D%61%78" n2="%E2%93%9D%4C%75%63%6B%79%4A" n3="%E6%B8%85%E6%B5%B7%E6%B9%96" dan="15,14,16,14" rate="1967.25,1811.73,2151.31,1952.97" sx="M,M,M,M"/><TAIKYOKU oya="0"/><INIT seed="0,0,0,0,4,119" ten="250,250,250,250" oya="0" hai0="4,37,61,33,1,64,27,19,98,78,59,96,126" hai1="88,72,135,40,30,71,38,63,132,120,116,43,81" hai2="26,91,65,111,114,18,12,76,86,90,45,8,28" hai3="0,14,112,49,129,75,93,5,106,83,80,113,22"/><T52/><D37/><U34/><E116/><V36/><F114/><W23/><G0/><T9/><D78/><N who="1" m="44231" /><E88/><V101/><F111/><W107/><G5/><T57/><D126/><U51/><E51/><V85/><F101/><W66/><G66/><T68/><D68/><U10/><E10/><V31/><F76/><W54/><G49/><T105/><D105/><U82/><E82/><V62/><F36/><W124/><G93/><T6/><D6/><U100/><E100/><V39/><F39/><W16/><G54/><T77/><D77/><U127/><E40/><V7/><F45/><W99/><G99/><T42/><D42/><U50/><E50/><V108/><F108/><W94/><G94/><T121/><D121/><U41/><E43/><V2/><F91/><W58/><G58/><T13/><D33/><U48/><E48/><V67/><F67/><W125/><G14/><T29/><D29/><U130/><E130/><V21/><F31/><W60/><G129/><T87/><D87/><U118/><E127/><V15/><F15/><W25/><G25/><T115/><D115/><U44/><E118/><V24/><F26/><W32/><G32/><T117/><D117/><U70/><E120/><V46/><F46/><W110/><G110/><T47/><D47/><U84/><E84/><V11/><REACH who="2" step="1"/><F90/><REACH who="2" ten="250,250,240,250" step="2"/><W103/><G103/><T123/><D27/><N who="1" m="18783" /><E71/><AGARI ba="0,1" hai="2,7,8,11,12,18,21,24,28,62,65,71,85,86" machi="71" ten="30,2000,0" yaku="1,1,7,1,53,0" doraHai="119" doraHaiUra="95" who="2" fromWho="1" sc="250,0,250,-20,240,30,250,0" /><INIT seed="1,0,0,4,4,96" ten="250,230,270,250" oya="1" hai0="125,23,90,81,60,78,56,42,1,112,31,135,30" hai1="11,18,70,33,20,34,72,74,7,99,32,113,110" hai2="63,93,39,51,117,104,8,62,82,83,2,123,15" hai3="47,19,102,64,128,97,26,16,21,10,36,58,126"/><U59/><E113/><V133/><F104/><W49/><G128/><T52/><D112/><U109/><E70/><V119/><F2/><W66/><G126/><T73/><D1/><N who="1" m="495" /><E59/><V114/><F123/><W5/><G36/><T35/><D125/><U95/><E95/><V86/><F133/><W54/><G19/><T14/><D135/><U131/><E99/><V84/><F39/><W65/><G47/><T107/><D107/><U22/><E72/><V124/><F93/><W6/><REACH who="3" step="1"/><G10/><REACH who="3" ten="250,230,270,240" step="2"/><T87/><D35/><U77/><E131/><V41/><F124/><W50/><G50/><T103/><D31/><U89/><E18/><V44/><F114/><W115/><G115/><T24/><D30/><U108/><E89/><N who="2" m="51423" /><F119/><W92/><AGARI ba="0,1" hai="5,6,16,21,26,49,54,58,64,65,66,92,97,102" machi="92" ten="30,8000,1" yaku="1,1,0,1,8,1,52,1,54,1,53,0" doraHai="96" doraHaiUra="28" who="3" fromWho="3" sc="250,-20,230,-40,270,-20,240,90" /><INIT seed="2,0,0,2,3,60" ten="230,190,250,330" oya="2" hai0="84,82,112,23,64,128,96,55,32,56,20,118,16" hai1="42,87,103,105,79,70,35,72,3,21,12,135,38" hai2="50,59,94,26,7,39,41,81,44,99,29,37,4" hai3="24,90,49,15,65,127,28,134,69,100,43,47,86"/><V75/><F39/><W113/><G134/><T91/><D32/><U122/><E3/><V74/><F37/><W88/><G127/><T71/><D112/><U33/><E135/><V52/><F75/><W19/><G113/><T133/><D133/><U30/><E70/><V62/><F74/><W6/><G6/><T53/><D23/><U27/><E72/><V14/><F81/><W57/><G69/><T54/><D128/><U5/><E122/><V115/><F14/><W93/><G100/><T106/><D71/><U9/><E105/><V17/><F17/><W76/><G76/><T101/><D118/><U48/><E38/><V1/><F1/><W92/><G24/><T104/><D106/><U130/><E103/><V25/><F115/><W131/><G28/><T80/><D82/><N who="1" m="47583" /><E130/><V109/><F109/><W68/><G68/><T73/><D73/><U111/><E111/><V22/><REACH who="2" step="1"/><F26/><REACH who="2" ten="230,190,240,330" step="2"/><W10/><G131/><T132/><D132/><U58/><E58/><V119/><F119/><W110/><G110/><T95/><D56/><U40/><E40/><V45/><F45/><AGARI ba="0,1" hai="5,9,12,21,27,30,33,35,42,45,48" m="47583" machi="45" ten="30,1000,0" yaku="25,1" doraHai="60" who="1" fromWho="2" sc="230,0,190,20,240,-10,330,0" /><INIT seed="3,0,0,3,1,135" ten="230,210,230,330" oya="3" hai0="122,11,66,103,46,14,44,23,0,91,126,42,43" hai1="29,115,87,71,108,15,34,9,129,97,83,111,94" hai2="38,76,26,118,39,105,79,119,51,27,7,45,61" hai3="69,5,3,6,18,16,106,54,134,70,112,133,60"/><W74/><G74/><T21/><D0/><U72/><E71/><N who="3" m="27146" /><G106/><T33/><D33/><U48/><E115/><V123/><F61/><W62/><G54/><T113/><D66/><U131/><E72/><V8/><F105/><W68/><G112/><T90/><D122/><U63/><E63/><N who="3" m="24106" /><G68/><T100/><D14/><U28/><E48/><V17/><F51/><W47/><G47/><T84/><D113/><U20/><E20/><V81/><F45/><W132/><G3/><T102/><D11/><U12/><E34/><V64/><F8/><W114/><G114/><T2/><D2/><U4/><E15/><V56/><F64/><W36/><G36/><T35/><D100/><N who="1" m="60471" /><E87/><V40/><F39/><W19/><AGARI ba="0,0" hai="5,6,16,18,19,132,133,134" m="24106,27146" machi="19" ten="40,12000,1" yaku="28,2,20,1,54,1" doraHai="135" who="3" fromWho="3" sc="230,-40,210,-40,230,-40,330,120" /><INIT seed="3,1,0,3,4,76" ten="190,170,190,450" oya="3" hai0="18,117,41,6,92,3,2,43,94,19,17,112,74" hai1="42,104,14,1,88,71,132,127,65,87,20,54,60" hai2="84,73,16,37,10,66,90,134,79,103,35,23,31" hai3="123,130,113,83,48,72,25,56,63,111,133,124,27"/><W67/><G113/><T38/><D112/><U107/><E1/><V121/><F37/><W80/><G123/><T30/><D38/><U39/><E132/><V58/><F35/><W105/><G105/><T24/><D74/><U108/><E108/><V97/><F31/><W52/><G72/><T7/><D30/><U36/><E127/><V69/><F69/><W22/><G133/><T101/><D101/><U29/><E39/><V114/><F10/><W77/><G77/><T11/><D24/><N who="3" m="9289" /><G130/><T57/><D57/><U47/><E29/><V102/><F73/><W44/><G124/><T4/><D11/><U85/><E85/><V118/><F118/><W64/><G111/><T28/><D28/><U86/><E86/><V96/><F79/><W12/><G64/><T81/><D81/><U8/><E20/><V91/><F121/><W110/><G110/><T128/><D128/><U61/><E61/><N who="2" m="38199" /><F114/><W126/><G126/><T82/><D82/><U98/><E98/><N who="2" m="37995" /><F91/><W13/><G13/><T9/><D9/><U122/><E122/><V45/><F134/><W135/><G135/><T50/><D117/><U62/><E62/><V40/><F90/><W89/><G89/><T115/><D115/><U5/><E54/><V125/><F125/><W106/><G106/><T95/><REACH who="0" step="1"/><D50/><REACH who="0" ten="180,170,190,450" step="2"/><U15/><E14/><V53/><F53/><W100/><G100/><T99/><D99/><U21/><E21/><V116/><F116/><W49/><G48/><T26/><D26/><U75/><E75/><V0/><F103/><W59/><G59/><T68/><D68/><U33/><E33/><RYUUKYOKU ba="1,1" sc="180,10,170,10,190,-30,450,10" hai0="2,3,4,6,7,17,18,19,41,43,92,94,95" hai1="5,8,15,36,42,47,60,65,71,87,88,104,107" hai3="12,22,44,49,52,56,63,67,80,83" /><INIT seed="3,2,1,3,4,30" ten="190,180,160,460" oya="3" hai0="105,91,98,39,86,7,70,18,58,43,117,108,56" hai1="93,49,79,134,0,99,50,19,46,13,80,121,45" hai2="76,133,29,25,4,72,110,36,82,40,32,115,73" hai3="100,57,75,107,11,114,44,127,38,116,109,106,120"/><W54/><G11/><T78/><D70/><U33/><E0/><V77/><F115/><W122/><G75/><T24/><D78/><U83/><E121/><N who="3" m="46698" /><G100/><T34/><D7/><U119/><E119/><V10/><F110/><W5/><G5/><T112/><D108/><U94/><E134/><V16/><F133/><W6/><G6/><T74/><D74/><U17/><E13/><V47/><F77/><W63/><G107/><T68/><D68/><U123/><E123/><V20/><F73/><W61/><G106/><T22/><D34/><U27/><E27/><V59/><F59/><N who="3" m="35063" /><G109/><T64/><D112/><U89/><E79/><V66/><F66/><N who="3" m="39279" /><G114/><T51/><D117/><U90/><E99/><V62/><F62/><W12/><G12/><T41/><D98/><U96/><E96/><V118/><F118/><W60/><G60/><N who="0" m="37895" /><D105/><U92/><E93/><V124/><F124/><W37/><G116/><T131/><D86/><U87/><E87/><V26/><REACH who="2" step="1"/><F4/><REACH who="2" ten="190,180,150,460" step="2"/><W21/><G127/><T31/><D58/><U1/><REACH who="1" step="1"/><E1/><REACH who="1" ten="190,170,150,460" step="2"/><V132/><F132/><W81/><G44/><T95/><D95/><U52/><E52/><V35/><F35/><AGARI ba="2,3" hai="17,19,33,35,45,46,49,50,80,83,89,90,92,94" machi="35" ten="25,8000,1" yaku="1,1,22,2,52,2,53,0" doraHai="30" doraHaiUra="65" who="1" fromWho="2" sc="190,0,170,116,150,-86,460,0" /><INIT seed="4,0,0,3,4,40" ten="190,286,64,460" oya="0" hai0="127,57,33,126,109,112,28,19,92,61,130,15,90" hai1="56,135,10,123,122,22,111,30,133,48,18,132,58" hai2="106,124,45,36,49,95,29,4,64,16,59,129,120" hai3="43,108,134,37,91,66,102,31,82,83,17,38,72"/><T47/><D112/><U116/><E10/><V81/><F106/><W103/><G43/><T97/><D130/><U27/><E111/><V75/><F120/><W26/><G17/><T74/><D74/><U70/><E70/><V25/><F36/><W35/><G91/><T63/><D63/><U12/><E116/><V117/><F124/><W119/><G26/><T5/><D5/><U9/><REACH who="1" step="1"/><E48/><REACH who="1" ten="190,276,64,460" step="2"/><V23/><F117/><W113/><G108/><T14/><D109/><U71/><E71/><V73/><F129/><W13/><G119/><T42/><D127/><U21/><E21/><V54/><F4/><W93/><G38/><T99/><D126/><U88/><E88/><V101/><F81/><W89/><G89/><T53/><D33/><U8/><E8/><V77/><F77/><W105/><G37/><T11/><D90/><U50/><E50/><V86/><F86/><W46/><G83/><T1/><D97/><U0/><E0/><V39/><F39/><W128/><G82/><T121/><D1/><U68/><E68/><V67/><F75/><W55/><G128/><T65/><D99/><U34/><E34/><V60/><F73/><W104/><G35/><T94/><D11/><U87/><E87/><V110/><F110/><W69/><G69/><T131/><D131/><U2/><E2/><V41/><F29/><W114/><G31/><T3/><D28/><U51/><E51/><V79/><F79/><W78/><G78/><T118/><D3/><U24/><E24/><V6/><F6/><W52/><G72/><T76/><D76/><U44/><E44/><RYUUKYOKU ba="0,1" sc="190,-15,276,15,64,15,460,-15" hai1="9,12,18,22,27,30,56,58,122,123,132,133,135" hai2="16,23,25,41,45,49,54,59,60,64,67,95,101" /><INIT seed="5,1,1,0,4,118" ten="175,291,79,445" oya="1" hai0="23,19,44,50,12,125,123,79,111,112,115,93,76" hai1="30,133,41,103,77,40,108,33,82,38,122,59,62" hai2="114,22,105,95,68,11,18,29,98,61,110,34,3" hai3="58,75,96,81,92,73,116,135,43,45,126,90,4"/><U46/><E122/><V101/><F110/><W37/><G135/><T84/><D111/><U65/><E133/><V86/><F34/><W10/><G126/><T25/><D125/><U100/><E108/><V6/><F29/><W71/><G71/><T26/><D123/><U106/><E106/><V48/><F48/><W119/><G58/><T39/><D39/><U104/><E104/><V32/><F32/><W64/><G64/><T109/><D109/><U28/><E41/><V87/><F114/><N who="0" m="43562" /><D93/><U1/><E1/><V9/><F11/><W52/><G52/><N who="0" m="29767" /><D84/><U107/><E107/><V21/><F105/><W5/><G5/><T97/><D97/><U66/><E66/><V78/><F87/><W91/><G91/><T16/><D25/><U8/><E8/><AGARI ba="1,1" hai="8,12,16,19,23,26,76,79" m="29767,43562" machi="8" ten="30,3900,0" yaku="15,1,54,2" doraHai="118" who="0" fromWho="1" sc="175,52,291,-42,79,0,445,0" /><INIT seed="6,0,0,3,4,101" ten="227,249,79,445" oya="2" hai0="44,61,40,33,97,27,127,85,134,49,123,100,37" hai1="104,17,72,98,79,2,83,88,110,69,13,91,0" hai2="96,30,46,107,74,115,102,129,52,131,117,57,18" hai3="25,53,95,108,114,135,112,34,58,32,109,56,86"/><V128/><F117/><W66/><G135/><T89/><D123/><U130/><E130/><V82/><F30/><W43/><G43/><T125/><D134/><U5/><E110/><N who="3" m="42602" /><G66/><T63/><D49/><U77/><E77/><N who="2" m="44343" /><F18/><W31/><G34/><T14/><D14/><U75/><E72/><V92/><F46/><W111/><G111/><T71/><D89/><U87/><E69/><V59/><F115/><N who="3" m="44075" /><G53/><T76/><D63/><U1/><E5/><V62/><F59/><W60/><G60/><T26/><D61/><U39/><E39/><V19/><F19/><W103/><G86/><T81/><D33/><U11/><REACH who="1" step="1"/><E87/><REACH who="1" ten="227,239,79,445" step="2"/><V16/><F16/><W55/><G58/><T42/><D71/><U15/><E15/><V126/><F126/><N who="0" m="48138" /><D42/><U29/><E29/><V45/><F45/><W47/><G56/><T10/><D10/><U133/><E133/><V35/><F35/><W94/><G47/><T121/><D121/><U6/><E6/><V23/><F23/><W22/><G32/><T48/><D37/><U105/><E105/><AGARI ba="0,1" hai="52,57,62,92,96,102,105,107,128,129,131" m="44343" machi="105" ten="30,11600,0" yaku="19,1,52,2,54,1" doraHai="101" who="2" fromWho="1" sc="227,0,239,-116,79,126,445,0" /><AGARI ba="0,0" hai="26,27,40,44,48,76,81,85,97,100,105" m="48138" machi="105" ten="30,2000,0" yaku="18,1,52,1" doraHai="101" who="0" fromWho="1" sc="227,20,123,-20,205,0,445,0" /><INIT seed="6,1,0,4,4,85" ten="247,103,205,445" oya="2" hai0="113,95,21,130,131,19,17,112,36,80,15,4,45" hai1="65,93,135,54,132,50,111,0,115,78,114,29,2" hai2="11,87,9,53,105,62,110,35,33,128,12,122,18" hai3="56,41,129,107,24,82,27,76,84,61,120,60,127"/><V51/><F122/><W102/><G120/><T1/><D80/><U58/><E111/><V16/><F105/><W28/><G129/><N who="0" m="49163" /><D95/><U55/><E29/><V26/><F128/><W5/><G127/><T7/><D36/><U71/><E78/><V124/><F62/><W30/><G5/><N who="0" m="2123" /><D45/><U79/><E79/><V39/><F124/><W64/><G102/><T34/><D34/><U63/><E93/><V75/><F75/><W72/><G107/><T100/><D100/><U22/><E22/><V81/><F39/><W67/><G41/><T68/><D68/><U126/><E126/><V48/><F110/><W118/><G118/><T69/><D69/><U123/><E123/><V125/><F125/><W104/><G104/><T134/><D1/><U31/><E31/><V52/><F81/><W94/><G94/><T47/><D47/><U3/><REACH who="1" step="1"/><E55/><REACH who="1" ten="247,93,205,445" step="2"/><V117/><F53/><W106/><G106/><T8/><D21/><U44/><E44/><V23/><F52/><W83/><G30/><T57/><D113/><AGARI ba="1,1" hai="0,2,3,50,54,58,63,65,71,113,114,115,132,135" machi="113" ten="50,3200,0" yaku="1,1,15,1,53,0" doraHai="85" doraHaiUra="91" who="1" fromWho="0" sc="247,-35,93,45,205,0,445,0" /><INIT seed="7,0,0,0,2,29" ten="212,138,205,445" oya="3" hai0="90,71,60,80,107,72,13,43,124,50,76,67,85" hai1="58,113,36,120,125,87,79,18,49,65,6,24,77" hai2="69,66,25,12,2,96,100,101,56,122,52,129,91" hai3="35,134,99,11,23,121,115,123,132,19,128,127,135"/><W75/><G99/><T110/><D110/><U55/><E120/><N who="3" m="46154" /><G75/><T37/><D37/><U64/><E125/><V59/><F2/><W27/><G115/><T22/><D124/><U14/><E36/><V84/><F69/><W7/><G127/><T16/><D107/><U104/><E104/><V38/><F25/><W61/><G61/><T82/><D50/><U97/><E113/><V21/><F129/><W28/><G128/><T53/><D53/><U63/><E97/><V83/><F38/><W131/><G131/><T81/><D43/><U20/><E64/><V108/><F108/><W45/><G45/><T9/><D22/><U48/><E48/><N who="2" m="31111" /><F96/><W5/><G11/><T70/><D81/><U33/><E33/><V46/><F46/><W1/><G1/><T10/><D9/><U44/><E6/><V114/><F114/><W112/><G112/><T105/><D105/><U126/><E126/><V30/><F122/><W26/><AGARI ba="0,0" hai="5,7,19,23,26,27,28,35,132,134,135" m="46154" machi="26" ten="40,12000,1" yaku="20,1,34,2,52,1" doraHai="29" who="3" fromWho="3" sc="212,-40,138,-40,205,-40,445,120" owari="172,-2.8,98,-40.2,165,-23.5,565,66.5" /></mjloggm>