<mjloggm ver="2.3"><GO type="41" lobby="0"/><UN n0="%E5%8D%97%E6%B3%A2%E6%B9%BE" n1="%4B%54%4B%52" n2="%E6%9E%97%E5%8D%81%E4%B9%8B" n3="%E2%93%9D%4C%75%63%6B%79%4A" dan="15,15,13,16" rate="1949.85,1986.71,1860.60,2163.02" sx="M,M,M,M"/><TAIKYOKU oya="0"/><INIT seed="0,0,0,4,4,135" ten="250,250,250,250" oya="0" hai0="13,100,84,104,60,131,93,134,4,59,126,33,57" hai1="12,17,122,111,9,99,23,8,76,61,3,78,125" hai2="42,80,46,56,75,74,65,36,14,118,49,121,81" hai3="110,38,32,16,88,48,35,70,85,105,6,103,89"/><T98/><D134/><U50/><E122/><V15/><F121/><W132/><G38/><T45/><D131/><U77/><E111/><V87/><F118/><W10/><G70/><T2/><D2/><U34/><E34/><V25/><F25/><W24/><G132/><T79/><D33/><U129/><E129/><V29/><F29/><W51/><G103/><T113/><D113/><U53/><E61/><V37/><F65/><W58/><G105/><T66/><D45/><U54/><E125/><V41/><F56/><W86/><G110/><T28/><D28/><U123/><E123/><V31/><F31/><W130/><G130/><T62/><D126/><U91/><E3/><V44/><F87/><W94/><G35/><T43/><D43/><U67/><E67/><V115/><REACH who="2" step="1"/><F49/><REACH who="2" ten="250,250,240,250" step="2"/><W97/><G58/><T124/><D84/><U20/><E50/><V106/><F106/><W90/><G51/><T19/><D104/><U127/><E127/><V52/><F52/><W128/><G48/><T69/><D124/><U112/><E53/><V30/><F30/><W96/><G128/><T22/><D69/><U72/><E54/><V7/><F7/><W39/><G32/><T83/><D4/><U102/><E72/><V27/><F27/><W109/><G109/><T11/><D59/><U0/><E112/><AGARI ba="0,1" hai="14,15,36,37,41,42,44,46,74,75,80,81,112,115" machi="112" ten="25,3200,0" yaku="1,1,22,2,53,0" doraHai="135" doraHaiUra="63" who="2" fromWho="1" sc="250,0,250,-32,240,42,250,0" /><INIT seed="1,0,0,0,5,60" ten="250,218,282,250" oya="1" hai0="49,59,46,134,45,4,103,3,10,116,93,96,36" hai1="91,5,78,75,62,31,61,129,110,51,43,108,132" hai2="86,105,18,48,117,6,64,16,97,72,69,66,127" hai3="70,73,0,100,21,58,24,126,1,7,15,53,32"/><U22/><E129/><V23/><F117/><W38/><G70/><T68/><D68/><U85/><E5/><V120/><F120/><W77/><G38/><T20/><D116/><U52/><E132/><V81/><F72/><W112/><G100/><T2/><D134/><U14/><E43/><V118/><F118/><W28/><G77/><T35/><D35/><U90/><E75/><V13/><F69/><W39/><G39/><T50/><D36/><U76/><E61/><V56/><F127/><W34/><G53/><T92/><D59/><N who="1" m="33183" /><E62/><V40/><F105/><W128/><G73/><T133/><D133/><U30/><E91/><N who="2" m="51663" /><F97/><W130/><G126/><T123/><D123/><U111/><E14/><N who="2" m="9687" /><F6/><W41/><G7/><T104/><D2/><U99/><E99/><V37/><F37/><W125/><G125/><T42/><REACH who="0" step="1"/><D20/><REACH who="0" ten="240,218,282,250" step="2"/><U102/><E102/><V119/><F119/><W84/><G1/><T54/><AGARI ba="0,1" hai="3,4,10,42,45,46,49,50,54,92,93,96,103,104" machi="54" ten="20,5200,0" yaku="1,1,2,1,0,1,7,1,53,0" doraHai="60" doraHaiUra="65" who="0" fromWho="0" sc="240,62,218,-26,282,-13,250,-13" /><INIT seed="2,0,0,5,1,20" ten="302,192,269,237" oya="2" hai0="14,46,134,93,104,19,124,113,49,106,25,80,73" hai1="131,22,26,10,45,108,40,60,62,21,55,4,135" hai2="125,28,11,47,79,130,67,100,18,24,111,70,117" hai3="103,90,61,8,64,3,13,88,127,95,23,101,120"/><V86/><F117/><W38/><G38/><T126/><D113/><U27/><E108/><V99/><F111/><W82/><G3/><T116/><D116/><U36/><E131/><V129/><F70/><W29/><G120/><T0/><D0/><U6/><E135/><V15/><F67/><W119/><G127/><N who="0" m="48683" /><D134/><U109/><E109/><V112/><F112/><W76/><G90/><T1/><D1/><U92/><E10/><V66/><F66/><W52/><G76/><T31/><D93/><U107/><E107/><V37/><F125/><W2/><G82/><T57/><D57/><U97/><E62/><V5/><F37/><W12/><G2/><T114/><D114/><U128/><E128/><N who="2" m="49259" /><F47/><W33/><G64/><T30/><D73/><U98/><E98/><V122/><F122/><W123/><G123/><T132/><D132/><U94/><E94/><N who="2" m="58487" /><F79/><W74/><G119/><T48/><D31/><U89/><E55/><V71/><F71/><W44/><G52/><N who="0" m="29719" /><D49/><U39/><E60/><V77/><F77/><W65/><G61/><T75/><D75/><U102/><E36/><V56/><F56/><W7/><G74/><T87/><D14/><U115/><E102/><V35/><F86/><N who="3" m="52631" /><G103/><T83/><D19/><AGARI ba="0,0" hai="5,11,15,18,19,24,28,35" m="58487,49259" machi="19" ten="30,2900,0" yaku="19,1,52,1" doraHai="20" who="2" fromWho="0" sc="302,-29,192,0,269,29,237,0" /><INIT seed="2,1,0,4,1,35" ten="273,192,298,237" oya="2" hai0="113,17,4,59,56,100,86,21,116,135,34,126,51" hai1="85,81,88,10,115,94,134,38,9,27,12,109,76" hai2="83,7,1,8,90,80,74,130,16,70,103,79,118" hai3="119,6,2,49,89,64,41,63,28,42,29,122,104"/><V5/><F118/><W75/><G119/><T52/><D116/><U105/><E105/><V129/><F70/><W68/><G122/><T40/><D113/><U31/><E134/><V124/><F103/><W54/><G75/><T50/><D135/><U69/><E109/><V11/><F124/><W13/><G13/><T61/><D34/><U44/><E69/><V123/><F123/><W33/><G89/><T98/><D126/><U32/><E115/><V101/><F101/><W73/><G73/><T66/><D86/><U108/><E108/><V78/><F90/><W107/><G42/><T110/><D110/><U125/><E125/><V23/><F79/><W65/><G41/><T39/><D39/><U53/><E12/><V91/><F91/><W47/><G65/><T82/><D82/><U111/><E111/><V20/><F80/><W114/><G114/><T26/><D4/><U102/><E102/><V19/><F19/><W37/><G37/><T25/><D40/><U133/><E133/><V72/><F72/><W62/><G63/><T71/><D71/><U84/><REACH who="1" step="1"/><E38/><REACH who="1" ten="273,182,298,237" step="2"/><V117/><F117/><W128/><G107/><T24/><REACH who="0" step="1"/><D50/><AGARI ba="1,1" hai="9,10,27,31,32,44,50,53,76,81,84,85,88,94" machi="50" ten="40,5200,0" yaku="1,1,2,1,54,1,53,0" doraHai="35" doraHaiUra="93" who="1" fromWho="0" sc="273,-55,182,65,298,0,237,0" /><INIT seed="3,0,0,3,5,54" ten="218,247,298,237" oya="3" hai0="22,37,132,127,101,103,64,135,24,40,107,44,131" hai1="121,11,67,56,88,26,35,4,84,126,18,72,5" hai2="31,14,95,77,79,65,119,25,68,39,129,6,3" hai3="109,12,87,17,97,27,2,23,76,86,28,92,96"/><W82/><G2/><T91/><D131/><U118/><E72/><V9/><F119/><W46/><G109/><T100/><D127/><U128/><E121/><V41/><F129/><W120/><G120/><T105/><D64/><U62/><E126/><V89/><F68/><W116/><G116/><T106/><REACH who="0" step="1"/><D91/><REACH who="0" ten="208,247,298,237" step="2"/><U122/><E128/><V21/><F65/><W47/><G87/><T134/><D134/><U53/><E67/><V15/><F79/><W102/><REACH who="3" step="1"/><G97/><REACH who="3" ten="208,247,298,227" step="2"/><T34/><D34/><AGARI ba="0,2" hai="12,17,23,27,28,34,46,47,76,82,86,92,96,102" machi="34" ten="30,5800,0" yaku="1,1,2,1,7,1,53,0" doraHai="54" doraHaiUra="108" who="3" fromWho="0" sc="208,-58,247,0,298,0,227,78" /><INIT seed="3,1,0,2,2,114" ten="150,247,298,305" oya="3" hai0="89,70,59,40,86,13,64,101,73,93,122,97,30" hai1="80,60,32,29,36,134,68,90,43,71,0,49,2" hai2="10,19,26,22,28,87,8,58,75,24,53,117,62" hai3="102,112,66,135,82,116,74,127,105,52,25,55,45"/><W3/><G112/><T129/><D122/><U77/><E90/><V47/><F75/><W69/><G3/><T5/><D70/><U110/><E49/><V120/><F120/><W31/><G127/><T51/><D73/><U20/><E20/><N who="2" m="15367" /><F117/><W18/><G135/><T23/><D129/><U33/><E110/><V37/><F37/><W15/><G116/><T130/><D130/><U12/><E12/><V113/><F113/><W6/><G6/><T65/><D5/><U104/><E134/><V125/><F125/><W17/><G45/><T109/><D109/><U14/><E14/><V9/><F87/><W39/><G39/><T11/><D11/><U121/><E104/><V57/><F62/><N who="3" m="40151" /><G82/><N who="0" m="49367" /><D40/><U48/><E71/><V96/><F96/><N who="3" m="61639" /><G74/><T84/><D84/><U7/><E0/><V85/><F85/><W38/><G38/><T35/><D51/><AGARI ba="1,0" hai="8,9,10,19,22,26,47,51,53,57,58" m="15367" machi="51" ten="30,1000,0" yaku="8,1" doraHai="114" who="2" fromWho="0" sc="150,-13,247,0,298,13,305,0" /><INIT seed="4,0,0,0,0,5" ten="137,247,311,305" oya="0" hai0="29,80,135,30,58,123,18,102,25,63,3,52,67" hai1="39,115,24,69,79,127,49,111,60,53,118,108,73" hai2="119,76,107,56,77,1,45,14,51,2,106,33,92" hai3="15,57,20,117,41,9,109,94,66,46,36,65,68"/><T23/><D3/><U62/><E79/><V37/><F33/><W98/><G109/><T82/><D123/><U112/><E73/><V22/><F37/><W6/><G117/><T88/><D135/><U84/><E118/><V50/><F119/><W96/><G68/><T133/><D133/><U47/><E84/><V116/><F116/><W54/><G20/><T126/><D126/><U125/><E24/><V130/><F130/><W134/><G134/><T113/><D113/><N who="1" m="43595" /><E39/><V31/><F92/><W44/><G46/><T86/><D102/><U32/><E32/><V61/><F31/><W99/><REACH who="3" step="1"/><G94/><REACH who="3" ten="137,247,311,295" step="2"/><N who="0" m="54551" /><D67/><N who="1" m="41191" /><E62/><AGARI ba="0,1" hai="6,9,15,36,41,44,54,57,62,65,66,96,98,99" machi="62" ten="40,2600,0" yaku="1,1,52,1,53,0" doraHai="5" doraHaiUra="121" who="3" fromWho="1" sc="137,0,247,-26,311,0,295,36" /><INIT seed="5,0,0,3,0,117" ten="137,221,311,331" oya="1" hai0="127,107,115,130,128,73,21,133,18,98,59,23,87" hai1="122,66,54,82,92,103,13,1,48,53,26,116,57" hai2="65,46,44,112,80,9,11,2,74,69,75,16,68" hai3="121,47,63,10,105,119,5,79,33,131,102,89,96"/><U77/><E116/><V94/><F94/><W113/><G119/><T97/><D73/><U99/><E1/><V108/><F108/><W126/><G33/><T55/><D115/><U90/><E66/><V52/><F112/><W95/><G113/><T111/><D111/><U120/><E103/><V110/><F110/><W12/><G126/><T27/><D127/><U4/><E26/><V134/><F134/><W58/><G131/><T71/><D71/><U19/><E4/><V41/><F80/><W15/><G47/><T135/><D87/><U123/><E54/><V43/><F65/><W85/><G79/><T40/><D40/><U125/><E125/><V83/><F83/><W50/><G50/><T56/><D55/><U14/><REACH who="1" step="1"/><E19/><REACH who="1" ten="137,211,311,331" step="2"/><V31/><F31/><W70/><G5/><T132/><D23/><U34/><E34/><V91/><F52/><W62/><G102/><T22/><D22/><U76/><E76/><V45/><F2/><W104/><G15/><T67/><D67/><U35/><E35/><V24/><F16/><W114/><G12/><T37/><D37/><U49/><E49/><V81/><F24/><W88/><G114/><T64/><D64/><U39/><E39/><V100/><F100/><W20/><G63/><T8/><D8/><U42/><E42/><V7/><F7/><W38/><G10/><T109/><D109/><U60/><E60/><V3/><F3/><W118/><G118/><T101/><REACH who="0" step="1"/><D98/><REACH who="0" ten="127,211,311,331" step="2"/><U17/><E17/><V86/><F9/><W78/><G38/><T30/><D30/><U0/><E0/><V129/><F11/><RYUUKYOKU ba="0,2" sc="127,15,211,15,311,-15,331,-15" hai0="18,21,27,56,59,97,101,107,128,130,132,133,135" hai1="13,14,48,53,57,77,82,90,92,99,120,122,123" /><INIT seed="5,1,2,3,4,115" ten="142,226,296,316" oya="1" hai0="127,56,24,103,93,91,19,17,68,27,126,99,80" hai1="133,84,50,7,76,82,132,69,9,28,5,117,47" hai2="96,101,111,14,90,95,52,15,33,65,32,51,86" hai3="116,21,105,34,123,100,108,43,128,35,64,71,38"/><U87/><E69/><V30/><F111/><W114/><RYUUKYOKU type="yao9" ba="1,2" sc="142,0,226,0,296,0,316,0" hai3="21,34,35,38,43,64,71,100,105,108,114,116,123,128" /><INIT seed="5,2,2,5,0,117" ten="142,226,296,316" oya="1" hai0="128,51,32,107,63,21,89,36,78,59,19,91,58" hai1="57,82,1,95,72,25,130,80,53,70,85,120,76" hai2="131,108,96,90,74,86,79,6,48,28,126,93,3" hai3="2,121,44,66,100,46,26,60,116,125,67,0,49"/><U64/><E1/><V98/><F108/><W88/><G100/><T75/><D36/><U112/><E112/><V69/><F69/><W15/><G121/><T34/><D107/><U31/><E130/><V77/><F131/><W45/><G116/><T115/><D115/><U133/><E133/><V124/><F28/><W8/><G125/><N who="2" m="48233" /><F3/><W71/><G67/><T113/><D113/><U104/><E104/><V37/><F37/><W105/><G105/><T65/><D128/><U22/><E95/><V30/><F30/><W114/><G26/><T106/><D106/><U12/><E12/><V84/><F6/><W73/><G73/><T81/><D51/><U50/><E64/><V62/><F62/><W54/><G114/><T27/><REACH who="0" step="1"/><D59/><REACH who="0" ten="132,226,296,316" step="2"/><U132/><E70/><V23/><F48/><W5/><G46/><T135/><D135/><U17/><E132/><V40/><F40/><W42/><G42/><T97/><D97/><U38/><E38/><V55/><F55/><W111/><G54/><T127/><D127/><U14/><E120/><V94/><F98/><W39/><G39/><T87/><D87/><U7/><E7/><V134/><F134/><W61/><G5/><T24/><D24/><U52/><E53/><V83/><F86/><W4/><G2/><T41/><D41/><U129/><E129/><V18/><F96/><W119/><G0/><T110/><D110/><U33/><E85/><V118/><F118/><W109/><G119/><T123/><D123/><U47/><E57/><V10/><F74/><W122/><G122/><T99/><D99/><U92/><E82/><RYUUKYOKU ba="2,3" sc="132,15,226,15,296,-15,316,-15" hai0="19,21,27,32,34,58,63,65,75,78,81,89,91" hai1="14,17,22,25,31,33,47,50,52,72,76,80,92" /><INIT seed="5,3,3,3,3,2" ten="147,241,281,301" oya="1" hai0="27,91,24,78,4,44,32,48,115,54,47,52,42" hai1="72,88,86,15,58,62,9,74,56,128,33,100,70" hai2="6,34,134,126,90,132,50,55,103,11,19,67,113" hai3="79,82,25,135,59,12,65,0,102,108,64,43,96"/><U71/><E33/><V106/><F34/><W92/><G0/><T61/><D115/><U119/><E119/><V26/><F67/><W66/><G108/><T49/><D78/><U133/><E100/><V122/><F122/><W130/><G130/><T45/><D32/><U41/><E41/><V39/><F39/><W63/><G135/><N who="2" m="51753" /><F113/><W101/><G12/><T116/><D116/><U29/><E29/><V93/><F126/><W89/><G25/><T120/><D120/><U69/><E133/><V1/><F106/><W95/><G43/><T105/><D105/><U75/><E62/><V94/><F103/><W35/><G35/><T83/><D61/><U36/><E128/><V18/><F26/><W5/><G5/><T107/><D107/><U10/><E36/><V98/><F94/><W97/><REACH who="3" step="1"/><G89/><REACH who="3" ten="147,241,281,291" step="2"/><T22/><D4/><U85/><E15/><V125/><F125/><W38/><G38/><T114/><D114/><U53/><E88/><V127/><F127/><W57/><G57/><AGARI ba="3,4" hai="1,6,11,18,19,50,55,57,90,93,98" m="51753" machi="57" ten="30,2000,0" yaku="20,1,52,1" doraHai="2" who="2" fromWho="3" sc="147,0,241,0,281,69,291,-29" /><INIT seed="6,0,0,2,3,46" ten="147,241,350,262" oya="2" hai0="55,4,5,120,90,105,45,27,64,79,63,49,125" hai1="69,44,24,60,100,31,47,56,33,109,92,115,87" hai2="7,86,54,130,133,80,101,57,91,108,135,99,72" hai3="19,22,65,77,97,6,67,66,12,123,9,96,8"/><V103/><F7/><W34/><G123/><T39/><D120/><U124/><E109/><V68/><F68/><W52/><G34/><T42/><D125/><U107/><E124/><V95/><F108/><W128/><G128/><T15/><D105/><U30/><E30/><V81/><F130/><W76/><G9/><T29/><D79/><U28/><E28/><V112/><F112/><W84/><G77/><T62/><D90/><N who="1" m="53343" /><E56/><V85/><F57/><W94/><G52/><T16/><D29/><U43/><E43/><V23/><F54/><W41/><G41/><T0/><D27/><U10/><E10/><V116/><F23/><W59/><G59/><T122/><D122/><U134/><E134/><N who="2" m="51211" /><F116/><W40/><G40/><T38/><D0/><U74/><E74/><V121/><F121/><W110/><G110/><T106/><D106/><U1/><E1/><V50/><F72/><W93/><G94/><T78/><D78/><U89/><E89/><N who="2" m="51367" /><F50/><W132/><G132/><T51/><D51/><U35/><E35/><V71/><F71/><W127/><G127/><T3/><D3/><U61/><E115/><V83/><F103/><W98/><G76/><T114/><D114/><U118/><E118/><V20/><F20/><W73/><G73/><T25/><D25/><U113/><E113/><V88/><F91/><N who="3" m="55615" /><G84/><T17/><D17/><U131/><E131/><V126/><F126/><W102/><G102/><T58/><D38/><U111/><E111/><V117/><F117/><W119/><G119/><T13/><D39/><U11/><E69/><V37/><F37/><W2/><AGARI ba="0,0" hai="2,6,8,12,19,22,65,66,67,96,97" m="55615" machi="2" ten="30,1100,0" yaku="5,1" doraHai="46" who="3" fromWho="3" sc="147,-3,241,-3,350,-5,262,11" /><INIT seed="7,0,0,5,0,50" ten="144,238,345,273" oya="3" hai0="125,37,16,20,72,27,55,58,1,21,0,101,4" hai1="79,45,104,100,26,110,12,65,68,115,118,9,6" hai2="8,112,33,126,57,103,106,51,99,54,128,127,52" hai3="111,77,40,36,38,46,113,109,69,114,80,117,59"/><W63/><G117/><T124/><D37/><U90/><E115/><N who="3" m="44042" /><G69/><T92/><D72/><U71/><E79/><V91/><F112/><W11/><G11/><T94/><D21/><U88/><E110/><N who="3" m="41994" /><G40/><T3/><D4/><U32/><E32/><V87/><F33/><W130/><G46/><T95/><REACH who="0" step="1"/><D101/><REACH who="0" ten="134,238,345,273" step="2"/><U60/><E100/><V83/><F8/><W2/><G130/><T25/><D25/><U98/><E118/><V105/><F128/><W97/><G2/><T73/><D73/><U41/><E26/><V66/><F103/><W10/><G10/><T84/><D84/><U18/><E6/><V15/><F87/><N who="3" m="48527" /><G97/><T19/><D19/><U22/><E98/><V48/><F99/><W28/><G28/><T75/><D75/><U122/><E22/><V67/><F15/><W43/><G43/><T86/><D86/><U85/><E85/><V23/><F23/><W35/><G35/><T82/><D82/><U64/><E18/><V29/><F29/><W131/><G131/><T44/><D44/><U39/><E12/><V62/><F83/><W135/><G135/><T93/><N who="0" m="23552" /><DORA hai="53" /><T5/><D5/><U129/><E9/><V24/><F24/><W70/><G70/><T89/><D89/><U74/><E90/><V102/><F91/><W61/><G59/><T49/><AGARI ba="0,1" hai="0,1,3,16,20,27,49,55,58,124,125" m="23552" machi="49" ten="50,8000,1" yaku="1,1,0,1,52,2,54,1,53,0" doraHai="50,53" doraHaiUra="30,31" who="0" fromWho="0" sc="134,90,238,-20,345,-20,273,-40" owari="224,-17.6,218,-28.2,325,42.5,233,3.3" /></mjloggm>