<mjloggm ver="2.3"><GO type="41" lobby="0"/><UN n0="%77%69%6E%64%79" n1="%E6%98%BC%E8%8A%B1%E7%81%AB" n2="%6A%61%67%75%61%72%2D%6D" n3="%E2%93%9D%4C%75%63%6B%79%4A" dan="13,13,15,18" rate="1860.46,1853.86,1960.65,2149.44" sx="M,M,M,M"/><TAIKYOKU oya="0"/><INIT seed="0,0,0,5,4,36" ten="250,250,250,250" oya="0" hai0="69,97,74,77,131,100,23,1,40,29,99,94,115" hai1="22,0,80,104,19,96,28,122,54,20,134,50,64" hai2="18,15,118,98,72,106,75,78,4,30,132,89,87" hai3="52,7,107,33,51,39,57,130,21,66,65,92,105"/><T67/><D115/><U12/><E122/><V62/><F132/><W116/><G33/><T11/><D131/><U25/><E0/><V31/><F4/><W128/><G39/><T71/><D99/><U84/><E134/><V10/><F118/><W5/><G21/><T14/><D1/><U26/><E104/><N who="3" m="40010" /><G92/><T110/><D110/><U41/><E96/><V45/><F62/><W95/><G95/><T6/><D67/><N who="3" m="25609" /><G116/><T60/><D60/><U133/><E64/><V111/><F78/><W108/><G108/><T79/><D79/><U59/><E133/><V102/><F111/><W34/><G34/><T85/><D71/><U88/><REACH who="1" step="1"/><E12/><REACH who="1" ten="250,240,250,250" step="2"/><V112/><F15/><W103/><G103/><T55/><D100/><U2/><E2/><V61/><F98/><W17/><G130/><T129/><D97/><U49/><E49/><V3/><F102/><W121/><G121/><T81/><D129/><U91/><E91/><V56/><F89/><W70/><G128/><T86/><D69/><U113/><E113/><V35/><F3/><W8/><G70/><T76/><D76/><U101/><E101/><V90/><F90/><W24/><G24/><T119/><D77/><U83/><E83/><V123/><F106/><W135/><G135/><T43/><D81/><U32/><E32/><V73/><F35/><W9/><G9/><T46/><D11/><U38/><E38/><V125/><F10/><W124/><G124/><T126/><D126/><U42/><AGARI ba="0,1" hai="19,20,22,25,26,28,41,42,50,54,59,80,84,88" machi="42" ten="30,12000,2" yaku="1,1,0,1,8,1,52,2,54,1,53,1" doraHai="36" doraHaiUra="27" who="1" fromWho="1" sc="250,-60,240,130,250,-30,250,-30" /><INIT seed="1,0,0,3,5,7" ten="190,370,220,220" oya="1" hai0="24,29,135,104,131,35,72,115,3,108,60,93,100" hai1="121,124,14,19,82,126,63,2,28,125,90,59,78" hai2="69,122,61,51,84,99,117,76,89,119,20,109,53" hai3="55,91,25,83,110,134,133,26,40,132,85,86,118"/><U34/><E121/><V6/><F122/><W81/><G40/><T33/><D93/><U130/><E2/><V88/><F76/><W106/><G110/><T32/><D115/><U16/><E90/><V113/><F109/><W101/><G55/><T22/><D108/><U128/><E63/><V107/><F113/><W11/><G118/><T56/><D72/><N who="1" m="43335" /><E59/><V12/><F20/><W15/><G101/><T73/><D73/><U50/><E50/><V4/><F4/><N who="3" m="3559" /><G106/><T23/><D3/><U58/><E58/><V94/><F107/><W37/><G37/><T68/><D22/><N who="1" m="11543" /><E19/><V57/><F69/><W105/><G105/><T52/><D68/><U80/><E80/><V13/><F61/><W103/><G103/><T65/><D65/><U77/><E77/><AGARI ba="0,0" hai="25,26,77,81,83,85,86,91,132,133,134" m="3559" machi="77" ten="30,2000,0" yaku="20,1,52,1" doraHai="7" who="3" fromWho="1" sc="190,0,370,-20,220,0,220,20" /><INIT seed="2,0,0,0,5,87" ten="190,350,220,240" oya="2" hai0="71,114,64,132,21,24,28,130,97,112,2,129,26" hai1="103,39,5,83,19,75,101,82,91,135,67,61,115" hai2="44,7,41,36,104,8,94,30,11,46,9,93,49" hai3="58,4,50,100,47,13,35,65,6,55,70,98,51"/><V53/><F104/><W128/><G35/><T126/><D64/><U29/><E115/><V57/><F30/><W73/><G73/><T10/><D71/><U122/><E39/><V0/><F11/><W18/><G128/><N who="0" m="49259" /><D97/><U89/><E122/><V80/><F80/><N who="1" m="30761" /><E75/><V3/><REACH who="2" step="1"/><F57/><REACH who="2" ten="190,350,210,240" step="2"/><W12/><G58/><T85/><D114/><U62/><E29/><V54/><F54/><W34/><G55/><T92/><D112/><U32/><E67/><V38/><F38/><W16/><G65/><T108/><D28/><U78/><E32/><V117/><F117/><W37/><G37/><T99/><D10/><U25/><E78/><V52/><F52/><W66/><G66/><T17/><D17/><U86/><E19/><V60/><F60/><N who="1" m="23145" /><E5/><AGARI ba="0,1" hai="0,3,5,7,8,9,36,41,44,46,49,53,93,94" machi="5" ten="40,7700,0" yaku="1,1,9,1,53,1" doraHai="87" doraHaiUra="45" who="2" fromWho="1" sc="190,0,350,-77,210,87,240,0" /><INIT seed="2,1,0,3,5,40" ten="190,273,297,240" oya="2" hai0="51,127,26,113,1,79,114,108,19,93,89,15,13" hai1="27,106,96,56,134,84,116,29,130,43,68,121,109" hai2="123,61,112,63,45,18,103,74,119,86,65,128,82" hai3="4,87,38,33,69,73,48,111,64,52,122,39,60"/><V58/><F123/><W120/><G73/><T83/><D1/><U115/><E43/><V126/><F119/><W125/><G33/><T92/><D108/><U17/><E56/><V62/><F112/><W49/><G87/><T9/><D127/><U135/><E84/><V24/><F126/><W66/><G4/><T2/><D2/><U35/><E17/><V72/><F63/><N who="3" m="40159" /><G49/><T7/><D26/><U50/><E50/><V37/><F103/><W99/><G99/><T100/><D100/><N who="1" m="62727" /><E116/><V107/><F107/><W25/><G25/><T0/><D15/><U98/><E109/><V16/><F128/><W129/><G129/><T21/><D92/><U90/><E130/><V117/><F117/><W22/><G22/><T70/><D70/><U77/><E115/><V5/><F5/><W44/><G111/><T20/><D20/><U10/><E68/><V110/><F110/><W124/><G125/><T76/><D51/><U34/><E10/><V53/><F74/><W41/><G124/><T97/><D76/><U42/><E42/><V46/><F72/><AGARI ba="1,0" hai="0,7,9,13,19,21,72,79,83,89,93,97,113,114" machi="72" ten="30,1000,0" yaku="7,1" doraHai="40" who="0" fromWho="2" sc="190,13,273,0,297,-13,240,0" /><INIT seed="3,0,0,1,1,29" ten="203,273,284,240" oya="3" hai0="17,76,100,61,81,55,13,130,83,131,107,32,124" hai1="98,40,42,18,71,95,33,45,11,68,135,12,73" hai2="5,15,85,49,7,58,46,96,1,51,70,103,30" hai3="120,118,123,88,65,99,72,111,119,91,2,59,38"/><W14/><G2/><T9/><D124/><U66/><E73/><V101/><F70/><W67/><G38/><T115/><D115/><U69/><E135/><V109/><F1/><W39/><G39/><T125/><D125/><U54/><E33/><V57/><F30/><W22/><G72/><T24/><D100/><U79/><E79/><V0/><F0/><W47/><G47/><T8/><D107/><U127/><E127/><V87/><F46/><W84/><G59/><T28/><D8/><U52/><E66/><V25/><F25/><W132/><G14/><T106/><D106/><U3/><E3/><V108/><F96/><W116/><G22/><T21/><D21/><U43/><REACH who="1" step="1"/><E45/><REACH who="1" ten="203,263,284,240" step="2"/><V80/><F80/><N who="3" m="49543" /><G67/><T92/><D76/><U44/><E44/><V93/><F109/><W77/><G65/><T64/><D64/><U34/><E34/><V94/><F108/><W60/><G111/><T41/><D83/><U48/><E48/><V86/><F86/><W128/><G60/><T23/><D81/><U126/><E126/><V75/><F75/><W134/><G77/><T20/><D61/><U31/><E31/><V16/><REACH who="2" step="1"/><F15/><REACH who="2" ten="203,263,274,240" step="2"/><W113/><G134/><T62/><D13/><U114/><E114/><V82/><F82/><W26/><G113/><T56/><D28/><U104/><E104/><V90/><F90/><AGARI ba="0,2" hai="11,12,18,40,42,43,52,54,68,69,71,90,95,98" machi="90" ten="50,3200,0" yaku="1,1,54,1,53,0" doraHai="29" doraHaiUra="74" who="1" fromWho="2" sc="203,0,263,52,274,-32,240,0" /><INIT seed="4,0,0,4,4,104" ten="203,315,242,240" oya="0" hai0="44,42,118,53,96,2,105,83,107,135,73,95,81" hai1="17,15,32,23,13,122,79,39,37,112,47,108,87" hai2="90,12,75,43,5,76,69,63,29,67,52,54,97" hai3="113,68,72,33,21,132,36,64,129,127,120,19,38"/><T77/><D118/><U74/><E122/><V134/><F134/><W125/><RYUUKYOKU type="yao9" ba="0,0" sc="203,0,315,0,242,0,240,0" hai3="19,21,33,36,38,64,68,72,113,120,125,127,129,132" /><INIT seed="4,1,0,1,0,91" ten="203,315,242,240" oya="0" hai0="4,12,63,46,122,106,120,107,41,43,112,98,127" hai1="62,71,70,105,124,39,22,103,31,132,121,11,0" hai2="102,5,97,8,128,21,40,90,58,109,125,66,101" hai3="108,15,27,34,117,2,9,80,93,89,68,84,48"/><T69/><D112/><U13/><E39/><V44/><F109/><W104/><G104/><T60/><D127/><U134/><E121/><V85/><F128/><W115/><G2/><T118/><D118/><U19/><E124/><V119/><F125/><W16/><G68/><T67/><D60/><U99/><E62/><V64/><F21/><W24/><G108/><T49/><D43/><U55/><E55/><V131/><F131/><W110/><G117/><T114/><D114/><U86/><E86/><V59/><F59/><W77/><G34/><T76/><D76/><U87/><E87/><V100/><F58/><W29/><G29/><T50/><D107/><U32/><E132/><V94/><F119/><W96/><G110/><T18/><D4/><N who="1" m="1415" /><E134/><V74/><F74/><W20/><G115/><T116/><D50/><U123/><E123/><V82/><F8/><W130/><G130/><T10/><REACH who="0" step="1"/><D116/><REACH who="0" ten="193,315,242,240" step="2"/><U26/><AGARI ba="1,1" hai="13,19,22,26,31,32,70,71,99,103,105" m="1415" machi="26" ten="30,1100,0" yaku="24,1" doraHai="91" who="1" fromWho="1" sc="193,-6,315,24,242,-4,240,-4" /><INIT seed="5,0,0,1,3,21" ten="187,339,238,236" oya="1" hai0="28,77,12,7,84,51,34,48,130,37,6,75,20" hai1="97,120,119,61,41,31,113,0,118,85,68,63,1" hai2="79,76,55,17,9,35,98,43,42,117,83,19,38" hai3="96,25,104,44,65,88,134,72,116,94,10,50,56"/><U89/><E120/><V82/><F35/><W122/><G122/><T115/><D37/><U46/><E97/><V103/><F117/><W3/><G72/><T54/><D75/><U135/><E113/><V129/><F129/><W78/><G134/><T111/><D34/><U39/><E135/><V16/><F9/><W121/><G78/><T125/><D111/><U99/><E99/><V23/><F55/><W101/><G116/><T112/><D130/><U92/><E31/><V5/><F5/><W29/><G3/><T109/><D109/><U45/><E118/><V132/><F132/><W106/><G10/><T71/><D71/><U24/><E119/><V18/><F38/><W90/><G106/><T133/><D133/><U64/><E46/><V91/><F91/><W127/><G127/><T26/><D125/><U70/><E24/><V81/><F79/><W57/><G104/><T2/><D2/><U93/><REACH who="1" step="1"/><E92/><REACH who="1" ten="187,329,238,236" step="2"/><N who="2" m="58823" /><F76/><W8/><G121/><T27/><D115/><U126/><E126/><V47/><F47/><W73/><G44/><N who="0" m="27911" /><D112/><U69/><E69/><V59/><F59/><W4/><G57/><T30/><D30/><U74/><E74/><V105/><F105/><W114/><G73/><T33/><D28/><U80/><E80/><N who="2" m="20483" /><V108/><DORA hai="36" /><F108/><W131/><G114/><T53/><D77/><U95/><E95/><V14/><AGARI ba="0,1" hai="14,16,17,18,19,23,42,43" m="20483,58823" machi="14" ten="40,8000,1" yaku="8,1,52,2,54,1" doraHai="21,36" who="2" fromWho="2" sc="187,-20,329,-40,238,90,236,-20" /><INIT seed="6,0,0,3,1,40" ten="167,289,328,216" oya="2" hai0="81,85,121,80,63,100,25,88,26,117,52,41,46" hai1="128,38,98,43,19,90,30,45,112,109,0,96,18" hai2="75,120,34,95,105,5,61,20,74,17,15,60,64" hai3="7,58,69,104,103,91,35,87,36,53,67,110,62"/><V47/><F120/><W107/><G110/><T29/><D121/><U82/><E109/><V11/><F105/><W51/><G35/><T42/><D117/><U16/><E0/><V134/><F134/><W126/><G126/><T76/><D100/><U21/><E128/><V132/><F132/><W59/><G36/><T94/><D80/><U13/><E112/><V55/><F34/><W2/><G69/><T39/><D41/><U48/><E38/><V119/><F119/><W22/><G103/><T50/><D29/><U133/><E133/><V66/><F95/><W56/><G59/><N who="0" m="35303" /><D39/><U6/><E6/><V54/><F54/><W33/><G33/><T71/><D71/><U79/><E13/><V135/><F66/><W8/><REACH who="3" step="1"/><G22/><REACH who="3" ten="167,289,328,206" step="2"/><T65/><D65/><U3/><E3/><V93/><F20/><W44/><G44/><T129/><D129/><U114/><E114/><V101/><F47/><W83/><AGARI ba="0,1" hai="2,7,8,51,53,56,58,62,67,83,87,91,104,107" machi="83" ten="20,2700,0" yaku="1,1,0,1,7,1,53,0" doraHai="40" doraHaiUra="97" who="3" fromWho="3" sc="167,-7,289,-7,328,-13,206,37" /><INIT seed="7,0,0,4,5,5" ten="160,282,315,243" oya="3" hai0="6,103,117,24,13,12,21,50,130,71,15,74,131" hai1="118,61,126,73,28,94,127,90,111,115,129,100,124" hai2="19,102,68,77,99,4,30,122,82,7,92,34,32" hai3="123,112,104,86,132,56,128,89,29,57,62,72,120"/><W37/><G72/><T125/><D71/><U54/><E73/><V36/><F36/><W48/><G104/><T58/><D74/><U88/><E28/><V49/><F68/><W22/><G37/><T9/><D103/><U108/><E61/><V45/><F19/><W101/><G128/><N who="0" m="49195" /><D58/><U27/><E129/><V114/><F114/><W35/><G35/><T18/><D50/><U31/><E54/><V133/><F133/><W39/><G132/><T96/><D96/><N who="1" m="59415" /><E118/><V76/><F76/><W2/><G112/><T91/><D91/><N who="1" m="34859" /><E115/><V109/><F77/><W3/><G39/><T64/><D64/><U84/><E84/><V38/><F82/><W23/><G101/><T46/><D46/><U10/><E10/><V51/><F30/><W135/><G29/><T78/><D78/><U43/><E43/><V52/><F52/><W41/><G41/><T110/><D117/><U8/><E8/><V85/><F102/><W80/><G135/><T93/><D93/><U20/><AGARI ba="0,0" hai="20,27,31,108,111,124,126,127" m="34859,59415" machi="20" ten="40,2700,0" yaku="18,1,54,1" doraHai="5" who="1" fromWho="1" sc="160,-7,282,27,315,-7,243,-13" owari="153,-34.7,309,40.9,308,10.8,230,-17.0" /></mjloggm>