<mjloggm ver="2.3"><GO type="41" lobby="0"/><UN n0="%E2%93%9D%4C%75%63%6B%79%4A" n1="%4B%75%72%6F%6A%49" n2="%6B%6B%6B%6B%30%37%35%31" n3="%E3%81%AD%E3%81%8A%E3%81%98%E3%82%80" dan="18,13,13,14" rate="2226.68,1827.96,1878.21,1932.14" sx="M,M,M,M"/><TAIKYOKU oya="0"/><INIT seed="0,0,0,0,1,27" ten="250,250,250,250" oya="0" hai0="133,64,5,40,90,111,109,104,3,9,94,126,79" hai1="10,119,0,99,21,33,118,93,105,110,43,52,29" hai2="67,125,135,8,128,89,32,44,129,65,112,117,57" hai3="127,71,80,62,84,82,102,121,123,96,76,18,59"/><T28/><D104/><U88/><E105/><V100/><F117/><W87/><G71/><T31/><D133/><U49/><E33/><V25/><F112/><W60/><G18/><T115/><D115/><U24/><E110/><N who="0" m="41993" /><D126/><U22/><E43/><V1/><F100/><W68/><G68/><T101/><D79/><U107/><E107/><V11/><F44/><W13/><G13/><T77/><D77/><U116/><E22/><V72/><F72/><W37/><G37/><T85/><D64/><U17/><E17/><V66/><F89/><W36/><G36/><T103/><D40/><U35/><E35/><V54/><F135/><W132/><G132/><T63/><D63/><U95/><E95/><V124/><F1/><W7/><G7/><T106/><D103/><U81/><E81/><V38/><F38/><W42/><G42/><T51/><D51/><U58/><REACH who="1" step="1"/><E118/><REACH who="1" ten="250,240,250,250" step="2"/><V134/><F134/><W34/><G34/><T70/><D70/><U97/><E97/><AGARI ba="0,1" hai="3,5,9,28,31,85,90,94,97,101,106" m="41993" machi="97" ten="30,11600,0" yaku="14,1,10,1,52,2" doraHai="27" who="0" fromWho="1" sc="250,126,240,-116,250,0,250,0" /><INIT seed="0,1,0,2,1,0" ten="376,124,250,250" oya="0" hai0="47,116,81,90,120,69,125,65,76,133,23,121,85" hai1="94,117,58,112,132,114,49,53,93,67,63,74,40" hai2="38,2,27,109,28,4,50,83,77,86,92,80,134" hai3="25,89,56,88,44,104,97,32,68,34,51,87,54"/><T84/><D116/><U79/><E117/><V39/><F109/><W10/><G68/><T100/><D69/><U62/><E74/><V135/><F50/><W9/><G104/><T122/><D65/><U99/><E79/><V5/><F2/><W106/><G106/><T46/><D125/><U118/><E118/><V128/><F128/><W91/><G97/><T12/><D100/><U48/><E132/><N who="2" m="50731" /><F92/><W66/><G32/><T59/><D59/><U108/><E108/><V71/><F83/><W70/><G70/><T14/><D133/><U126/><E126/><V105/><F105/><W57/><G87/><T55/><D55/><U52/><E94/><V18/><F18/><W35/><G35/><T101/><D101/><U11/><E11/><V73/><F86/><W130/><G130/><T7/><D85/><U41/><E93/><V127/><F71/><W17/><G34/><T64/><D76/><U21/><E21/><N who="2" m="15471" /><F127/><W82/><G82/><T31/><D31/><U113/><E99/><V110/><F110/><W107/><G107/><T1/><D122/><U29/><E29/><V102/><F102/><W96/><G96/><T111/><D121/><U78/><E78/><V3/><F3/><W61/><G44/><T33/><D47/><U26/><E26/><V36/><AGARI ba="1,0" hai="4,5,36,38,39,73,77,80" m="15471,50731" machi="36" ten="40,5200,0" yaku="20,1,52,2" doraHai="0" who="2" fromWho="2" sc="376,-27,124,-14,250,55,250,-14" /><INIT seed="1,0,0,1,1,82" ten="349,110,305,236" oya="1" hai0="27,53,40,67,49,106,0,101,115,60,34,43,46" hai1="26,59,1,2,69,127,15,50,105,45,80,117,8" hai2="90,56,133,19,91,4,125,78,79,42,41,88,71" hai3="12,102,81,11,10,135,54,95,29,68,18,23,111"/><U22/><E117/><V17/><F71/><W35/><G68/><T85/><D0/><U30/><E105/><V3/><F125/><W110/><G81/><T9/><D115/><U16/><E127/><V93/><F133/><W63/><G102/><T116/><D9/><U92/><E69/><V57/><F3/><W104/><G95/><T38/><D116/><U75/><E59/><N who="2" m="22603" /><F4/><W126/><G63/><T131/><D131/><U33/><E92/><V94/><F93/><W61/><G54/><T87/><D38/><U32/><E32/><V114/><F94/><W31/><G61/><T86/><D34/><U7/><E80/><V83/><F83/><W14/><G104/><T48/><D49/><U37/><E1/><V121/><F121/><W112/><G126/><T122/><D122/><U77/><E77/><N who="2" m="29195" /><F114/><W118/><G112/><T72/><D72/><U99/><E99/><V120/><F120/><W84/><G118/><T109/><D109/><U65/><E65/><V25/><F25/><W100/><G135/><T107/><D27/><U62/><E62/><V134/><F134/><W28/><G35/><T21/><D107/><U132/><E132/><V64/><F64/><W51/><G100/><T20/><D101/><U44/><E75/><V96/><F96/><W113/><G113/><T74/><D74/><U108/><E108/><V98/><F98/><W58/><G110/><T13/><D106/><U128/><E128/><V39/><F39/><W6/><G111/><T24/><D24/><U130/><E130/><V70/><F70/><W66/><G66/><T5/><D67/><RYUUKYOKU ba="0,0" sc="349,-10,110,-10,305,30,236,-10" hai2="17,19,41,42,88,90,91" /><INIT seed="2,1,0,0,3,69" ten="339,100,335,226" oya="2" hai0="75,1,111,79,22,72,5,56,12,112,38,63,59" hai1="91,130,25,66,55,68,117,10,97,73,96,94,65" hai2="85,127,20,64,57,50,44,106,0,81,109,33,2" hai3="36,71,11,48,125,19,16,30,28,41,124,46,121"/><V93/><F106/><W23/><G121/><T37/><D112/><U9/><E117/><V82/><F33/><W107/><G71/><T110/><D79/><U32/><E73/><N who="0" m="28233" /><D12/><U103/><E55/><V42/><F127/><N who="3" m="48715" /><G107/><T98/><D22/><U84/><E130/><V17/><F109/><N who="0" m="41482" /><D98/><U51/><E96/><V126/><F126/><W88/><G11/><N who="0" m="2479" /><D59/><U74/><E74/><V132/><F132/><W54/><G88/><T114/><D114/><U113/><E66/><AGARI ba="1,0" hai="37,38,56,63,66" m="2479,41482,28233" machi="66" ten="30,3900,0" yaku="14,1,52,2" doraHai="69" who="0" fromWho="1" sc="339,42,100,-42,335,0,226,0" /><INIT seed="3,0,0,0,1,51" ten="381,58,335,226" oya="3" hai0="57,62,128,21,6,68,40,41,48,63,113,133,72" hai1="30,52,19,108,125,7,97,3,86,5,87,131,38" hai2="99,24,27,85,90,122,53,28,106,54,77,2,103" hai3="12,69,39,105,18,31,70,46,65,8,123,0,43"/><W104/><G123/><T134/><D6/><U60/><E108/><V37/><F2/><W73/><G31/><T10/><D72/><U91/><E38/><V79/><F122/><W120/><G120/><T32/><D10/><U36/><E36/><V42/><F24/><W59/><G73/><T135/><D21/><U34/><E131/><V109/><F109/><W96/><G0/><T15/><D15/><U92/><E125/><V61/><F61/><W25/><G25/><T118/><D32/><U14/><E30/><V98/><F98/><W47/><G47/><T112/><D118/><U124/><E124/><V17/><F17/><W107/><G96/><T33/><D33/><U58/><E34/><V126/><F126/><W88/><G65/><N who="0" m="41023" /><D48/><U94/><E3/><V89/><F89/><W35/><G35/><T13/><D13/><U80/><E87/><V75/><F42/><N who="0" m="16490" /><D128/><U45/><E45/><V9/><F37/><W114/><G114/><T11/><D11/><U1/><E1/><V84/><F9/><W111/><G111/><T26/><D26/><U67/><E67/><AGARI ba="0,0" hai="57,62,67,112,113,133,134,135" m="16490,41023" machi="67" ten="40,5200,0" yaku="20,1,34,2" doraHai="51" who="0" fromWho="1" sc="381,52,58,-52,335,0,226,0" /><INIT seed="4,0,0,5,0,86" ten="433,6,335,226" oya="0" hai0="27,105,37,93,36,9,52,80,32,57,100,126,21" hai1="23,33,98,125,92,74,4,69,96,111,60,40,54" hai2="43,87,103,122,109,53,127,65,8,26,38,19,71" hai3="110,104,108,78,114,34,3,130,56,7,6,89,70"/><T123/><D32/><U1/><E111/><V30/><F122/><W91/><G104/><T120/><D105/><U41/><E74/><V18/><F109/><W77/><G70/><T49/><D126/><U68/><E33/><V61/><F127/><W64/><G34/><T67/><D80/><U73/><E73/><V90/><F103/><W10/><G130/><T39/><D9/><U11/><E125/><V82/><F53/><W22/><G114/><T107/><D107/><U135/><E135/><V16/><F43/><W128/><G128/><T99/><REACH who="0" step="1"/><D67/><REACH who="0" ten="423,6,335,226" step="2"/><U31/><E23/><V25/><F8/><W50/><G22/><T24/><D24/><U17/><E11/><V44/><F26/><W134/><G64/><T58/><D58/><U106/><E69/><V66/><F65/><W59/><G10/><T55/><D55/><U75/><E31/><AGARI ba="0,1" hai="21,27,31,36,37,39,49,52,57,93,99,100,120,123" machi="31" ten="40,3900,0" yaku="1,1,54,1,53,0" doraHai="86" doraHaiUra="102" who="0" fromWho="1" sc="423,49,6,-39,335,0,226,0" owari="472,57.2,-33,-53.3,335,13.5,226,-17.4" /></mjloggm>