<mjloggm ver="2.3"><GO type="137" lobby="0"/><UN n0="%54%49%42%34" n1="%E2%93%9D%4C%75%63%6B%79%4A" n2="%E5%BF%83%E3%81%AE%E5%A3%81" n3="%55%6C%74%2D%41%54" dan="10,12,9,12" rate="1614.03,1826.07,1312.69,1729.64" sx="F,M,M,M"/><TAIKYOKU oya="0"/><INIT seed="0,0,0,4,2,64" ten="250,250,250,250" oya="0" hai0="42,75,46,93,68,83,30,11,44,128,10,90,97" hai1="132,69,40,103,91,112,24,33,56,116,58,48,96" hai2="70,25,72,32,88,47,45,39,114,31,21,125,86" hai3="35,98,12,3,113,54,71,59,63,2,119,101,111"/><T115/><D68/><U1/><E1/><V19/><F125/><W105/><G113/><T29/><D115/><U108/><E116/><V87/><F114/><W37/><G119/><T82/><D128/><U129/><E91/><V57/><F72/><W60/><G37/><T67/><D67/><U118/><E129/><V84/><F70/><W85/><G111/><T6/><D75/><U52/><E40/><V66/><F39/><W14/><G35/><T106/><D106/><U107/><E112/><V130/><F130/><W34/><G34/><T17/><D17/><U49/><E132/><V5/><F5/><W28/><G28/><T100/><D100/><U110/><E118/><V38/><F38/><W109/><G109/><N who="1" m="42090" /><E49/><V23/><F32/><W9/><G85/><T0/><D11/><U8/><E8/><V65/><F57/><W20/><G20/><T92/><D93/><U61/><E24/><V133/><F133/><W134/><G134/><T7/><D7/><U22/><E22/><V15/><F88/><W131/><G131/><T79/><D46/><AGARI ba="0,0" hai="15,19,21,23,25,31,45,46,47,65,66,84,86,87" machi="46" ten="40,1300,0" yaku="8,1" doraHai="64" who="2" fromWho="0" sc="250,-13,250,0,250,13,250,0" /><INIT seed="1,0,0,1,3,102" ten="237,250,263,250" oya="1" hai0="133,10,126,135,92,37,129,115,109,93,112,47,117" hai1="1,11,15,123,26,42,131,114,67,57,55,94,80" hai2="60,84,71,110,22,127,101,40,30,111,3,83,89" hai3="25,45,5,121,100,122,0,52,50,120,73,63,96"/><U128/><E123/><V95/><F127/><W59/><G73/><T116/><D10/><U105/><E114/><N who="0" m="43561" /><D47/><U27/><E94/><N who="0" m="36457" /><D37/><U51/><E1/><V98/><F3/><W118/><G118/><N who="0" m="45675" /><D126/><U88/><E67/><V29/><F40/><W99/><G25/><T41/><D41/><U46/><E105/><V2/><F2/><W13/><G0/><T119/><N who="0" m="45683" /><T125/><DORA hai="33" /><D125/><U113/><E113/><V39/><F39/><W48/><G48/><T34/><D34/><U130/><E42/><V132/><F132/><N who="0" m="50762" /><D109/><N who="2" m="41482" /><F22/><W38/><G38/><T43/><D43/><U28/><E57/><V36/><F36/><W124/><G124/><T108/><D108/><U6/><REACH who="1" step="1"/><E28/><REACH who="1" ten="237,240,263,250" step="2"/><V54/><F71/><W8/><REACH who="3" step="1"/><G100/><REACH who="3" ten="237,240,263,240" step="2"/><T97/><D129/><U72/><E72/><V53/><F53/><AGARI ba="0,2" hai="5,8,13,45,50,52,53,59,63,96,99,120,121,122" machi="53" ten="40,5200,0" yaku="1,1,2,1,54,1,53,0" doraHai="102,33" doraHaiUra="17,14" who="3" fromWho="2" sc="237,0,240,0,263,-52,240,72" /><INIT seed="2,0,0,0,0,101" ten="237,240,211,312" oya="2" hai0="33,48,60,130,58,135,65,122,59,123,93,134,76" hai1="27,97,83,55,96,31,87,99,104,70,61,45,116" hai2="5,127,6,117,64,14,109,54,22,69,118,120,34" hai3="56,82,44,9,91,51,18,132,79,40,114,21,47"/><V19/><F127/><W103/><G132/><N who="0" m="50731" /><D93/><U129/><E116/><V39/><F120/><N who="0" m="46122" /><D76/><U46/><E129/><V98/><F117/><W128/><G128/><T66/><D33/><U36/><E36/><V131/><F118/><W85/><G114/><T62/><D130/><U111/><E111/><V37/><F109/><W49/><G56/><N who="0" m="21547" /><D48/><U86/><E87/><V13/><F131/><W16/><G103/><T29/><D29/><U74/><E74/><V67/><F34/><W42/><G9/><T32/><D32/><U53/><E31/><V89/><F69/><W102/><G102/><T30/><D30/><U92/><E92/><V26/><F37/><W115/><G79/><T78/><D78/><U84/><E99/><V2/><F39/><W25/><REACH who="3" step="1"/><G115/><REACH who="3" ten="237,240,211,302" step="2"/><T20/><D20/><U63/><E70/><V72/><F72/><W17/><AGARI ba="0,1" hai="16,17,18,21,25,40,42,44,47,49,51,82,85,91" machi="17" ten="20,12000,2" yaku="1,1,2,1,0,1,7,1,9,1,8,1,54,1,53,0" doraHai="101" doraHaiUra="125" who="3" fromWho="3" sc="237,-30,240,-30,211,-60,302,130" /><INIT seed="3,0,0,0,5,45" ten="207,210,151,432" oya="3" hai0="23,12,10,41,89,13,51,9,129,83,43,25,16" hai1="133,71,72,66,121,22,100,76,36,60,126,37,123" hai2="88,80,3,74,62,46,104,53,90,57,61,134,86" hai3="19,99,40,27,7,107,50,52,0,67,103,125,48"/><W118/><G118/><T18/><D129/><U117/><E22/><V96/><F134/><W34/><G125/><T116/><D116/><U95/><E95/><V135/><F135/><W31/><G67/><T8/><D8/><U58/><E100/><V30/><F3/><W87/><G40/><T21/><D25/><U105/><E105/><V35/><F35/><W73/><G73/><T106/><D106/><U130/><E76/><V84/><F30/><W91/><G19/><T44/><D43/><U85/><E85/><AGARI ba="0,0" hai="9,10,12,13,16,18,21,23,41,44,51,83,85,89" machi="85" ten="40,8000,1" yaku="9,1,8,1,52,1,54,1" doraHai="45" who="0" fromWho="1" sc="207,80,210,-80,151,0,432,0" /><INIT seed="4,0,0,1,1,54" ten="287,130,151,432" oya="0" hai0="109,31,126,125,60,108,73,87,98,63,82,8,86" hai1="26,64,43,94,29,119,16,74,122,77,130,17,58" hai2="95,36,70,14,38,2,7,80,61,35,101,66,100" hai3="71,56,129,5,84,13,68,78,18,103,92,116,79"/><T30/><D98/><U117/><E122/><V90/><F35/><W27/><G116/><T40/><D82/><U114/><E130/><V23/><F2/><W88/><G129/><T20/><D20/><U41/><E74/><V112/><F112/><W45/><G103/><T32/><D8/><U57/><E64/><V113/><F113/><W67/><G5/><T3/><D3/><U83/><E114/><V19/><F7/><W10/><G27/><T123/><D73/><U72/><E94/><V24/><F36/><W50/><G68/><T25/><D25/><U59/><E119/><V12/><F38/><W44/><G71/><T121/><D40/><U133/><E133/><V81/><F70/><W75/><G75/><T76/><REACH who="0" step="1"/><D76/><REACH who="0" ten="277,130,151,432" step="2"/><U106/><E117/><V135/><F135/><W104/><G104/><T107/><D107/><U96/><E43/><V46/><F80/><W11/><G78/><T15/><D15/><N who="2" m="5674" /><F81/><W111/><G79/><T47/><D47/><U115/><E115/><V85/><F46/><W9/><G9/><T127/><D127/><U131/><E131/><V4/><F4/><W39/><G11/><T69/><D69/><U124/><E124/><V48/><F61/><W28/><G39/><T102/><D102/><N who="2" m="39530" /><F48/><W134/><G50/><T1/><D1/><U120/><E106/><V37/><F37/><W52/><G134/><T128/><D128/><U55/><E72/><V110/><F110/><W99/><G45/><T51/><D51/><U65/><E77/><V42/><F42/><W118/><G44/><T33/><AGARI ba="0,1" hai="30,31,32,33,60,63,86,87,108,109,121,123,125,126" machi="33" ten="25,9600,0" yaku="1,1,0,1,22,2,53,0" doraHai="54" doraHaiUra="6" who="0" fromWho="0" sc="277,106,130,-32,151,-32,432,-32" /><INIT seed="4,1,0,5,2,91" ten="383,98,119,400" oya="0" hai0="123,15,58,43,119,41,0,129,37,34,104,50,125" hai1="56,65,13,26,30,97,48,46,21,112,84,52,103" hai2="69,102,60,133,28,107,20,95,1,89,132,83,98" hai3="111,53,39,45,124,17,100,29,75,105,27,14,18"/><T79/><D119/><U120/><E120/><V62/><F1/><W115/><G111/><T101/><D123/><U128/><E128/><V121/><F121/><W70/><G75/><T88/><D0/><U67/><E112/><V40/><F40/><W19/><G70/><T23/><D129/><U51/><E84/><V72/><F69/><W93/><G105/><T126/><D34/><U35/><E35/><V11/><F11/><W73/><G73/><T87/><D79/><U64/><E13/><V25/><F62/><W130/><G130/><T113/><D37/><U38/><E38/><V127/><F60/><W82/><G115/><T76/><D76/><U42/><REACH who="1" step="1"/><E67/><REACH who="1" ten="383,88,119,400" step="2"/><V68/><F127/><N who="0" m="48650" /><D113/><U63/><E63/><V90/><F68/><W66/><G66/><T99/><D15/><U122/><E122/><V4/><F4/><W86/><G14/><T22/><D41/><U96/><E96/><V135/><REACH who="2" step="1"/><F107/><AGARI ba="1,1" hai="21,26,30,42,46,48,51,52,56,64,65,97,103,107" machi="107" ten="30,3900,0" yaku="1,1,7,1,54,1,53,0" doraHai="91" doraHaiUra="85" who="1" fromWho="2" sc="383,0,88,52,119,-42,400,0" /><INIT seed="5,0,0,1,1,39" ten="383,140,77,400" oya="1" hai0="12,72,100,73,93,42,84,90,116,96,67,32,0" hai1="41,132,118,117,44,66,103,49,31,7,24,120,130" hai2="126,26,63,46,127,57,99,45,75,113,25,77,106" hai3="65,78,21,82,33,107,83,36,87,51,115,27,50"/><U98/><E120/><V2/><F2/><W128/><G107/><T20/><D0/><U61/><E130/><V58/><F113/><W71/><G128/><T70/><D32/><U134/><E7/><V135/><F75/><W3/><G3/><T88/><D90/><U6/><E6/><V122/><F77/><W16/><G115/><T124/><D116/><U131/><E131/><V102/><F122/><W48/><G33/><T23/><D124/><U101/><E103/><V34/><F135/><N who="1" m="51753" /><E24/><V69/><F25/><W121/><G121/><T92/><D12/><U111/><E31/><N who="2" m="19831" /><F126/><W105/><G105/><T38/><D72/><U109/><E98/><V91/><F91/><W35/><G35/><T52/><D73/><U76/><E101/><V129/><F129/><W97/><G97/><T60/><REACH who="0" step="1"/><D52/><REACH who="0" ten="373,140,77,400" step="2"/><U112/><E112/><V110/><F127/><W28/><G65/><T10/><D10/><U114/><E114/><V85/><F110/><N who="1" m="41993" /><E76/><V53/><F53/><W4/><G78/><T55/><D55/><U81/><E81/><V47/><F85/><W80/><G87/><T22/><D22/><U40/><E41/><V5/><F5/><W79/><G4/><T37/><D37/><U8/><E8/><V14/><F14/><W11/><G36/><T94/><D94/><U30/><E30/><V119/><F119/><W125/><G79/><T104/><D104/><U54/><E54/><V86/><F86/><W9/><G125/><T133/><D133/><U18/><E18/><V64/><AGARI ba="0,1" hai="45,46,47,57,58,63,64,69,99,102,106" m="19831" machi="64" ten="30,1100,0" yaku="25,1" doraHai="39" who="2" fromWho="2" sc="373,-3,140,-5,77,21,400,-3" /><INIT seed="6,0,0,3,5,45" ten="370,135,98,397" oya="2" hai0="127,135,55,119,20,46,58,5,129,84,66,122,81" hai1="121,108,116,118,32,78,92,72,64,102,41,134,50" hai2="0,80,130,89,52,114,2,115,93,57,100,21,47" hai3="69,70,38,94,90,91,42,88,98,59,17,97,65"/><V79/><F130/><W36/><G17/><T85/><D122/><U23/><E32/><V105/><F47/><W40/><G91/><T28/><D129/><U51/><E108/><V7/><F21/><W77/><G59/><T95/><D119/><U111/><E111/><V37/><F37/><W113/><G77/><T126/><D135/><U110/><E110/><V35/><F35/><W44/><G44/><T12/><D126/><U68/><E41/><V112/><F2/><W103/><G94/><T101/><D127/><U133/><E121/><V13/><F0/><W128/><G128/><T3/><D3/><U62/><E23/><V63/><F7/><W56/><G56/><T71/><D71/><U9/><E9/><V87/><F13/><W109/><G109/><T1/><D1/><U14/><E14/><V54/><F54/><W15/><G15/><T49/><D81/><N who="1" m="45255" /><E102/><V39/><F39/><W8/><G8/><T76/><D76/><U123/><E92/><V22/><F22/><W18/><G18/><T48/><D66/><U107/><E107/><V33/><F33/><W67/><G103/><T86/><D5/><U10/><E10/><V61/><F61/><W4/><G4/><T75/><D75/><U83/><E123/><V27/><F27/><W132/><G132/><N who="1" m="50794" /><E83/><V16/><F16/><W104/><G104/><T106/><D106/><U29/><E29/><V43/><F43/><W11/><G11/><T125/><D125/><U30/><E30/><V6/><F6/><W124/><G124/><T53/><D28/><U82/><E82/><V60/><F60/><RYUUKYOKU ba="0,0" sc="370,-15,135,15,98,-15,397,15" hai1="50,51,62,64,68,116,118" hai3="36,38,40,42,65,67,69,70,88,90,97,98,113" /><INIT seed="7,1,0,0,1,47" ten="355,150,83,412" oya="3" hai0="113,72,10,20,2,74,88,80,100,110,48,8,46" hai1="41,134,16,64,75,11,43,34,92,106,135,84,119" hai2="87,1,59,118,116,3,120,123,108,105,97,32,60" hai3="63,45,67,23,85,25,26,42,51,129,82,15,86"/><W79/><G129/><T54/><D110/><U114/><E34/><V93/><F32/><W76/><G15/><T5/><D100/><U57/><E75/><V70/><F70/><W124/><G124/><T13/><D20/><U125/><E106/><V90/><F1/><W104/><G104/><T101/><D101/><U68/><E114/><V128/><F3/><W73/><G79/><T52/><D54/><U130/><E57/><V49/><F49/><W17/><G26/><T29/><D29/><U103/><E119/><V18/><F128/><W126/><G126/><T38/><D38/><U6/><E6/><V131/><F108/><W98/><G98/><T55/><D55/><U122/><E122/><V12/><F131/><W95/><G95/><T115/><D113/><U22/><E92/><V24/><F116/><W96/><G96/><T39/><D39/><U44/><E44/><V36/><F36/><W0/><G0/><T33/><D33/><U94/><E94/><V37/><F37/><W35/><G35/><T56/><D56/><AGARI ba="1,0" hai="17,23,25,42,45,51,56,63,67,73,76,82,85,86" machi="56" ten="30,2900,0" yaku="7,1,52,1" doraHai="47" who="3" fromWho="0" sc="355,-32,150,0,83,0,412,32" owari="323,12.3,150,-25.0,83,-41.7,444,54.4" /></mjloggm>