<mjloggm ver="2.3"><GO type="41" lobby="0"/><UN n0="%E2%93%9D%4C%75%63%6B%79%4A" n1="%E3%83%AA%E3%83%83%E3%83%81%E8%BF%91%E8%97%A4" n2="%54%61%72%6E%69%73%68" n3="%E3%83%85%E3%82%AC%E3%83%B3%E8%B1%8A%E8%87%A3" dan="18,15,13,13" rate="2144.54,1998.66,1826.54,1897.39" sx="M,M,M,M"/><TAIKYOKU oya="0"/><INIT seed="0,0,0,3,4,112" ten="250,250,250,250" oya="0" hai0="64,129,57,23,47,51,108,81,18,58,96,0,102" hai1="132,17,128,82,35,74,4,42,72,61,10,92,120" hai2="105,20,50,65,66,99,37,135,62,88,28,86,48" hai3="14,16,123,24,69,79,119,70,7,116,1,68,77"/><T127/><D0/><U122/><E35/><V73/><F73/><W39/><G123/><T76/><D127/><U131/><E42/><V109/><F37/><W95/><G39/><T43/><D129/><N who="1" m="49739" /><E61/><V8/><F109/><W29/><G95/><T100/><D108/><U34/><E17/><V121/><F121/><N who="1" m="46697" /><E10/><V115/><F115/><W125/><G125/><T33/><D33/><U103/><E4/><V40/><F135/><W32/><G7/><T87/><D64/><N who="2" m="24682" /><F105/><W55/><G55/><T59/><REACH who="0" step="1"/><D96/><REACH who="0" ten="240,250,250,250" step="2"/><N who="1" m="59783" /><E34/><V110/><F110/><W93/><G1/><T91/><D91/><U44/><E132/><V126/><F126/><W90/><G77/><T6/><D6/><U60/><E60/><V63/><F99/><W75/><G79/><T111/><D111/><U15/><E15/><AGARI ba="0,1" hai="15,18,23,43,47,51,57,58,59,76,81,87,100,102" machi="15" ten="40,3900,0" yaku="1,1,8,1,53,0" doraHai="112" doraHaiUra="94" who="0" fromWho="1" sc="240,49,250,-39,250,0,250,0" /><INIT seed="0,1,0,2,4,29" ten="289,211,250,250" oya="0" hai0="21,105,11,88,27,112,53,19,47,41,24,57,116" hai1="91,67,92,52,42,125,124,69,5,93,59,106,132" hai2="110,2,127,18,95,75,13,71,28,123,99,51,102" hai3="111,16,107,90,40,104,22,119,126,129,26,1,82"/><T33/><D116/><U38/><E106/><V115/><F123/><W89/><G119/><T35/><D112/><U94/><E132/><V70/><F115/><W134/><G1/><T43/><D105/><U66/><E5/><V46/><F2/><W108/><G40/><T20/><D11/><U15/><E69/><V36/><F75/><W32/><G134/><T72/><D72/><U14/><E91/><N who="3" m="34826" /><G129/><T133/><D133/><U100/><E100/><V97/><F97/><W131/><G131/><T103/><D103/><U79/><E79/><V4/><F110/><N who="3" m="42027" /><G126/><N who="1" m="48746" /><E42/><V31/><F127/><W23/><G23/><T74/><D74/><U62/><E38/><V80/><F36/><W44/><G44/><T73/><D73/><U113/><E113/><V114/><F114/><W98/><G82/><T118/><D118/><U96/><E96/><V120/><F120/><W10/><G10/><T63/><D43/><U84/><E84/><V83/><F4/><W87/><G87/><T0/><D0/><U17/><E14/><V37/><F37/><W49/><G98/><T25/><D88/><U54/><E54/><N who="2" m="30071" /><F70/><W78/><G78/><T3/><D3/><U55/><E55/><V7/><F71/><W101/><G101/><T45/><D47/><U30/><E30/><N who="2" m="11307" /><F7/><W58/><G107/><T81/><D81/><U68/><E68/><V128/><F128/><W65/><G65/><T64/><D64/><U130/><E130/><V85/><F85/><W76/><G76/><T60/><D41/><U77/><E77/><V12/><F18/><W6/><G104/><T9/><D19/><RYUUKYOKU ba="1,0" sc="289,-15,211,15,250,15,250,-15" hai1="15,17,52,59,62,66,67,92,93,94" hai2="12,13,80,83,95,99,102" /><INIT seed="1,2,0,1,0,72" ten="274,226,265,235" oya="1" hai0="130,7,68,57,73,132,106,34,81,75,27,127,64" hai1="122,9,91,38,121,23,74,85,14,44,93,48,24" hai2="37,131,90,53,129,3,40,47,59,65,135,111,118" hai3="42,114,35,120,5,1,88,107,133,98,51,41,20"/><U80/><E38/><V128/><F90/><W96/><G120/><T16/><D7/><U78/><E23/><V6/><F6/><W103/><G114/><T116/><D116/><U105/><E24/><V69/><F3/><W95/><G35/><T62/><D127/><U25/><E25/><V67/><F118/><W87/><G133/><T108/><D130/><U2/><E2/><V92/><F92/><W102/><G20/><T55/><D108/><U15/><E15/><V26/><F26/><W104/><REACH who="3" step="1"/><G51/><REACH who="3" ten="274,226,265,225" step="2"/><T94/><D34/><U89/><E105/><V46/><F135/><W30/><G30/><T0/><D132/><U17/><REACH who="1" step="1"/><E89/><REACH who="1" ten="274,216,265,225" step="2"/><V115/><F115/><W110/><G110/><T112/><D112/><U39/><E39/><V79/><F111/><W32/><G32/><T84/><D27/><U45/><E45/><V119/><F119/><W11/><AGARI ba="2,2" hai="1,5,11,41,42,87,88,95,96,98,102,103,104,107" machi="11" ten="30,7900,0" yaku="1,1,0,1,9,1,54,1,53,0" doraHai="72" doraHaiUra="18" who="3" fromWho="3" sc="274,-22,216,-41,265,-22,225,105" /><INIT seed="2,0,0,5,4,79" ten="252,175,243,330" oya="2" hai0="53,123,5,68,44,107,3,92,9,111,115,95,12" hai1="10,0,45,63,76,34,129,65,85,80,43,74,98" hai2="25,105,40,120,31,18,13,61,55,36,87,121,21" hai3="7,1,46,84,91,81,86,22,29,130,4,77,26"/><V66/><F105/><W78/><G130/><T82/><D115/><U52/><E129/><V96/><F96/><W49/><G1/><T35/><D35/><U110/><E110/><V97/><F97/><W88/><G78/><T38/><D68/><U135/><E135/><V70/><F55/><W39/><G39/><T133/><D123/><U101/><E34/><V124/><F124/><W103/><G103/><T75/><D111/><U6/><E52/><V125/><F125/><W62/><G62/><T90/><D133/><U24/><E24/><V41/><F87/><W131/><G131/><T51/><D107/><U19/><E19/><V112/><F112/><W17/><G29/><T127/><D38/><U64/><E63/><V56/><F70/><W109/><G109/><T32/><D32/><U15/><E0/><V106/><F106/><W27/><G27/><T59/><D3/><U99/><E74/><V2/><F2/><W8/><G77/><T126/><D127/><U89/><E89/><V72/><F72/><W122/><G8/><T67/><D126/><U108/><E108/><V28/><F28/><W11/><G11/><T60/><D75/><U50/><REACH who="1" step="1"/><E101/><REACH who="1" ten="252,165,243,330" step="2"/><V23/><REACH who="2" step="1"/><F36/><REACH who="2" ten="252,165,233,330" step="2"/><W134/><G134/><T16/><D5/><U100/><E100/><V132/><F132/><W128/><G128/><T83/><D90/><U20/><E20/><V58/><F58/><W71/><G71/><T33/><D33/><U116/><E116/><V93/><F93/><AGARI ba="0,2" hai="9,12,16,44,51,53,59,60,67,82,83,92,93,95" machi="93" ten="40,8000,1" yaku="8,1,52,2,54,1" doraHai="79" who="0" fromWho="2" sc="252,100,165,0,233,-80,330,0" /><INIT seed="3,0,0,0,4,100" ten="352,165,153,330" oya="3" hai0="33,44,36,9,80,105,55,18,129,63,7,120,97" hai1="90,28,113,48,79,114,60,31,133,72,131,51,132" hai2="130,109,89,12,3,25,53,101,54,56,20,19,64" hai3="122,65,42,52,134,112,11,1,5,125,115,10,69"/><W102/><G122/><T91/><D120/><U6/><E72/><V2/><F109/><W77/><G134/><N who="1" m="51818" /><E79/><V59/><F130/><W83/><G125/><T78/><D18/><U41/><E90/><V26/><F64/><W127/><G127/><T68/><D33/><U121/><E6/><V43/><F43/><W17/><G42/><T14/><D129/><U88/><E121/><V135/><F135/><W128/><G102/><T15/><D15/><U107/><E107/><V32/><F89/><W111/><G65/><T21/><D21/><U66/><E131/><V75/><F75/><W86/><G69/><T4/><D7/><U46/><E88/><V27/><F32/><W16/><G111/><T82/><D78/><U87/><E87/><V99/><F53/><W22/><G128/><T57/><D68/><N who="1" m="42055" /><E28/><V24/><N who="2" m="6144" /><DORA hai="61" /><V117/><F117/><W92/><G92/><T104/><D82/><U13/><E13/><V0/><REACH who="2" step="1"/><F54/><REACH who="2" ten="352,165,143,330" step="2"/><W49/><G115/><N who="1" m="44042" /><E31/><V74/><F74/><W40/><G112/><T108/><D108/><U96/><E96/><V38/><F38/><AGARI ba="0,1" hai="38,41,46,48,51" m="44042,42055,51818" machi="38" ten="30,7700,0" yaku="20,1,34,2,52,1" doraHai="100,61" who="1" fromWho="2" sc="352,0,165,87,143,-77,330,0" /><INIT seed="4,0,0,2,1,56" ten="352,252,66,330" oya="0" hai0="15,107,33,118,55,105,130,22,128,116,106,90,79" hai1="47,40,23,70,84,93,134,4,19,132,51,98,2" hai2="0,86,57,60,82,77,112,131,32,50,74,36,61" hai3="72,38,25,52,14,89,94,3,96,59,81,13,31"/><T133/><D33/><U46/><E70/><V68/><F112/><W17/><G3/><T122/><D55/><U127/><E127/><V119/><F131/><N who="0" m="50218" /><D22/><U113/><E2/><V54/><F119/><N who="0" m="45610" /><D15/><U6/><E84/><V71/><F32/><W101/><G38/><T49/><D49/><U63/><E63/><V39/><F74/><W12/><G72/><T64/><D64/><U97/><E113/><V125/><F125/><W48/><G17/><T80/><D90/><U135/><E47/><V129/><F129/><W26/><G31/><T53/><D53/><U99/><REACH who="1" step="1"/><E93/><REACH who="1" ten="352,242,66,330" step="2"/><V28/><F0/><W117/><G117/><T67/><D67/><U62/><E62/><V92/><F92/><W91/><G91/><T109/><D109/><U21/><E21/><V85/><F85/><AGARI ba="0,1" hai="12,13,14,25,26,48,52,59,81,85,89,94,96,101" machi="85" ten="40,2600,0" yaku="8,1,54,1" doraHai="56" who="3" fromWho="2" sc="352,0,242,0,66,-26,330,36" /><INIT seed="5,0,0,0,3,108" ten="352,242,40,366" oya="1" hai0="85,123,91,12,101,39,7,31,93,37,95,107,32" hai1="119,81,19,18,106,76,75,128,14,82,8,71,50" hai2="65,111,126,110,84,114,3,49,113,30,5,29,16" hai3="45,102,9,63,78,109,79,55,33,59,117,125,115"/><U94/><E119/><V129/><F65/><W90/><G109/><N who="2" m="41481" /><F49/><W13/><G33/><T42/><D107/><U112/><E106/><V28/><F84/><W54/><G102/><T60/><D123/><U1/><E71/><V25/><F129/><W100/><G100/><T118/><D31/><U130/><E1/><V2/><F126/><W120/><G120/><T27/><D42/><U58/><E94/><V6/><F25/><W83/><G125/><T66/><D27/><U70/><E70/><V15/><F15/><W89/><G79/><T96/><D118/><U24/><E82/><V44/><F44/><W121/><G54/><T62/><D62/><U38/><E38/><V68/><F68/><W51/><G121/><T52/><D32/><U131/><E112/><N who="2" m="43115" /><F16/><W105/><G115/><T99/><D39/><U74/><E74/><V122/><F122/><W124/><G45/><T48/><D37/><U92/><E24/><V0/><AGARI ba="0,0" hai="0,2,3,5,6,28,29,30" m="43115,41481" machi="0" ten="50,16000,3" yaku="28,2,15,1,11,1,34,2,52,3" doraHai="108" who="2" fromWho="2" sc="352,-40,242,-80,40,160,366,-40" /><INIT seed="6,0,0,0,4,108" ten="312,162,200,326" oya="2" hai0="126,49,36,116,105,110,28,44,92,94,31,20,96" hai1="131,41,12,81,79,133,52,89,125,35,123,18,127" hai2="97,47,55,124,132,24,7,19,99,0,114,107,70" hai3="130,112,82,106,84,61,59,21,104,40,53,128,115"/><V50/><F70/><W25/><G40/><T122/><D110/><U6/><E35/><V9/><F124/><W134/><G134/><T66/><D105/><N who="3" m="40553" /><G84/><T111/><D122/><U118/><E118/><V83/><F132/><W71/><G82/><T121/><D111/><U58/><E133/><V56/><F83/><W46/><G46/><T109/><D36/><U45/><E131/><N who="3" m="50218" /><G71/><T86/><D121/><U91/><E123/><V113/><F47/><W65/><G65/><T38/><D66/><U10/><E125/><V23/><F107/><W27/><G27/><T60/><D38/><U75/><E127/><V100/><F100/><W8/><G8/><T14/><D109/><U54/><E6/><V30/><F30/><AGARI ba="0,0" hai="21,25,30,53,59,61,112,115" m="50218,40553" machi="30" ten="40,5200,0" yaku="19,1,52,2" doraHai="108" who="3" fromWho="2" sc="312,0,162,0,200,-52,326,52" /><INIT seed="7,0,0,0,0,61" ten="312,162,148,378" oya="3" hai0="49,66,132,106,32,13,56,11,107,19,68,74,17" hai1="100,34,76,79,47,133,130,125,21,12,6,64,120" hai2="25,18,2,27,30,99,113,98,59,101,127,20,119" hai3="96,29,33,48,115,44,77,97,26,37,1,110,5"/><W54/><G115/><T118/><D118/><U73/><E120/><V10/><F119/><W128/><G77/><T121/><D121/><U90/><E34/><V42/><F127/><W46/><G128/><T71/><D32/><U38/><E125/><V55/><F113/><W72/><G72/><T102/><D74/><U0/><E130/><V86/><F42/><W3/><G5/><T36/><D36/><U70/><E100/><V89/><F2/><W117/><G117/><T91/><D102/><U60/><E133/><V40/><F40/><W81/><G81/><T28/><D28/><U129/><E129/><V111/><F111/><W104/><G97/><T35/><D35/><U22/><E90/><V15/><F101/><W45/><G3/><T134/><D91/><U126/><E12/><V14/><F14/><W85/><G45/><T24/><D24/><U105/><E105/><N who="0" m="39945" /><D19/><U114/><E79/><V135/><F27/><W123/><G26/><T103/><D103/><U69/><E114/><V122/><F135/><N who="0" m="51754" /><D49/><U41/><E126/><V109/><F109/><W112/><G112/><T39/><D39/><U8/><E70/><V83/><REACH who="2" step="1"/><F122/><REACH who="2" ten="312,162,138,378" step="2"/><W7/><G123/><T58/><D71/><U53/><E53/><V93/><F93/><W78/><G54/><T23/><D11/><U95/><E95/><V80/><F80/><AGARI ba="0,1" hai="0,6,8,21,22,38,41,47,60,64,69,73,76,80" machi="80" ten="40,5200,0" yaku="25,2,52,1" doraHai="61" who="1" fromWho="2" sc="312,0,162,62,138,-52,378,0" owari="312,11.2,224,-17.6,86,-41.4,378,47.8" /></mjloggm>