<mjloggm ver="2.3"><GO type="41" lobby="0"/><UN n0="%E2%93%9D%4C%75%63%6B%79%4A" n1="%E3%81%AF%E3%81%90%E3%82%8C%E3%83%A1%E3%82%BF%E3%83%9C" n2="%E3%81%BB%E3%81%A9%E3%81%BB%E3%81%A9" n3="%35%30%38%30%74%61%6B%61" dan="13,14,14,15" rate="1956.68,1901.93,1907.75,2021.56" sx="M,M,M,M"/><TAIKYOKU oya="0"/><INIT seed="0,0,0,2,3,3" ten="250,250,250,250" oya="0" hai0="51,59,103,57,60,74,4,28,1,100,84,34,122" hai1="99,135,62,132,10,98,81,45,106,0,18,56,108" hai2="68,117,76,118,20,93,40,101,66,94,15,52,5" hai3="115,96,47,116,91,134,104,127,92,25,29,63,6"/><T88/><D122/><U54/><E108/><V7/><F40/><W65/><G116/><N who="2" m="44649" /><F76/><W53/><G115/><T13/><D1/><U112/><E112/><V70/><F20/><W50/><G127/><T109/><D74/><U24/><E81/><V31/><F31/><W38/><G38/><T32/><D109/><U21/><E45/><V16/><F101/><W33/><G104/><T8/><D34/><U58/><E58/><V75/><F75/><W9/><G134/><N who="1" m="51242" /><E106/><V44/><F94/><W111/><G111/><T120/><D120/><U124/><E124/><V22/><F93/><W39/><G39/><T131/><D131/><U26/><E26/><V17/><F17/><W110/><G110/><T27/><D51/><U107/><E107/><V64/><F64/><W42/><G65/><T121/><D121/><U114/><E114/><V46/><F66/><W35/><G63/><T12/><D13/><N who="1" m="7479" /><E0/><V83/><F83/><W87/><G35/><T128/><D128/><U126/><E126/><V73/><F73/><W80/><G80/><T41/><D41/><U86/><E21/><V119/><N who="2" m="44657" /><V30/><DORA hai="105" /><F30/><W85/><REACH who="3" step="1"/><G42/><REACH who="3" ten="250,250,250,240" step="2"/><T43/><D43/><U19/><E62/><V69/><F52/><W61/><G61/><T36/><D36/><U133/><E54/><V78/><F78/><W72/><G72/><T14/><D60/><U97/><E133/><V55/><F55/><W89/><G89/><T49/><D88/><U113/><E113/><V130/><F130/><W2/><AGARI ba="0,1" hai="2,6,9,25,29,33,47,50,53,85,87,91,92,96" machi="2" ten="20,8000,1" yaku="1,1,0,1,7,1,52,1,53,1" doraHai="3,105" doraHaiUra="37,90" who="3" fromWho="3" sc="250,-40,250,-20,250,-20,240,90" /><INIT seed="1,0,0,2,0,112" ten="210,230,230,330" oya="1" hai0="27,98,63,94,44,125,72,106,120,97,84,132,60" hai1="71,37,76,129,111,122,126,25,101,102,58,65,90" hai2="41,69,5,22,0,54,35,23,51,48,24,88,52" hai3="116,74,113,36,6,93,105,133,108,109,49,7,21"/><U38/><E122/><V121/><F121/><W30/><G113/><T4/><D120/><U42/><E129/><V81/><F69/><W10/><G105/><T40/><D72/><U78/><E71/><V66/><F66/><W68/><G36/><N who="1" m="13930" /><E42/><V131/><F131/><W99/><G74/><T70/><D125/><U134/><E65/><V50/><F41/><W18/><G68/><T61/><D132/><U56/><E90/><V79/><F35/><W119/><G133/><T96/><D4/><N who="3" m="1577" /><G49/><T55/><D106/><U83/><E83/><V57/><F54/><W12/><G30/><T135/><D135/><U26/><E126/><V59/><F57/><N who="1" m="22121" /><E111/><N who="3" m="42570" /><G10/><T62/><D70/><U11/><E11/><V20/><F5/><W73/><G73/><T77/><D63/><U86/><E86/><N who="2" m="50255" /><F0/><W104/><G104/><T15/><D62/><U3/><E3/><V43/><F43/><W110/><N who="3" m="42578" /><W46/><DORA hai="47" /><G46/><T123/><D44/><U107/><E107/><V8/><F8/><W124/><G124/><T95/><D123/><U75/><E75/><V115/><F115/><W34/><G34/><T127/><D127/><U17/><E134/><V32/><F32/><W14/><G14/><T31/><D15/><U67/><E67/><V103/><F103/><AGARI ba="0,0" hai="12,18,21,93,99,103,116,119" m="42578,1577" machi="103" ten="40,5200,0" yaku="14,1,52,2" doraHai="112,47" who="3" fromWho="2" sc="210,0,230,0,230,-52,330,52" /><INIT seed="2,0,0,2,2,73" ten="210,230,178,382" oya="2" hai0="39,7,41,116,19,36,90,102,40,42,66,134,97" hai1="53,111,38,81,85,83,51,74,56,135,115,101,32" hai2="24,127,124,10,44,63,12,128,35,46,8,49,95" hai3="9,15,87,62,64,108,80,110,96,45,22,28,70"/><V131/><F63/><W50/><G96/><T65/><D7/><U79/><E115/><V48/><F95/><W105/><G105/><T6/><D6/><U59/><E111/><V100/><F100/><W129/><G129/><N who="2" m="49737" /><F24/><W118/><G118/><T76/><D116/><U54/><E101/><V75/><F75/><W117/><G117/><T17/><D90/><U99/><E99/><V71/><F71/><W47/><G22/><T84/><D134/><U25/><E135/><V77/><F77/><W14/><G28/><T88/><D39/><U31/><E38/><V132/><F35/><W121/><G121/><T3/><D36/><U69/><E69/><V126/><F132/><W68/><G68/><T2/><D76/><U89/><REACH who="1" step="1"/><E54/><REACH who="1" ten="210,220,178,382" step="2"/><N who="2" m="29959" /><F12/><W125/><G15/><T5/><D102/><U93/><E93/><V104/><F104/><W133/><G14/><T130/><D130/><U72/><E72/><V92/><F92/><W120/><G133/><T94/><D97/><U37/><E37/><V82/><F82/><W57/><G80/><T67/><REACH who="0" step="1"/><D5/><REACH who="0" ten="200,220,178,382" step="2"/><U112/><E112/><V119/><F119/><W123/><G110/><T55/><D55/><AGARI ba="0,2" hai="8,10,46,49,55,124,126,127" m="29959,49737" machi="55" ten="40,3900,0" yaku="18,1,19,1" doraHai="73" who="2" fromWho="0" sc="200,-39,220,0,178,59,382,0" /><INIT seed="2,1,0,2,4,124" ten="161,220,237,382" oya="2" hai0="125,74,121,122,75,104,118,67,89,7,83,66,134" hai1="87,35,14,109,26,79,129,70,11,45,24,46,34" hai2="127,56,60,135,28,52,68,38,59,15,132,12,106" hai3="97,49,98,25,133,116,76,44,2,92,48,69,120"/><V41/><F106/><W77/><G116/><T32/><D32/><U93/><E70/><V62/><F127/><W8/><G69/><T30/><D30/><U47/><E109/><V84/><F68/><W128/><G120/><T88/><D7/><U73/><E73/><V80/><F28/><W50/><G44/><T64/><D104/><U16/><E35/><V130/><F130/><W117/><G117/><T22/><D118/><U3/><E3/><V72/><F72/><N who="0" m="27690" /><D22/><U29/><E129/><V19/><F41/><W57/><G133/><N who="2" m="51273" /><F19/><W10/><G57/><T94/><D134/><U105/><E105/><V82/><F38/><W36/><G36/><T51/><D94/><U95/><REACH who="1" step="1"/><E26/><REACH who="1" ten="161,210,237,382" step="2"/><V126/><F126/><W21/><G128/><T119/><D125/><U110/><E110/><V55/><F82/><AGARI ba="1,1" hai="11,14,16,24,29,34,45,46,47,79,82,87,93,95" machi="82" ten="40,2600,0" yaku="1,1,54,1,53,0" doraHai="124" doraHaiUra="17" who="1" fromWho="2" sc="161,0,210,39,237,-29,382,0" /><INIT seed="3,0,0,3,1,84" ten="161,249,208,382" oya="3" hai0="89,42,79,101,11,10,12,23,4,123,17,24,133" hai1="115,32,25,107,20,46,7,53,73,41,33,58,87" hai2="36,49,29,38,90,64,65,40,63,82,110,74,47" hai3="27,45,71,120,119,52,111,109,37,93,88,34,105"/><W94/><G119/><T117/><D117/><U78/><E115/><V50/><F110/><N who="3" m="41995" /><G105/><T134/><D79/><U106/><E7/><V96/><F29/><N who="3" m="19775" /><G71/><T44/><D101/><U85/><E73/><V130/><F130/><W28/><G28/><T92/><D123/><U31/><E107/><V69/><F65/><W100/><G120/><T112/><D11/><U95/><E106/><V126/><F126/><W1/><G1/><T122/><D112/><U98/><E78/><V128/><F128/><W62/><G62/><T81/><D81/><U14/><E14/><V60/><F60/><W125/><G125/><T21/><D23/><U18/><E31/><V70/><F70/><W121/><G121/><T118/><D118/><U108/><E33/><V59/><F69/><W103/><G94/><T75/><D75/><U3/><E3/><V54/><F74/><W15/><G15/><T76/><D76/><U30/><E30/><V135/><F135/><W13/><G13/><T124/><D124/><U16/><E32/><V67/><F67/><W2/><G2/><T43/><D122/><U35/><E35/><V80/><F80/><W116/><G116/><T48/><REACH who="0" step="1"/><D43/><REACH who="0" ten="151,249,208,382" step="2"/><U8/><E8/><V9/><F9/><W72/><G72/><T129/><D129/><U131/><E131/><V57/><REACH who="2" step="1"/><F82/><REACH who="2" ten="151,249,198,382" step="2"/><W51/><G37/><T97/><AGARI ba="0,2" hai="4,10,12,17,21,24,42,44,48,89,92,97,133,134" machi="97" ten="30,7900,0" yaku="1,1,0,1,52,1,53,1" doraHai="84" doraHaiUra="91" who="0" fromWho="0" sc="151,99,249,-20,198,-20,382,-39" /><INIT seed="4,0,0,0,2,74" ten="250,229,178,343" oya="0" hai0="1,11,88,85,108,61,128,75,125,62,9,30,36" hai1="44,6,38,126,107,52,87,117,35,59,92,26,130" hai2="57,119,115,95,131,14,22,42,77,48,109,45,104" hai3="31,127,19,102,60,105,116,3,32,0,25,5,37"/><T58/><D75/><U39/><E117/><V20/><F109/><W34/><G37/><T41/><D108/><U69/><E69/><V28/><F119/><W94/><G105/><T96/><D125/><U33/><E107/><V8/><F131/><W18/><G94/><T76/><D1/><N who="3" m="585" /><G60/><T64/><D30/><U132/><E6/><V2/><F2/><W129/><G102/><T4/><D128/><U13/><E130/><V103/><F104/><W65/><G65/><T89/><D36/><U46/><E39/><V21/><F115/><W123/><G129/><T99/><D41/><U51/><E26/><V71/><F71/><W114/><G116/><T54/><D4/><U111/><E111/><V98/><F77/><W55/><G55/><T7/><D7/><U84/><E84/><V120/><F57/><W10/><G123/><T72/><D72/><U17/><E126/><V86/><F86/><W80/><G80/><N who="0" m="47239" /><D62/><U15/><E15/><V68/><F68/><W78/><G78/><T82/><D82/><U133/><E35/><V67/><F67/><W12/><G127/><T135/><D135/><N who="1" m="51787" /><E33/><N who="3" m="12906" /><G114/><T29/><D64/><U93/><E93/><V79/><F79/><W27/><G31/><T63/><D29/><U73/><E38/><V24/><REACH who="2" step="1"/><F120/><REACH who="2" ten="250,229,168,343" step="2"/><W83/><G83/><T97/><D63/><U100/><E73/><V110/><F110/><W121/><G121/><T50/><D61/><U16/><E87/><V112/><F112/><W118/><G118/><T43/><D43/><U49/><E17/><AGARI ba="0,1" hai="8,14,17,20,21,22,24,28,42,45,48,95,98,103" machi="17" ten="30,3900,0" yaku="1,1,7,1,8,1,53,0" doraHai="74" doraHaiUra="81" who="2" fromWho="1" sc="250,0,229,-39,168,49,343,0" /><AGARI ba="0,0" hai="5,10,12,17,18,19,25,27" m="12906,585" machi="17" ten="30,8000,1" yaku="35,5" doraHai="74" who="3" fromWho="1" sc="250,0,190,-80,217,0,343,80" /><INIT seed="5,0,0,0,1,123" ten="250,110,217,423" oya="1" hai0="30,61,100,19,102,78,126,81,34,58,53,33,57" hai1="84,13,16,86,6,116,56,83,111,42,39,115,77" hai2="50,47,109,133,64,96,21,92,76,66,60,90,87" hai3="25,122,7,40,17,73,103,0,108,48,26,3,2"/><U119/><E115/><V22/><F109/><W45/><G73/><T69/><D69/><U35/><E35/><V98/><F133/><W67/><G122/><T54/><D126/><U36/><E6/><V65/><F60/><W135/><G108/><T68/><D68/><U118/><E111/><V8/><F8/><W55/><G67/><T94/><D94/><U127/><E127/><V89/><F96/><W41/><G103/><T15/><D30/><U121/><E121/><V128/><F76/><W124/><G124/><T95/><D95/><U130/><E130/><V29/><F128/><W38/><G7/><T106/><D106/><U110/><E110/><V70/><F70/><W97/><G41/><T88/><D34/><U62/><E86/><V134/><F134/><W114/><G135/><T5/><D5/><U49/><E42/><V131/><F131/><W31/><G97/><T104/><D33/><U99/><E99/><V44/><F29/><W112/><G17/><T80/><D104/><U85/><E85/><V43/><REACH who="2" step="1"/><F44/><REACH who="2" ten="250,110,207,423" step="2"/><W91/><G31/><T27/><D78/><U9/><REACH who="1" step="1"/><E49/><REACH who="1" ten="250,100,207,423" step="2"/><V46/><F46/><W11/><G45/><T129/><D129/><U63/><E63/><V74/><F74/><W32/><G48/><T82/><D61/><U18/><E18/><V75/><F75/><W14/><G114/><T28/><D28/><U125/><E125/><V52/><F52/><AGARI ba="0,2" hai="9,13,16,36,39,52,56,62,77,83,84,116,118,119" machi="52" ten="40,7700,0" yaku="1,1,54,2,53,0" doraHai="123" doraHaiUra="93" who="1" fromWho="2" sc="250,0,100,97,207,-77,423,0" /><INIT seed="5,1,0,5,1,5" ten="250,197,130,423" oya="1" hai0="20,123,47,69,22,124,132,16,49,65,21,62,121" hai1="52,35,103,111,113,79,56,104,0,96,18,125,94" hai2="134,2,12,120,30,78,46,128,135,19,85,81,75" hai3="101,66,110,28,109,23,118,6,70,90,13,91,130"/><U64/><E0/><V87/><F120/><N who="0" m="46154" /><D132/><U32/><E64/><V127/><F2/><W107/><G130/><T117/><D117/><U55/><E113/><V27/><F127/><W131/><G131/><T68/><D124/><U39/><E125/><V53/><F128/><W63/><G118/><T108/><D108/><U14/><E111/><V7/><F7/><W43/><G43/><N who="0" m="24831" /><D69/><U105/><E39/><V40/><F53/><W74/><G74/><T59/><D68/><U44/><E79/><V122/><F122/><W88/><G28/><T73/><D73/><U106/><E44/><V129/><F129/><W133/><G133/><N who="2" m="50697" /><F27/><AGARI ba="1,0" hai="16,20,21,22,27,59,62,65" m="24831,46154" machi="27" ten="30,2000,0" yaku="13,1,54,1" doraHai="5" who="0" fromWho="2" sc="250,23,197,0,130,-23,423,0" /><INIT seed="6,0,0,4,2,131" ten="273,197,107,423" oya="2" hai0="53,18,26,102,52,46,91,75,62,20,99,73,0" hai1="92,7,106,82,54,76,56,35,47,65,71,63,32" hai2="95,74,78,64,110,114,72,84,128,69,41,96,2" hai3="58,43,111,17,87,68,117,98,108,29,60,13,121"/><V101/><F2/><W135/><G117/><T124/><D0/><U38/><E92/><V21/><F41/><W40/><G121/><T80/><D124/><U70/><E70/><V94/><F69/><W109/><G68/><T116/><D116/><U126/><E126/><V48/><F48/><W129/><G129/><T42/><D75/><U3/><E106/><V90/><F64/><W66/><G135/><T50/><D62/><U39/><E39/><V61/><F61/><W59/><G29/><T105/><REACH who="0" step="1"/><D91/><REACH who="0" ten="263,197,107,423" step="2"/><U37/><E3/><V88/><F128/><W89/><G60/><T5/><D5/><U34/><E7/><V107/><F110/><W22/><G89/><T57/><D57/><U120/><E71/><V24/><F114/><W85/><G59/><T16/><D16/><U125/><E125/><V1/><F1/><W67/><G58/><T103/><D103/><U15/><E65/><V11/><F11/><W28/><G67/><T30/><D30/><U115/><E115/><V86/><REACH who="2" step="1"/><F78/><AGARI ba="0,1" hai="18,20,26,42,46,50,52,53,73,78,80,99,102,105" machi="78" ten="40,5200,0" yaku="1,1,54,1,53,1" doraHai="131" doraHaiUra="79" who="0" fromWho="2" sc="263,62,197,0,107,-52,423,0" /><INIT seed="7,0,0,0,4,26" ten="325,197,55,423" oya="3" hai0="50,65,100,93,70,134,135,103,101,55,62,102,77" hai1="122,37,28,125,61,115,127,10,69,38,33,78,113" hai2="104,108,92,83,71,32,16,34,25,18,42,56,86" hai3="49,85,12,124,45,40,99,76,51,82,8,88,20"/><W105/><G124/><N who="1" m="47690" /><E10/><V22/><F108/><W64/><G64/><T46/><N who="0" m="25600" /><DORA hai="112" /><T131/><D77/><U130/><E78/><V11/><F104/><W9/><G105/><T68/><D131/><U95/><E95/><V24/><F71/><W90/><G51/><T128/><D128/><U116/><E116/><V94/><F42/><W30/><G99/><T118/><D93/><U14/><E14/><V133/><F133/><N who="0" m="50698" /><D70/><U129/><E122/><V72/><F72/><W54/><G40/><T13/><D13/><U81/><E81/><V52/><F11/><N who="3" m="4171" /><G30/><T53/><D55/><U84/><E28/><V91/><F32/><W60/><G60/><T66/><D66/><N who="1" m="41167" /><E84/><V5/><F5/><W31/><G31/><T27/><D27/><U109/><E33/><V2/><F2/><W3/><G3/><T39/><D39/><N who="1" m="14859" /><E109/><V63/><F34/><W110/><G110/><T79/><D79/><U1/><E1/><V29/><F29/><W106/><G106/><T15/><D15/><U59/><E59/><V4/><F4/><W120/><G120/><T121/><D121/><U123/><E123/><V132/><REACH who="2" step="1"/><F132/><REACH who="2" ten="325,197,45,423" step="2"/><W107/><G107/><T21/><D21/><AGARI ba="0,1" hai="16,18,21,22,24,25,52,56,63,83,86,91,92,94" machi="21" ten="40,12000,2" yaku="1,1,2,1,9,1,8,1,54,2,53,0" doraHai="26,112" doraHaiUra="47,117" who="2" fromWho="0" sc="325,-120,197,0,45,130,423,0" owari="205,0.5,197,-20.3,175,-32.5,423,52.3" /></mjloggm>