<mjloggm ver="2.3"><GO type="41" lobby="0"/><UN n0="%79%6F%73%69%6F%6B%61" n1="%50%65%6E%6E%79" n2="%E2%93%9D%4C%75%63%6B%79%4A" n3="%E6%81%8B%E7%8B%AC%E8%A1%8C" dan="15,13,16,14" rate="2036.65,1837.62,2153.00,1988.42" sx="M,M,M,M"/><TAIKYOKU oya="0"/><INIT seed="0,0,0,5,3,79" ten="250,250,250,250" oya="0" hai0="63,114,105,83,52,44,130,27,131,50,125,37,6" hai1="73,9,89,46,96,74,35,8,110,95,108,2,49" hai2="38,92,117,0,65,99,115,26,36,109,68,84,14" hai3="122,80,66,24,106,51,90,39,72,78,56,104,16"/><T29/><D114/><U98/><E35/><V124/><F115/><W77/><G39/><T5/><D105/><U19/><E96/><V53/><F0/><W75/><G122/><T60/><D37/><U48/><E73/><V70/><F65/><W119/><G119/><T111/><D125/><U123/><E48/><V129/><F14/><W54/><G66/><T47/><D111/><U88/><E123/><V67/><F67/><W101/><G101/><T102/><D102/><U34/><E34/><V133/><F133/><W82/><G90/><T120/><D120/><U97/><E19/><V28/><F129/><N who="0" m="49162" /><D44/><U87/><E74/><V62/><F124/><W15/><G24/><T42/><D42/><U41/><E98/><V40/><F40/><W55/><G55/><T11/><D83/><N who="1" m="49279" /><E2/><V76/><F109/><AGARI ba="0,0" hai="8,9,41,46,49,89,95,97,108,109,110" m="49279" machi="109" ten="30,3900,0" yaku="14,1,52,1,54,1" doraHai="79" who="1" fromWho="2" sc="250,0,250,39,250,-39,250,0" /><INIT seed="1,0,0,0,1,94" ten="250,289,211,250" oya="1" hai0="14,30,74,134,70,46,93,57,43,1,18,113,131" hai1="34,100,3,32,0,96,118,62,125,92,79,121,133" hai2="5,16,101,129,61,67,106,39,11,20,84,22,122" hai3="112,64,91,27,37,72,102,108,60,2,128,97,81"/><U52/><E121/><V85/><F122/><W9/><G112/><T123/><D1/><U47/><E118/><V135/><F39/><W15/><G128/><T109/><D70/><U50/><E3/><V110/><F129/><W19/><G37/><T88/><D131/><U105/><E133/><V98/><F22/><W73/><G108/><T4/><D123/><U28/><E0/><V124/><F110/><W82/><G2/><T26/><D109/><U107/><E125/><V119/><F119/><W7/><G72/><T111/><D111/><U80/><E62/><V56/><F135/><W48/><G48/><T69/><D69/><U66/><E66/><V86/><F124/><W23/><G73/><T35/><D74/><U95/><E105/><V127/><F127/><W76/><G91/><T68/><D68/><U71/><E71/><V115/><F115/><W54/><G54/><T116/><D134/><U13/><E34/><V117/><F117/><W83/><G76/><T114/><D57/><U89/><E32/><V75/><F75/><W103/><G64/><T12/><D4/><U78/><E28/><V55/><F5/><W49/><G60/><T44/><D12/><U104/><E104/><V17/><F11/><W42/><G42/><T24/><D24/><U41/><E13/><V33/><F33/><W130/><G130/><T31/><D31/><U77/><REACH who="1" step="1"/><E41/><REACH who="1" ten="250,279,211,250" step="2"/><V90/><F67/><W29/><G29/><T40/><D116/><U132/><E132/><V65/><F65/><W36/><G15/><T21/><D43/><U45/><E45/><N who="0" m="17513" /><D40/><U126/><E126/><RYUUKYOKU ba="0,1" sc="250,15,279,15,211,-15,250,-15" hai0="14,18,21,26,30,35,88,93,113,114" hai1="47,50,52,77,78,79,80,89,92,95,96,100,107" /><INIT seed="1,1,1,1,0,70" ten="265,294,196,235" oya="1" hai0="85,110,78,55,113,125,99,77,11,26,0,90,129" hai1="121,46,10,82,86,45,98,124,116,62,131,101,107" hai2="32,44,38,132,117,13,109,25,41,91,15,63,72" hai3="133,115,42,119,102,43,39,31,4,128,37,73,57"/><U61/><E121/><V104/><F117/><W103/><G115/><T123/><D113/><U89/><E116/><V58/><F72/><W17/><G73/><T114/><D114/><U9/><E131/><V30/><F104/><W33/><G33/><T40/><D110/><U95/><E124/><V118/><F118/><W83/><G128/><T54/><D129/><U6/><E10/><V52/><F109/><W127/><G119/><T134/><D125/><U8/><E8/><V47/><F132/><W81/><G31/><T5/><D134/><U88/><E62/><V106/><F106/><W76/><G76/><T74/><D123/><U112/><E112/><V79/><F79/><W14/><G133/><T29/><D99/><U16/><E61/><V75/><F75/><W135/><G4/><T48/><D40/><U68/><E68/><V97/><REACH who="2" step="1"/><F47/><REACH who="2" ten="265,294,186,235" step="2"/><W3/><G135/><T34/><D74/><U64/><E64/><V36/><F36/><W108/><G127/><T59/><REACH who="0" step="1"/><D55/><REACH who="0" ten="255,294,186,235" step="2"/><U94/><E107/><V21/><F21/><W18/><G108/><T56/><D56/><U66/><E46/><V93/><AGARI ba="1,3" hai="13,15,25,30,32,38,41,44,52,58,63,91,93,97" machi="93" ten="30,8000,1" yaku="1,1,0,1,52,1,54,1,53,1" doraHai="70" doraHaiUra="20" who="2" fromWho="2" sc="255,-21,294,-41,186,113,235,-21" /><INIT seed="2,0,0,0,3,14" ten="234,253,299,214" oya="2" hai0="95,52,40,30,47,51,72,11,127,128,97,7,122" hai1="79,70,102,1,50,42,15,6,103,78,106,75,58" hai2="108,126,4,111,123,113,82,10,96,120,121,83,104" hai3="131,94,88,84,25,45,129,135,80,29,105,87,91"/><V64/><F64/><W55/><G135/><T86/><D72/><U43/><E70/><V124/><F4/><W110/><G105/><T101/><D122/><U117/><E1/><V44/><F44/><W18/><G110/><N who="2" m="42025" /><F10/><W2/><G2/><T81/><D127/><N who="2" m="48682" /><F113/><W74/><G74/><T130/><D30/><U69/><E58/><V0/><F0/><W132/><G132/><T23/><D23/><U77/><E50/><V16/><F16/><W35/><G55/><T5/><D40/><U38/><E15/><V71/><F71/><W53/><G53/><T115/><D115/><U133/><E6/><V65/><F65/><W3/><G45/><T57/><D47/><U66/><E66/><V116/><F116/><W67/><G3/><T17/><D130/><N who="3" m="49673" /><G67/><T46/><D57/><U24/><E43/><V27/><F27/><W36/><G36/><T9/><D128/><U73/><E24/><V49/><F49/><W99/><G18/><T19/><D7/><U100/><E69/><V26/><F26/><W34/><G34/><T90/><D11/><U22/><E117/><V76/><F76/><W134/><G134/><T93/><D93/><U60/><E78/><V98/><F104/><W68/><G68/><T109/><D109/><U125/><E79/><V12/><F12/><AGARI ba="0,0" hai="5,9,12,17,19,46,51,52,81,86,90,95,97,101" machi="12" ten="30,8000,1" yaku="7,1,8,1,52,2,54,1" doraHai="14" who="0" fromWho="2" sc="234,80,253,0,299,-80,214,0" /><INIT seed="3,0,0,4,3,24" ten="314,253,219,214" oya="3" hai0="0,63,36,116,100,65,31,59,126,10,53,14,4" hai1="113,37,26,80,95,23,129,133,109,25,66,78,93" hai2="88,96,104,128,46,34,101,117,71,35,38,132,72" hai3="45,62,103,112,51,119,50,121,77,98,32,131,9"/><W134/><G121/><T69/><D116/><U52/><E113/><V16/><F117/><W61/><G119/><T5/><D126/><U28/><E37/><V7/><F7/><W19/><G131/><T102/><D36/><U125/><E129/><V127/><F128/><W84/><G112/><T99/><D100/><U3/><E133/><V60/><F72/><W92/><G32/><T106/><D5/><U6/><E66/><V107/><F107/><W20/><G134/><T15/><REACH who="0" step="1"/><D31/><REACH who="0" ten="304,253,219,214" step="2"/><U89/><E6/><V90/><F127/><W58/><G9/><T18/><D18/><U42/><E28/><V54/><F132/><W27/><G62/><AGARI ba="0,1" hai="0,4,10,14,15,53,59,62,63,65,69,99,102,106" machi="62" ten="30,2000,0" yaku="1,1,7,1,53,0" doraHai="24" doraHaiUra="30" who="0" fromWho="3" sc="304,30,253,0,219,0,214,-20" /><INIT seed="4,0,0,0,0,13" ten="334,253,219,194" oya="0" hai0="60,90,52,62,101,111,18,4,23,2,1,40,30" hai1="27,130,36,119,73,75,103,44,45,122,133,96,117" hai2="56,82,25,80,115,31,66,76,94,67,88,33,125" hai3="112,64,71,35,89,74,113,100,46,0,49,124,12"/><T108/><D30/><U39/><E122/><V55/><F125/><W105/><G0/><T120/><D120/><U61/><E133/><V126/><F115/><W15/><G74/><T5/><D40/><U10/><E130/><V16/><F126/><W68/><G124/><T78/><D78/><U59/><E10/><V131/><F131/><W102/><G35/><T29/><D29/><U91/><E91/><V134/><F134/><W93/><G105/><T86/><D101/><U106/><E75/><V69/><F69/><W81/><G81/><N who="2" m="31337" /><F31/><W87/><G71/><T51/><D2/><U65/><E73/><V21/><F33/><W8/><G12/><T129/><D129/><U85/><E85/><N who="2" m="52495" /><F76/><W26/><G26/><T6/><D1/><U57/><E27/><V37/><F37/><W34/><G34/><T11/><D11/><U114/><E114/><N who="3" m="44138" /><G64/><T104/><D104/><U132/><E132/><V50/><AGARI ba="0,0" hai="16,21,25,50,55,56,66,67" m="52495,31337" machi="50" ten="30,7900,0" yaku="8,1,52,1,54,2" doraHai="13" who="2" fromWho="2" sc="334,-39,253,-20,219,79,194,-20" /><INIT seed="5,0,0,2,3,121" ten="295,233,298,174" oya="1" hai0="51,64,133,108,123,114,112,81,42,26,47,127,128" hai1="48,53,119,25,8,52,101,6,71,83,49,13,120" hai2="132,40,55,84,82,96,67,2,58,95,27,19,62" hai3="4,10,94,34,56,70,21,30,125,110,37,111,44"/><U118/><E120/><V135/><F2/><W86/><G70/><T129/><D123/><U93/><E71/><V65/><F40/><W131/><G125/><T107/><D107/><U59/><E83/><V0/><F0/><W73/><G131/><N who="0" m="50251" /><D26/><U36/><E36/><V116/><F116/><W31/><G73/><T66/><D81/><U39/><E39/><V11/><F11/><W76/><G34/><T80/><D80/><U134/><E134/><N who="2" m="51243" /><F19/><W92/><G56/><T130/><D133/><U91/><E101/><N who="2" m="60575" /><F27/><W16/><G37/><N who="0" m="21967" /><D130/><U33/><E25/><V79/><AGARI ba="0,0" hai="55,58,62,65,67,79,82,84" m="60575,51243" machi="79" ten="30,1100,0" yaku="20,1" doraHai="121" who="2" fromWho="2" sc="295,-3,233,-5,298,11,174,-3" /><INIT seed="6,0,0,4,3,121" ten="292,228,309,171" oya="2" hai0="72,95,81,33,26,83,119,64,134,20,93,13,104" hai1="3,50,2,96,102,61,45,59,30,110,117,125,23" hai2="44,112,41,58,47,14,108,87,90,34,106,66,49" hai3="92,63,53,120,105,67,133,82,98,71,12,118,114"/><V76/><F34/><W79/><G118/><T25/><D104/><U36/><E117/><V31/><F106/><W1/><G133/><T100/><D119/><U131/><E36/><V99/><F31/><W113/><G120/><T68/><D33/><U127/><E131/><V70/><F76/><W69/><G1/><T60/><D134/><U0/><E30/><V9/><F70/><W51/><G105/><T65/><D72/><U54/><E23/><V17/><F112/><N who="3" m="43115" /><G12/><T77/><D65/><U135/><E135/><V48/><F99/><W116/><G116/><T57/><D68/><U74/><E74/><V16/><F108/><W115/><N who="3" m="43123" /><W40/><DORA hai="126" /><G40/><T8/><D100/><U62/><E110/><V37/><F17/><W32/><G32/><T43/><D43/><U129/><E129/><V80/><REACH who="2" step="1"/><F47/><REACH who="2" ten="292,228,299,171" step="2"/><N who="3" m="27903" /><G71/><T73/><D77/><U91/><E125/><V75/><F75/><N who="3" m="43391" /><G98/><T55/><D73/><U11/><E96/><V130/><F130/><W46/><G46/><T35/><D35/><U85/><E45/><V5/><F5/><W123/><G123/><T38/><D57/><U78/><E59/><V28/><F28/><W122/><G122/><T89/><D89/><U21/><E91/><V39/><F39/><W109/><G109/><T29/><D29/><U15/><E78/><V6/><F6/><W24/><G24/><T88/><D26/><U101/><E127/><V132/><F132/><W103/><G103/><T56/><D38/><U27/><E101/><V10/><F10/><W97/><G97/><T42/><D8/><U94/><E102/><RYUUKYOKU ba="0,1" sc="292,-15,228,-15,299,15,171,15" hai2="9,14,16,37,41,44,48,49,58,66,80,87,90" hai3="63,67,69,92" /><INIT seed="6,1,1,2,1,99" ten="277,213,314,186" oya="2" hai0="120,55,40,26,58,45,51,10,69,96,92,28,17" hai1="94,33,113,48,34,68,19,37,93,43,23,29,70" hai2="74,49,42,18,59,106,104,57,119,114,12,35,22" hai3="110,44,9,31,46,39,85,84,7,62,53,125,60"/><V61/><F119/><W47/><G125/><T0/><D69/><U2/><E37/><V64/><F35/><W82/><G110/><T131/><D120/><U21/><E2/><V6/><F74/><W71/><G39/><T3/><D131/><U90/><E43/><V16/><F6/><W87/><G71/><T115/><D115/><U50/><E29/><V15/><F114/><W102/><G31/><T13/><D26/><U32/><E113/><V133/><F133/><W80/><G102/><T4/><D28/><U36/><E36/><V135/><F135/><W108/><G108/><T38/><REACH who="0" step="1"/><D4/><REACH who="0" ten="267,213,314,186" step="2"/><U5/><E5/><V89/><F89/><AGARI ba="1,2" hai="0,3,10,13,17,38,40,45,51,55,58,89,92,96" machi="89" ten="30,3900,0" yaku="1,1,2,1,7,1,53,0" doraHai="99" doraHaiUra="134" who="0" fromWho="2" sc="267,62,213,0,314,-42,186,0" /><INIT seed="7,0,0,5,4,102" ten="329,213,272,186" oya="3" hai0="31,26,112,94,52,35,7,118,74,5,40,23,97" hai1="75,60,121,70,63,113,110,100,36,105,53,82,3" hai2="107,106,90,76,80,32,83,34,78,89,13,86,59" hai3="49,20,6,127,95,0,46,111,66,116,57,87,72"/><W117/><G72/><T50/><D118/><U43/><E3/><V14/><F59/><W1/><G127/><T129/><D74/><U135/><E53/><V92/><F92/><W8/><G111/><T51/><D129/><U128/><E63/><V39/><F86/><W109/><G109/><T38/><D38/><AGARI ba="0,0" hai="13,14,32,34,38,39,76,78,80,83,89,90,106,107" machi="38" ten="25,6400,0" yaku="22,2,52,2" doraHai="102" who="2" fromWho="0" sc="329,-64,213,0,272,64,186,0" owari="265,6.5,213,-18.7,336,43.6,186,-31.4" /></mjloggm>