<mjloggm ver="2.3"><GO type="41" lobby="0"/><UN n0="%6E%61%72%69%62%75%32" n1="%E2%93%9D%4C%75%63%6B%79%4A" n2="%53%68%6F%6A%69" n3="%E3%81%8A%E3%83%BC%E3%81%9F%E3%82%93" dan="13,15,14,14" rate="1819.12,2096.07,1939.48,1928.68" sx="M,M,M,M"/><TAIKYOKU oya="0"/><INIT seed="0,0,0,5,4,120" ten="250,250,250,250" oya="0" hai0="1,43,2,72,91,55,129,109,36,23,135,63,28" hai1="33,49,108,74,116,77,17,67,25,6,68,104,78" hai2="79,26,14,118,88,123,41,81,53,69,9,22,52" hai3="111,95,89,96,61,64,122,38,20,5,97,27,127"/><T21/><D72/><U50/><E116/><V12/><F123/><W130/><G122/><T85/><D135/><U133/><E6/><V32/><F32/><W13/><G127/><T34/><D129/><U106/><E67/><V132/><F69/><W92/><G38/><T113/><D113/><U134/><E68/><V40/><F118/><W11/><G130/><T3/><D43/><U0/><E17/><V110/><F14/><W39/><G39/><T126/><D36/><U30/><E0/><V86/><F110/><W4/><G111/><T46/><D109/><U45/><E50/><V99/><F40/><W84/><G4/><T131/><D131/><U54/><E108/><V100/><F79/><N who="1" m="30217" /><E74/><V115/><F115/><W125/><G125/><T90/><D126/><U128/><E128/><V10/><F10/><W121/><G95/><T56/><D46/><U35/><E35/><V29/><F41/><W98/><G121/><T124/><D124/><U73/><E73/><V42/><F42/><W101/><G61/><T60/><D60/><U37/><E37/><V107/><REACH who="2" step="1"/><F132/><AGARI ba="0,0" hai="25,30,33,45,49,54,104,106,132,133,134" m="30217" machi="132" ten="30,1000,0" yaku="20,1" doraHai="120" who="1" fromWho="2" sc="250,0,250,10,250,-10,250,0" /><INIT seed="1,0,0,0,3,55" ten="250,260,240,250" oya="1" hai0="102,87,126,83,13,73,3,38,106,89,59,40,36" hai1="107,4,29,50,122,24,47,78,31,52,96,117,86" hai2="9,99,49,79,0,54,34,88,44,100,65,57,133" hai3="85,46,118,97,25,70,121,93,81,33,105,130,119"/><U75/><E122/><V39/><F133/><W1/><G1/><T5/><D126/><U63/><E117/><N who="3" m="44554" /><G70/><T76/><D59/><U21/><E75/><V120/><F34/><W43/><G105/><T58/><D13/><U101/><E4/><V128/><F79/><N who="3" m="46271" /><G25/><T91/><D36/><U51/><E78/><V129/><F120/><W32/><G130/><N who="2" m="50281" /><F100/><N who="3" m="60463" /><G121/><T92/><D91/><U90/><E51/><AGARI ba="0,0" hai="32,33,43,46,51" m="60463,46271,44554" machi="51" ten="30,1000,0" yaku="12,1" doraHai="55" who="3" fromWho="1" sc="250,0,260,-10,240,0,250,10" /><INIT seed="2,0,0,4,2,60" ten="250,250,240,260" oya="2" hai0="4,19,15,21,7,16,64,130,133,98,74,0,32" hai1="120,128,18,63,23,104,111,89,45,71,50,12,41" hai2="30,68,132,14,118,33,35,1,125,17,78,116,84" hai3="112,9,101,134,73,90,51,39,47,6,102,11,79"/><V24/><F68/><W123/><G123/><T31/><D74/><U29/><E120/><V106/><F106/><W85/><G134/><T92/><D133/><U66/><E111/><V76/><F132/><W2/><G11/><T44/><D130/><U117/><E128/><V83/><F125/><W94/><G112/><T100/><D0/><U99/><E29/><V10/><F35/><W107/><G51/><T46/><D19/><U87/><E104/><V135/><F135/><W114/><G114/><T5/><D32/><U88/><E99/><V75/><F75/><W27/><G27/><T105/><D105/><U58/><E117/><V20/><REACH who="2" step="1"/><F76/><REACH who="2" ten="250,250,230,260" step="2"/><W62/><G107/><T110/><D110/><U131/><E131/><V55/><F55/><W34/><G34/><T67/><D31/><U96/><E96/><V124/><F124/><W72/><G72/><T3/><D3/><U82/><E71/><V57/><F57/><W36/><G79/><AGARI ba="0,1" hai="12,18,23,41,45,50,58,63,66,79,82,87,88,89" machi="79" ten="30,7700,0" yaku="7,1,8,1,52,1,54,1" doraHai="60" who="1" fromWho="3" sc="250,0,250,87,230,0,260,-77" /><INIT seed="3,0,0,1,5,36" ten="250,337,230,183" oya="3" hai0="49,4,66,98,64,12,6,103,76,92,124,27,0" hai1="40,99,20,95,52,75,56,57,73,74,45,82,133" hai2="5,77,128,9,132,78,59,30,65,80,60,108,63" hai3="16,37,113,43,125,91,17,53,81,68,1,32,50"/><W34/><G113/><T121/><D121/><U85/><E133/><V39/><F108/><W86/><G125/><T120/><D120/><U116/><E20/><V13/><F132/><W18/><G1/><T41/><D0/><U105/><E105/><V123/><F123/><W111/><G68/><T90/><D124/><U3/><E3/><V115/><F115/><W126/><G111/><T58/><D76/><U122/><E122/><V2/><F128/><W88/><G126/><T8/><D4/><U135/><E135/><V33/><F39/><W96/><G37/><T118/><D118/><U14/><E14/><V107/><F107/><W112/><G112/><T25/><D103/><U131/><E131/><V84/><F78/><W101/><G91/><T93/><D92/><U71/><E71/><V35/><F30/><W97/><G43/><T44/><D58/><U119/><E85/><V22/><F22/><W89/><G89/><T47/><D44/><U79/><E57/><V94/><F2/><W42/><G42/><T104/><D104/><U55/><E56/><V54/><F94/><W11/><G11/><T51/><D49/><N who="1" m="26791" /><E82/><V28/><F28/><W70/><G70/><AGARI ba="0,0" hai="5,9,13,33,35,54,59,60,63,65,70,77,80,84" machi="70" ten="30,1000,0" yaku="7,1" doraHai="36" who="2" fromWho="3" sc="250,0,337,0,230,10,183,-10" /><INIT seed="4,0,0,4,1,118" ten="250,337,240,173" oya="0" hai0="117,97,62,56,130,73,114,0,100,39,122,134,65" hai1="112,120,106,47,91,133,115,54,70,79,2,101,86" hai2="49,9,88,21,7,103,50,42,69,127,111,96,32" hai3="40,87,18,98,78,89,31,105,81,45,29,35,20"/><T25/><D122/><U12/><E2/><V116/><F32/><W15/><G35/><T135/><D117/><U33/><E70/><V4/><F111/><W113/><G113/><N who="1" m="43594" /><E33/><V61/><F127/><W13/><G13/><T82/><D114/><U90/><E54/><V3/><F7/><W109/><G109/><T126/><D0/><U68/><E47/><V58/><F69/><W59/><G59/><T132/><D39/><U92/><E91/><V27/><F42/><W48/><REACH who="3" step="1"/><G89/><REACH who="3" ten="250,337,240,163" step="2"/><T107/><D126/><U72/><E12/><V104/><F116/><W46/><G46/><T52/><D25/><U17/><E90/><V121/><F88/><W10/><G10/><T119/><D119/><U28/><E68/><V60/><F60/><W55/><G55/><T93/><D130/><U102/><E102/><AGARI ba="0,1" hai="15,18,20,29,31,40,45,48,78,81,87,98,102,105" machi="102" ten="40,2600,0" yaku="1,1,53,1" doraHai="118" doraHaiUra="76" who="3" fromWho="1" sc="250,0,337,-26,240,0,163,36" /><INIT seed="5,0,0,4,0,122" ten="250,311,240,199" oya="1" hai0="68,7,14,48,37,80,58,110,9,91,52,13,72" hai1="116,47,85,115,25,70,46,19,39,102,98,123,88" hai2="10,2,27,0,119,83,65,67,127,131,121,95,61" hai3="29,40,21,31,42,26,74,18,108,43,86,28,33"/><U124/><E123/><V5/><F121/><W22/><G74/><T135/><D68/><U79/><E116/><V118/><F131/><W101/><G33/><T126/><D126/><U59/><E70/><V129/><F0/><W62/><G101/><T41/><D135/><U114/><E79/><V133/><F129/><W23/><G108/><T105/><D105/><U60/><E19/><V82/><F127/><W56/><G86/><T132/><D132/><U36/><E25/><V38/><F38/><N who="1" m="14377" /><E98/><V134/><F95/><W57/><G62/><T54/><D110/><U34/><E34/><V106/><F106/><W64/><G64/><T30/><D30/><U53/><E102/><V1/><F61/><W103/><G103/><T97/><D72/><U92/><E124/><V50/><F50/><W11/><G26/><T8/><D37/><U44/><E92/><V93/><F93/><W99/><G99/><T3/><D97/><U75/><E75/><V113/><F27/><W66/><G66/><T24/><D24/><U94/><E94/><V120/><F120/><W35/><G35/><T51/><D41/><U125/><E125/><V63/><F63/><W12/><AGARI ba="0,0" hai="11,12,18,21,22,23,28,29,31,40,42,43,56,57" machi="12" ten="40,8000,1" yaku="0,1,29,2,8,1" doraHai="122" who="3" fromWho="3" sc="250,-20,311,-40,240,-20,199,80" /><INIT seed="6,0,0,3,4,120" ten="230,271,220,279" oya="2" hai0="67,5,64,62,70,14,22,59,15,96,90,58,68" hai1="6,53,13,1,26,57,133,87,0,41,44,72,55" hai2="102,78,52,71,105,56,112,40,28,103,30,29,98" hai3="121,46,2,60,89,126,7,3,130,85,107,18,39"/><V124/><F71/><W101/><G121/><T36/><D36/><U69/><E72/><V23/><F103/><W118/><G118/><T110/><D110/><U128/><E55/><V132/><F112/><W106/><G126/><T127/><D127/><U79/><E26/><V129/><F124/><W109/><G130/><T135/><D135/><U16/><E6/><V82/><F40/><W75/><G75/><T131/><D131/><U114/><E69/><V9/><F9/><W99/><G109/><T42/><D42/><U92/><E114/><V104/><F129/><W32/><G32/><T111/><D111/><U38/><E133/><V34/><F34/><W10/><G60/><T88/><D5/><U122/><E122/><V81/><F132/><W116/><G18/><T73/><D73/><U12/><E13/><V80/><F105/><W113/><G113/><T4/><D4/><U35/><E35/><V54/><F54/><W93/><G116/><T11/><D11/><U108/><E108/><V123/><F123/><W65/><G65/><T61/><D22/><N who="1" m="11527" /><E79/><V43/><F43/><N who="3" m="22911" /><G3/><T19/><D19/><U119/><E119/><V45/><F45/><W125/><G107/><T8/><D8/><U95/><E128/><V20/><REACH who="2" step="1"/><F78/><REACH who="2" ten="230,271,210,279" step="2"/><W83/><G106/><T27/><D27/><U134/><E134/><V97/><F97/><AGARI ba="0,1" hai="14,15,58,59,61,62,64,67,68,70,88,90,96,97" machi="97" ten="25,3200,0" yaku="22,2,54,1" doraHai="120" who="0" fromWho="2" sc="230,42,271,0,210,-32,279,0" /><INIT seed="7,0,0,5,3,2" ten="272,271,178,279" oya="3" hai0="35,55,50,97,88,109,130,48,80,26,40,71,112" hai1="52,91,10,85,99,123,101,119,33,58,89,5,106" hai2="28,66,105,131,24,30,129,113,115,77,94,25,90" hai3="69,117,3,22,133,60,118,103,78,61,107,43,74"/><W68/><G3/><T75/><D71/><U51/><E123/><V67/><F105/><W38/><G78/><T32/><D109/><U124/><E33/><V111/><F77/><W92/><G74/><T86/><D130/><N who="2" m="49674" /><F94/><W100/><G22/><T1/><D1/><U62/><E124/><V46/><F90/><W59/><G92/><T18/><D40/><U4/><E119/><V36/><F36/><W87/><G87/><T47/><D75/><U114/><E114/><N who="2" m="43531" /><F46/><N who="3" m="23927" /><G103/><T37/><D37/><U84/><E10/><V132/><F111/><W63/><G100/><T70/><D70/><N who="3" m="27241" /><G107/><T34/><D50/><U64/><E85/><V96/><F132/><W20/><G20/><T31/><D112/><U83/><E91/><V12/><F12/><W11/><G11/><T125/><D125/><U21/><E21/><V7/><F7/><W16/><G16/><T54/><D54/><U15/><E15/><V73/><F73/><W39/><G39/><T23/><D97/><U122/><E122/><V93/><F93/><W49/><G133/><T56/><REACH who="0" step="1"/><D47/><AGARI ba="0,0" hai="4,5,47,51,52,58,62,64,83,84,89,99,101,106" machi="47" ten="30,7700,0" yaku="7,1,52,2,54,1" doraHai="2" who="1" fromWho="0" sc="272,-77,271,77,178,0,279,0" owari="195,-20.5,348,44.8,178,-32.2,279,7.9" /></mjloggm>