<mjloggm ver="2.3"><GO type="41" lobby="0"/><UN n0="%58%E7%8C%AB" n1="%54%6F%70%72%75%6E%32%31" n2="%E2%93%9D%4C%75%63%6B%79%4A" n3="%61%69%6F%61%61%69" dan="15,14,17,13" rate="1917.67,1902.06,2137.99,1811.87" sx="M,M,M,M"/><TAIKYOKU oya="0"/><INIT seed="0,0,0,0,4,18" ten="250,250,250,250" oya="0" hai0="65,24,101,80,87,92,78,5,129,2,110,121,91" hai1="81,58,70,120,7,89,124,123,53,74,46,16,112" hai2="125,99,79,54,44,9,75,127,50,14,73,126,132" hai3="69,97,68,96,130,3,115,113,41,119,27,64,114"/><T107/><D121/><U98/><E70/><V23/><F132/><W128/><G3/><T33/><D129/><N who="3" m="49769" /><G41/><T111/><D65/><U49/><E112/><V118/><F79/><W4/><G4/><T8/><D33/><U45/><E7/><V37/><F37/><W12/><G12/><T42/><D24/><U100/><E124/><V108/><F108/><N who="0" m="41514" /><D107/><U43/><E46/><V86/><F86/><W57/><G27/><T47/><D101/><U40/><E74/><V11/><F118/><W36/><G36/><N who="0" m="21959" /><D92/><U30/><E30/><V39/><F39/><W20/><G20/><T22/><D91/><U116/><E116/><V56/><F44/><W84/><G84/><T66/><D66/><U77/><E40/><V105/><F75/><W63/><G119/><T31/><D31/><U51/><E123/><V103/><F73/><W1/><G1/><T104/><D104/><U67/><E67/><V106/><F106/><W48/><G48/><T32/><D32/><U133/><E120/><V122/><F122/><W6/><G6/><T29/><D29/><U21/><E43/><V52/><F54/><W10/><G96/><T93/><D22/><U88/><E49/><V19/><AGARI ba="0,0" hai="9,11,14,19,23,50,52,56,99,103,105,125,126,127" machi="19" ten="40,8000,1" yaku="0,1,18,1,52,1,54,1" doraHai="18" who="2" fromWho="2" sc="250,-40,250,-20,250,80,250,-20" /><INIT seed="1,0,0,3,2,119" ten="210,230,330,230" oya="1" hai0="37,87,134,27,58,122,60,126,54,3,53,125,5" hai1="78,18,14,49,42,2,95,85,99,28,68,67,11" hai2="30,116,108,84,106,91,118,130,69,94,23,79,36" hai3="13,80,9,110,55,63,24,103,132,117,16,50,75"/><U31/><E2/><V61/><F36/><W8/><G117/><T25/><D37/><U131/><E68/><V39/><F39/><W62/><G132/><T0/><D134/><U101/><E67/><V48/><F106/><W81/><G110/><T129/><D129/><U43/><E131/><V133/><F130/><W56/><G103/><T45/><D87/><U120/><E120/><V90/><F79/><W40/><G75/><T20/><D5/><U109/><E109/><V86/><F108/><W26/><G40/><N who="1" m="15402" /><E49/><V32/><F48/><W112/><G112/><T73/><D73/><U72/><E72/><V111/><F111/><W65/><G63/><T38/><D38/><U46/><E46/><V59/><F69/><W89/><G8/><T1/><D45/><U77/><E77/><V107/><F107/><W41/><G41/><T44/><D44/><U52/><E52/><V29/><F32/><W123/><G123/><T83/><D54/><U34/><E34/><V104/><F104/><W88/><G80/><AGARI ba="0,0" hai="11,14,18,28,31,78,80,85,95,99,101" m="15402" machi="80" ten="30,1500,0" yaku="8,1" doraHai="119" who="1" fromWho="3" sc="210,0,230,15,330,0,230,-15" /><INIT seed="1,1,0,0,5,91" ten="210,245,330,215" oya="1" hai0="2,4,126,0,47,109,117,128,123,100,63,48,5" hai1="110,52,83,108,133,103,29,58,31,35,14,90,44" hai2="129,99,24,66,89,93,122,49,38,28,120,106,59" hai3="87,105,79,56,51,77,88,127,94,69,23,10,97"/><U113/><E113/><V3/><F38/><W118/><G69/><T20/><D117/><U46/><E103/><V78/><F3/><W121/><G118/><T34/><D34/><U70/><E70/><V22/><F106/><W32/><G32/><T75/><D75/><U6/><E35/><V96/><F129/><W92/><G105/><T82/><D63/><U132/><E14/><V18/><F78/><W107/><G107/><T8/><D82/><U67/><E6/><V86/><F122/><W17/><G10/><T61/><D61/><U11/><E11/><V60/><F120/><W130/><G130/><T41/><D20/><U12/><E12/><V55/><REACH who="2" step="1"/><F28/><REACH who="2" ten="210,245,320,215" step="2"/><W95/><G121/><T57/><D123/><U104/><E104/><V26/><F26/><N who="3" m="14703" /><G127/><T131/><D126/><U27/><E27/><V102/><F102/><W21/><G21/><T114/><D100/><U111/><E29/><V50/><F50/><W134/><G134/><N who="1" m="51818" /><E31/><V54/><F54/><N who="3" m="31839" /><G97/><T119/><D119/><U53/><E53/><V7/><F7/><W112/><G112/><T101/><D114/><U76/><E67/><V68/><AGARI ba="1,1" hai="18,22,24,49,55,59,60,66,68,86,89,93,96,99" machi="68" ten="20,5200,0" yaku="1,1,0,1,7,1,52,1,53,0" doraHai="91" doraHaiUra="1" who="2" fromWho="2" sc="210,-14,245,-27,320,65,215,-14" /><INIT seed="2,0,0,3,5,53" ten="196,218,385,201" oya="2" hai0="59,12,58,88,37,44,50,108,28,107,15,123,13" hai1="78,81,41,122,27,126,111,9,7,97,38,98,22" hai2="114,5,93,10,32,96,30,77,89,49,17,55,120" hai3="40,71,46,113,86,130,48,26,42,127,73,62,39"/><V35/><F120/><W14/><G73/><T112/><D123/><U119/><E122/><V25/><F114/><W118/><G118/><T70/><D70/><U131/><E119/><V109/><F109/><W52/><G113/><T0/><D0/><U74/><E111/><V34/><F77/><W106/><G106/><T31/><D37/><U90/><E131/><V121/><F17/><W64/><G130/><T43/><D107/><U56/><E90/><V18/><F18/><W99/><G14/><T4/><D4/><U110/><E110/><V103/><F103/><W79/><G99/><T124/><D124/><U1/><E126/><V47/><REACH who="2" step="1"/><F121/><REACH who="2" ten="196,218,375,201" step="2"/><W67/><G127/><T132/><D108/><U85/><E74/><V125/><F125/><W54/><G79/><T101/><D112/><U8/><E78/><V75/><F75/><W133/><G26/><T116/><D101/><U100/><E27/><V45/><F45/><N who="3" m="23711" /><G86/><T68/><D116/><U63/><E85/><V20/><F20/><W61/><G133/><T29/><D132/><U83/><E22/><V135/><F135/><W69/><AGARI ba="0,1" hai="42,46,48,52,54,61,62,64,67,69,71" m="23711" machi="69" ten="30,12000,2" yaku="35,5,54,1" doraHai="53" who="3" fromWho="3" sc="196,-30,218,-30,375,-60,201,130" /><INIT seed="3,0,0,4,0,15" ten="166,188,315,331" oya="3" hai0="10,116,26,51,34,103,132,127,104,112,52,75,58" hai1="55,59,109,118,81,16,28,79,53,135,96,92,82" hai2="102,50,130,6,117,68,11,38,88,78,94,46,27" hai3="18,134,44,80,8,85,13,67,17,74,76,111,95"/><W1/><G134/><T121/><D116/><U129/><E118/><V57/><F68/><W87/><G67/><T49/><D121/><U61/><E28/><V24/><F38/><W3/><G111/><T65/><D75/><U2/><E2/><V42/><F102/><W66/><G66/><T72/><D72/><U131/><E135/><V35/><F130/><W113/><G113/><T126/><D132/><U20/><E109/><V48/><F78/><W54/><G74/><T86/><D112/><U71/><E71/><V36/><F35/><W37/><G18/><T41/><D65/><U64/><E131/><V107/><F107/><W108/><G108/><T47/><D86/><N who="1" m="48447" /><E82/><V32/><F32/><W98/><G87/><T73/><D73/><U30/><E30/><V99/><F117/><W56/><G44/><T97/><D34/><U5/><E5/><V25/><REACH who="2" step="1"/><F57/><REACH who="2" ten="166,188,305,331" step="2"/><W9/><G37/><T60/><D127/><U40/><E129/><V105/><F105/><W21/><G21/><T29/><D126/><U93/><E40/><V84/><F84/><W45/><G9/><T125/><D10/><U4/><E96/><V114/><F114/><W12/><G45/><T128/><D125/><U119/><E119/><V39/><F39/><W33/><G33/><T0/><D128/><U122/><E122/><V123/><F123/><W120/><G120/><T106/><D106/><U69/><E69/><V110/><F110/><W101/><G76/><T70/><D70/><U83/><E59/><V14/><AGARI ba="0,1" hai="6,11,14,24,25,27,36,42,46,48,50,88,94,99" machi="14" ten="30,7900,0" yaku="1,1,0,1,54,1,53,1" doraHai="15" doraHaiUra="89" who="2" fromWho="2" sc="166,-20,188,-20,305,89,331,-39" /><INIT seed="4,0,0,4,1,12" ten="146,168,394,292" oya="0" hai0="5,122,129,50,124,35,76,8,123,47,120,18,78" hai1="61,53,2,37,30,80,131,63,56,40,82,22,46" hai2="21,57,102,105,0,45,39,92,118,52,29,75,3" hai3="88,28,1,20,99,96,32,79,130,85,133,15,86"/><T7/><D35/><U36/><E2/><V27/><F75/><W68/><G68/><T62/><D129/><U34/><E34/><V74/><F74/><W81/><G130/><T106/><D106/><U43/><E131/><V41/><F118/><W108/><G1/><T107/><D107/><U44/><E63/><V109/><F109/><W60/><G108/><T67/><D124/><U17/><E30/><V69/><F69/><W100/><G32/><T66/><D5/><U24/><AGARI ba="0,0" hai="17,22,24,36,37,40,43,44,46,53,56,61,80,82" machi="24" ten="20,5200,0" yaku="0,1,7,1,9,1,52,1" doraHai="12" who="1" fromWho="1" sc="146,-26,168,52,394,-13,292,-13" /><INIT seed="5,0,0,2,1,80" ten="120,220,381,279" oya="1" hai0="78,6,41,85,66,124,47,102,100,40,74,7,2" hai1="25,135,132,15,115,123,126,17,5,69,29,68,105" hai2="83,3,59,108,111,54,103,26,90,34,36,84,133" hai3="112,134,119,21,32,10,28,71,60,131,16,118,122"/><U106/><E123/><V94/><F36/><W97/><G112/><T13/><D124/><U4/><E126/><V38/><F38/><W129/><G122/><T86/><D66/><U1/><E115/><V120/><F120/><W45/><G71/><T56/><D56/><U79/><E79/><V19/><F3/><W18/><G60/><T52/><D13/><U91/><E91/><V107/><F133/><N who="1" m="51273" /><E1/><V8/><F107/><N who="1" m="40969" /><E15/><V20/><F34/><W50/><G97/><T65/><D65/><U42/><E17/><V113/><F113/><W0/><G134/><T110/><D110/><U23/><E42/><N who="0" m="16489" /><D2/><U128/><E128/><N who="3" m="49226" /><G45/><T9/><D78/><U127/><E127/><V63/><REACH who="2" step="1"/><F8/><REACH who="2" ten="120,220,371,279" step="2"/><W89/><G32/><T44/><D9/><U99/><E69/><V92/><F92/><W82/><G0/><T73/><D6/><U51/><E68/><V49/><F49/><W62/><G50/><T104/><D7/><N who="1" m="2635" /><E51/><V30/><F30/><W109/><G10/><T125/><D104/><U37/><E37/><V24/><F24/><W114/><G114/><T58/><D125/><U116/><E116/><V130/><F130/><W33/><G119/><T96/><D44/><U121/><E121/><V87/><F87/><N who="0" m="33290" /><D47/><U14/><E14/><V12/><F12/><W27/><G118/><T81/><D81/><U57/><E57/><V64/><F64/><W75/><G82/><T43/><D58/><U77/><E77/><V53/><F53/><W46/><G46/><T72/><D52/><U101/><E99/><AGARI ba="0,1" hai="19,20,26,54,59,63,83,84,90,94,99,103,108,111" machi="99" ten="40,5200,0" yaku="1,1,52,1,53,1" doraHai="80" doraHaiUra="48" who="2" fromWho="1" sc="120,0,220,-52,371,62,279,0" /><INIT seed="6,0,0,2,0,127" ten="120,168,433,279" oya="2" hai0="77,109,83,72,22,67,47,99,19,71,11,90,101" hai1="131,79,42,9,7,88,59,82,108,100,66,111,86" hai2="84,116,120,10,41,50,128,92,115,63,124,58,8" hai3="62,76,4,16,102,2,80,39,18,94,107,70,46"/><V56/><F120/><W106/><G70/><T23/><D109/><U26/><E42/><V1/><F116/><W35/><G35/><T13/><D71/><U97/><E26/><V110/><F115/><W65/><G106/><T43/><D67/><U130/><E59/><V17/><F124/><W134/><G107/><T123/><D123/><U12/><E66/><V21/><F1/><W73/><G102/><T119/><D119/><U104/><E79/><V57/><F110/><W98/><G98/><T55/><D55/><U95/><E104/><V69/><F128/><AGARI ba="0,0" hai="7,9,12,82,86,88,95,97,100,108,111,128,130,131" machi="128" ten="40,8000,1" yaku="19,1,52,3,54,1" doraHai="127" who="1" fromWho="2" sc="120,0,168,80,433,-80,279,0" /><INIT seed="7,0,0,4,5,40" ten="120,248,353,279" oya="3" hai0="28,100,4,83,67,104,106,72,71,90,131,25,48" hai1="43,101,3,29,134,115,122,80,77,81,20,15,22" hai2="19,18,78,91,125,39,56,1,74,58,126,52,113" hai3="129,132,9,92,0,35,97,75,116,128,16,46,17"/><W93/><G116/><T110/><D110/><U44/><E3/><V42/><F1/><W33/><G75/><T123/><D123/><U111/><E111/><V66/><F113/><W73/><G73/><T55/><D131/><U45/><E43/><V82/><F58/><W11/><G0/><T54/><D4/><U88/><E122/><V51/><F66/><W21/><G21/><T118/><D118/><U37/><E37/><V99/><F91/><W31/><G31/><T41/><D41/><U127/><E101/><V10/><F99/><W68/><G97/><T98/><D106/><U63/><E63/><V23/><F10/><W96/><G96/><T109/><D109/><U86/><E115/><V62/><F39/><W117/><G68/><T50/><D50/><U32/><E32/><V130/><F130/><W59/><G59/><T124/><D124/><N who="2" m="47722" /><F23/><W133/><REACH who="3" step="1"/><G46/><AGARI ba="0,0" hai="18,19,42,46,51,52,56,62,74,78,82" m="47722" machi="46" ten="30,3900,0" yaku="18,1,52,1,54,1" doraHai="40" who="2" fromWho="3" sc="120,0,248,0,353,39,279,-39" owari="120,-38.0,248,4.8,392,49.2,240,-16.0" /></mjloggm>