<mjloggm ver="2.3"><GO type="41" lobby="0"/><UN n0="%E7%94%B1%E7%BE%8E" n1="%E2%93%9D%4C%75%63%6B%79%4A" n2="%74%6F%73%68%69%35%38%37" n3="%73%65%61%73%74%6F%72%79" dan="14,16,14,14" rate="1910.45,2164.09,1908.62,1908.06" sx="F,M,M,M"/><TAIKYOKU oya="0"/><INIT seed="0,0,0,0,3,60" ten="250,250,250,250" oya="0" hai0="95,6,113,46,30,100,22,92,20,11,66,18,104" hai1="27,91,111,105,0,53,94,50,26,103,96,63,74" hai2="112,107,124,99,45,109,54,123,117,44,70,116,21" hai3="110,32,135,125,93,57,41,17,58,68,108,13,127"/><T133/><D113/><U83/><E0/><V40/><F107/><W8/><G32/><T42/><D133/><U16/><E111/><N who="3" m="42538" /><G135/><T86/><D104/><U4/><E4/><V101/><F109/><W114/><G114/><T132/><D132/><U79/><E63/><V90/><F90/><W126/><G68/><T5/><D30/><U2/><E2/><V81/><F81/><W75/><G75/><T122/><D122/><U76/><E79/><V1/><F1/><W97/><G41/><T131/><D131/><U82/><E83/><V49/><F70/><W106/><G106/><T128/><D128/><U56/><REACH who="1" step="1"/><E16/><REACH who="1" ten="250,240,250,250" step="2"/><V35/><F112/><W25/><G25/><T80/><D18/><U34/><E34/><V7/><F35/><W28/><G28/><T119/><D6/><U23/><E23/><V36/><F7/><W52/><G17/><T9/><D22/><U33/><E33/><V67/><F21/><W39/><G8/><T55/><D20/><U61/><E61/><V120/><F120/><W38/><G13/><T71/><D11/><U37/><E37/><V47/><F123/><W85/><G38/><T10/><D80/><U98/><AGARI ba="0,1" hai="26,27,50,53,56,74,76,82,91,94,96,98,103,105" machi="98" ten="20,2700,0" yaku="1,1,0,1,7,1,53,0" doraHai="60" doraHaiUra="14" who="1" fromWho="1" sc="250,-13,240,37,250,-7,250,-7" /><INIT seed="1,0,0,5,1,70" ten="237,277,243,243" oya="1" hai0="119,48,89,87,127,6,31,67,45,104,76,38,15" hai1="86,42,110,107,106,46,4,50,2,18,109,55,81" hai2="12,112,22,113,69,133,8,43,116,35,19,44,130" hai3="108,82,118,51,68,121,32,85,92,1,114,97,13"/><U33/><E33/><V64/><F116/><W125/><G121/><T49/><D119/><U7/><E18/><V27/><F69/><W9/><G118/><T58/><D104/><U111/><E55/><V100/><F64/><W80/><G68/><T75/><D31/><U132/><E132/><V128/><F100/><W61/><G114/><N who="2" m="44137" /><F35/><W14/><G32/><T65/><D127/><U23/><E23/><V93/><F93/><W73/><G61/><T77/><D67/><U78/><REACH who="1" step="1"/><E2/><REACH who="1" ten="237,267,243,243" step="2"/><V39/><F133/><W96/><G1/><T30/><D30/><AGARI ba="0,1" hai="8,12,19,22,27,30,39,43,44,128,130" m="44137" machi="30" ten="30,2000,0" yaku="11,1,52,1" doraHai="70" who="2" fromWho="0" sc="237,-20,267,0,243,30,243,0" /><INIT seed="2,0,0,5,0,32" ten="217,267,273,243" oya="2" hai0="99,59,10,98,94,40,33,65,76,7,101,102,12" hai1="55,14,28,84,121,100,27,133,132,52,80,90,71" hai2="44,68,38,53,91,75,120,88,26,67,9,85,111" hai3="129,79,104,8,0,61,37,15,58,36,24,69,110"/><V1/><F75/><W42/><G104/><T116/><D33/><U48/><E71/><V123/><F91/><W124/><G69/><T70/><D70/><U29/><E121/><V21/><F111/><W66/><G110/><T54/><D116/><U20/><E29/><V113/><F113/><W119/><G119/><T134/><D134/><N who="1" m="51819" /><E100/><V49/><F38/><W57/><G79/><T118/><D118/><U73/><E73/><V16/><F67/><W117/><G117/><T50/><D76/><U103/><E103/><V87/><F87/><W126/><G24/><T81/><D65/><U122/><E122/><V6/><F68/><W22/><G58/><T96/><D81/><AGARI ba="0,0" hai="1,6,9,16,21,26,44,49,53,81,85,88,120,123" machi="81" ten="30,11600,0" yaku="7,1,52,1,54,2" doraHai="32" who="2" fromWho="0" sc="217,-116,267,0,273,116,243,0" /><INIT seed="2,1,0,3,3,67" ten="101,267,389,243" oya="2" hai0="9,28,42,30,36,17,90,118,100,31,21,63,114" hai1="68,46,124,59,120,104,115,113,111,10,130,32,125" hai2="47,76,24,106,5,14,4,0,98,2,56,41,53" hai3="37,78,45,20,64,92,13,79,133,11,8,132,105"/><V95/><F106/><W16/><G105/><T93/><D114/><U87/><E32/><V121/><F121/><W134/><G64/><T102/><D36/><U35/><E35/><V27/><F76/><N who="3" m="29227" /><G92/><T109/><D42/><AGARI ba="1,0" hai="8,11,13,16,20,37,42,45,132,133,134" m="29227" machi="42" ten="40,2600,0" yaku="20,1,54,1" doraHai="67" who="3" fromWho="0" sc="101,-29,267,0,389,0,243,29" /><INIT seed="3,0,0,1,0,10" ten="72,267,389,272" oya="3" hai0="116,99,131,98,41,62,33,15,75,125,60,132,101" hai1="47,59,84,46,71,29,49,91,12,28,25,64,128" hai2="54,23,40,110,11,87,57,63,114,20,2,78,31" hai3="69,58,56,27,21,107,88,24,127,119,126,94,42"/><W67/><G119/><T118/><D33/><U83/><E71/><V30/><F110/><W35/><G107/><T109/><D109/><U113/><E113/><V34/><F114/><W73/><G73/><T117/><D41/><U6/><E128/><V129/><F129/><W103/><G103/><T36/><D131/><U92/><E47/><V105/><F105/><W135/><G42/><T111/><D111/><U85/><E25/><V4/><F40/><W52/><G35/><T108/><D108/><U72/><E59/><V61/><F34/><W81/><G81/><T8/><D101/><U39/><E64/><V133/><F133/><W17/><G135/><T70/><D132/><U1/><E1/><V0/><F0/><W48/><G69/><T66/><D75/><U7/><E39/><V120/><F120/><W68/><G68/><T95/><D36/><U51/><E51/><V26/><F87/><N who="3" m="52511" /><G67/><T100/><D125/><N who="3" m="47625" /><G58/><T38/><D38/><U86/><E72/><V9/><F78/><W80/><G80/><T32/><D32/><U50/><E83/><V115/><F115/><W65/><G65/><T104/><D62/><U37/><E37/><V43/><F43/><W79/><G79/><T44/><D44/><U102/><E46/><V13/><F63/><W16/><G17/><T89/><D118/><U93/><E102/><V5/><F31/><N who="1" m="11849" /><E91/><V124/><F124/><W106/><G106/><T14/><REACH who="0" step="1"/><D14/><AGARI ba="0,0" hai="14,16,21,24,27,48,52,56" m="47625,52511" machi="14" ten="30,18000,2" yaku="25,1,18,1,52,1,54,3" doraHai="10" who="3" fromWho="0" sc="72,-180,267,0,389,0,272,180" owari="-108,-60.8,267,-13.3,389,18.9,452,55.2" /></mjloggm>