<mjloggm ver="2.3"><GO type="137" lobby="0"/><UN n0="%66%6D%69%5F%37%34%35%32" n1="%6E%61%6B%6F%E5%A4%AA%E9%83%8E" n2="%59%41%59%41%59%41%34%39" n3="%E2%93%9D%4C%75%63%6B%79%4A" dan="12,14,11,10" rate="1686.00,1782.44,1752.82,1772.17" sx="M,M,M,M"/><TAIKYOKU oya="0"/><INIT seed="0,0,0,3,5,44" ten="250,250,250,250" oya="0" hai0="126,62,16,67,38,32,31,74,0,54,129,4,70" hai1="55,120,53,132,41,109,71,76,99,59,1,72,8" hai2="56,94,77,23,102,90,17,58,27,42,9,134,21" hai3="30,82,43,3,50,33,25,66,127,95,45,81,64"/><T100/><D74/><U110/><E120/><V37/><F134/><W128/><G3/><T60/><D38/><U6/><E132/><V93/><F77/><W79/><G128/><T88/><D129/><U47/><E71/><V97/><F37/><W117/><G117/><T22/><D126/><U105/><E105/><V135/><F135/><W20/><G127/><T10/><D100/><U29/><E29/><V119/><F119/><W87/><G33/><T85/><D32/><U78/><E99/><V80/><F80/><W118/><G118/><T15/><D31/><U51/><E55/><V130/><F130/><W106/><G106/><T131/><D131/><U125/><E72/><V39/><F39/><W52/><G95/><T116/><D116/><U133/><E133/><V12/><F42/><W19/><G30/><T35/><D35/><U104/><E104/><V107/><F107/><W48/><G82/><T65/><D54/><U113/><E113/><V49/><F49/><W108/><G108/><N who="1" m="41578" /><E125/><V89/><F23/><W2/><G2/><T63/><D65/><U61/><AGARI ba="0,0" hai="1,6,8,41,47,51,53,59,61,76,78" m="41578" machi="61" ten="30,2000,0" yaku="14,1,52,1" doraHai="44" who="1" fromWho="1" sc="250,-10,250,20,250,-5,250,-5" /><INIT seed="1,0,0,1,2,36" ten="240,270,245,245" oya="1" hai0="45,14,22,132,25,83,23,71,69,121,118,1,6" hai1="63,129,58,131,74,67,123,60,114,56,91,7,99" hai2="119,133,66,55,87,65,47,88,9,86,135,92,77" hai3="130,52,54,38,72,12,3,24,53,100,89,26,29"/><U95/><E114/><V64/><F119/><W2/><G72/><T4/><D118/><U5/><E74/><V117/><F117/><W108/><G38/><T33/><D71/><U116/><E123/><V17/><F9/><W98/><G108/><T82/><D69/><U102/><E102/><V57/><F17/><W28/><G89/><T110/><D110/><U30/><E30/><V81/><REACH who="2" step="1"/><F47/><REACH who="2" ten="240,270,235,245" step="2"/><W59/><G29/><T90/><D121/><U13/><E116/><V125/><F125/><W50/><G28/><T113/><D113/><U27/><E27/><V84/><F84/><W32/><G26/><T70/><D33/><U39/><E39/><V111/><F111/><W34/><G24/><T101/><D25/><U40/><E7/><V48/><AGARI ba="0,1" hai="48,55,57,64,65,66,77,81,86,87,88,92,133,135" machi="48" ten="30,12000,2" yaku="1,1,0,1,54,1,53,3" doraHai="36" doraHaiUra="62" who="2" fromWho="2" sc="240,-30,270,-60,235,130,245,-30" /><INIT seed="2,0,0,3,5,70" ten="210,210,365,215" oya="2" hai0="127,104,118,126,16,32,109,72,117,38,41,6,37" hai1="11,64,51,124,22,111,122,4,7,78,116,33,66" hai2="40,56,106,123,12,48,60,21,95,23,108,1,69" hai3="59,30,9,54,79,129,42,53,3,52,88,46,39"/><V63/><F123/><W14/><G3/><T35/><D104/><U120/><E116/><N who="0" m="44649" /><D41/><U131/><E78/><V73/><F106/><W68/><G68/><T43/><D72/><U86/><E33/><N who="0" m="12873" /><D109/><U58/><E86/><V110/><F1/><W75/><G30/><T80/><D43/><U85/><E85/><V115/><F115/><W97/><G129/><T99/><D6/><U107/><E131/><V128/><F128/><W105/><G79/><T76/><D80/><U10/><E107/><V61/><F73/><W83/><G75/><T5/><D5/><U2/><E22/><N who="2" m="8203" /><F95/><W28/><G28/><T133/><D76/><U134/><E124/><N who="0" m="47657" /><D133/><U34/><E134/><V89/><F12/><W125/><G125/><T90/><D16/><U36/><E34/><V74/><F74/><W112/><G112/><T29/><D29/><U101/><E111/><N who="2" m="42539" /><F89/><W45/><G46/><T55/><D55/><U62/><E2/><V77/><F77/><W103/><G83/><T13/><D13/><U49/><E62/><V102/><F102/><W121/><G88/><T135/><D135/><U26/><E58/><V92/><F92/><AGARI ba="0,0" hai="37,38,90,92,99" m="47657,12873,44649" machi="92" ten="40,8000,1" yaku="12,1,18,1,52,2" doraHai="70" who="0" fromWho="2" sc="210,80,210,0,365,-80,215,0" /><INIT seed="3,0,0,0,3,111" ten="290,210,285,215" oya="3" hai0="130,82,62,12,11,20,95,115,70,69,93,3,107" hai1="91,122,84,0,117,23,58,120,25,27,59,134,7" hai2="80,21,54,78,129,74,34,61,32,41,68,101,133" hai3="15,47,18,1,66,109,14,98,22,39,86,50,73"/><W119/><G119/><T4/><D107/><U9/><E117/><V116/><F116/><W53/><G1/><T128/><D82/><U42/><E42/><V124/><F41/><W126/><G109/><T43/><D43/><U99/><E99/><V28/><F133/><W60/><G126/><T26/><D62/><U64/><E134/><V33/><F124/><W37/><G73/><T90/><D69/><U135/><E27/><V16/><F129/><N who="0" m="49770" /><D95/><U49/><E135/><V36/><F36/><W10/><G86/><N who="0" m="52439" /><D70/><U2/><E2/><V131/><F131/><W89/><G89/><T113/><D3/><U35/><E35/><V51/><F101/><W106/><G106/><T45/><D45/><U71/><E71/><V96/><F96/><W67/><G98/><T24/><D24/><U52/><E59/><V108/><F108/><W83/><G83/><T127/><D127/><U88/><E91/><V46/><F61/><W31/><G31/><AGARI ba="0,0" hai="4,11,12,20,26,31,113,115" m="52439,49770" machi="31" ten="30,3900,0" yaku="19,1,52,2" doraHai="111" who="0" fromWho="3" sc="290,39,210,0,285,0,215,-39" /><INIT seed="4,0,0,2,1,51" ten="329,210,285,176" oya="0" hai0="19,40,93,86,34,16,0,72,94,65,49,107,101" hai1="31,85,47,35,123,118,71,12,9,45,96,77,28" hai2="56,74,110,95,80,36,62,99,53,37,133,112,43" hai3="1,128,115,104,113,105,109,48,10,44,132,92,69"/><T88/><D34/><U117/><E123/><V103/><F110/><W13/><G109/><T59/><D72/><U87/><E71/><V78/><F112/><N who="3" m="43083" /><G1/><T131/><D0/><U33/><E96/><V90/><F133/><W38/><G38/><T18/><D107/><N who="3" m="41033" /><G69/><T54/><D131/><U57/><E57/><V79/><F79/><W22/><G22/><T20/><D65/><U89/><E89/><V58/><F43/><W66/><G66/><T127/><D127/><U120/><E12/><V15/><F15/><W134/><G92/><T21/><D40/><U75/><E75/><V70/><F70/><W121/><G121/><T29/><D29/><U30/><E120/><V63/><REACH who="2" step="1"/><F103/><REACH who="2" ten="329,210,275,176" step="2"/><W39/><G128/><T55/><D101/><U24/><E77/><V84/><F84/><W61/><G134/><T125/><D125/><U4/><E31/><V52/><AGARI ba="0,1" hai="36,37,52,53,56,58,62,63,74,78,80,90,95,99" machi="52" ten="20,12000,2" yaku="1,1,0,1,7,1,9,1,52,2,54,1,53,0" doraHai="51" doraHaiUra="130" who="2" fromWho="2" sc="329,-60,210,-30,275,130,176,-30" /><INIT seed="5,0,0,5,1,41" ten="269,180,405,146" oya="1" hai0="132,19,99,55,59,116,126,113,24,80,57,127,71" hai1="130,39,60,37,131,86,2,121,114,94,12,102,100" hai2="63,95,125,120,134,66,27,79,20,93,36,65,107" hai3="92,85,90,91,18,15,17,8,33,67,40,26,61"/><U50/><E121/><V128/><F120/><W104/><G104/><T56/><D116/><U10/><E2/><V47/><F107/><W52/><G40/><T129/><D71/><U22/><E114/><V31/><F79/><W108/><G108/><T70/><D70/><U29/><E60/><V74/><F74/><W23/><G33/><T35/><D113/><U118/><E118/><V72/><F72/><W13/><G91/><T7/><D7/><U133/><E133/><V32/><F134/><W81/><G67/><T34/><D132/><U68/><E68/><V103/><F32/><W115/><G115/><T0/><D0/><U58/><E22/><V69/><F66/><W109/><G109/><T28/><D129/><N who="1" m="49163" /><E29/><V111/><F128/><W43/><G43/><T46/><D35/><U25/><E25/><V122/><F122/><W87/><G26/><T105/><D80/><U119/><E119/><V6/><F111/><W73/><G73/><T88/><D105/><U135/><E135/><V54/><F6/><W62/><G87/><T110/><D19/><N who="1" m="8599" /><E86/><V3/><F3/><W4/><G4/><T11/><D11/><U84/><E84/><V21/><F21/><W89/><G90/><T53/><D110/><U14/><E14/><V101/><F101/><N who="1" m="39017" /><E94/><V30/><F95/><W117/><G117/><T51/><D55/><AGARI ba="0,0" hai="37,39,50,55,58" m="39017,8599,49163" machi="55" ten="30,1500,0" yaku="19,1" doraHai="41" who="1" fromWho="0" sc="269,-15,180,15,405,0,146,0" /><INIT seed="5,1,0,0,3,109" ten="254,195,405,146" oya="1" hai0="127,34,117,102,32,7,19,16,108,9,71,101,37" hai1="44,45,49,133,110,50,55,41,42,85,65,46,28" hai2="17,79,18,124,129,20,82,22,13,92,15,59,11" hai3="106,14,2,98,94,116,77,95,31,12,99,66,104"/><U75/><E75/><V97/><F129/><W3/><G66/><T62/><D37/><U87/><E28/><V0/><F124/><W78/><REACH who="3" step="1"/><G31/><REACH who="3" ten="254,195,405,136" step="2"/><T69/><D108/><U58/><E110/><V21/><F0/><W119/><AGARI ba="1,1" hai="2,3,12,14,77,78,94,95,98,99,104,106,116,119" machi="119" ten="25,12000,2" yaku="1,1,2,1,0,1,22,2,53,2" doraHai="109" doraHaiUra="33" who="3" fromWho="3" sc="254,-31,195,-61,405,-31,136,133" /><INIT seed="6,0,0,3,0,28" ten="223,134,374,269" oya="2" hai0="124,120,20,82,104,2,67,81,74,134,43,75,45" hai1="97,87,73,34,76,103,125,111,90,135,68,121,10" hai2="61,41,49,85,52,9,112,56,63,83,7,65,92" hai3="108,55,123,72,12,115,16,62,39,44,118,26,6"/><V64/><F112/><W102/><G72/><T23/><D104/><U46/><E34/><V32/><F32/><W96/><G123/><T86/><D120/><U109/><E68/><V30/><F30/><W101/><G118/><T47/><D2/><U22/><E121/><V51/><F92/><W42/><G108/><T5/><D5/><U69/><E69/><V48/><F7/><W98/><G6/><T113/><D113/><U11/><E22/><V133/><F9/><W35/><G55/><T13/><D67/><N who="2" m="25674" /><F85/><W4/><G62/><N who="2" m="23561" /><F83/><W129/><G4/><T127/><D86/><U19/><E46/><N who="2" m="25679" /><F133/><W18/><G115/><T100/><D134/><U130/><E135/><V66/><N who="2" m="25682" /><V116/><DORA hai="70" /><F116/><W58/><G18/><T29/><D29/><U107/><E19/><V110/><F110/><W122/><G122/><T78/><D13/><U59/><E111/><V54/><F54/><W31/><G98/><T0/><D0/><U25/><E109/><V84/><F84/><W38/><G96/><T131/><D100/><U50/><E25/><V1/><F1/><W91/><G26/><T89/><D89/><U132/><E132/><V60/><AGARI ba="0,0" hai="49,51,52,56,60" m="25679,23561,25682" machi="60" ten="40,18000,2" yaku="8,1,35,5,54,1" doraHai="28,70" who="2" fromWho="2" sc="223,-60,134,-60,374,180,269,-60" /><INIT seed="6,1,0,3,1,16" ten="163,74,554,209" oya="2" hai0="100,82,60,25,21,112,17,39,121,27,65,24,40" hai1="123,6,35,64,110,55,119,4,3,48,15,131,26" hai2="97,52,47,134,106,116,69,7,38,66,9,135,118" hai3="8,14,29,103,76,88,125,36,41,62,1,5,61"/><V46/><F106/><W91/><G103/><T92/><D121/><U2/><E119/><N who="2" m="45611" /><F9/><W84/><G125/><T22/><D39/><U33/><E110/><V71/><F97/><W30/><G36/><T12/><D112/><U107/><E64/><V129/><F7/><W85/><G41/><T115/><D115/><U50/><E107/><V23/><F23/><N who="0" m="8714" /><D40/><U63/><E63/><N who="3" m="24074" /><G76/><T45/><D45/><N who="2" m="16906" /><F129/><W72/><G72/><T10/><D82/><U80/><E80/><V126/><F38/><W93/><G1/><T128/><D128/><U122/><E15/><V67/><F126/><W111/><G111/><T104/><D104/><U87/><E87/><V90/><F52/><W20/><G20/><T120/><D120/><U18/><E18/><V31/><F90/><W86/><G91/><T56/><D100/><U132/><E131/><V37/><F37/><W89/><G89/><T13/><D13/><U57/><E55/><V109/><F31/><AGARI ba="1,0" hai="5,8,14,29,30,31,84,85,86,88,93" m="24074" machi="31" ten="30,2000,0" yaku="8,1,54,1" doraHai="16" who="3" fromWho="2" sc="163,0,74,0,554,-23,209,23" /><INIT seed="7,0,0,1,4,116" ten="163,74,531,232" oya="3" hai0="60,37,13,106,133,19,135,119,72,25,5,82,7" hai1="24,16,99,38,101,15,117,113,94,132,97,86,111" hai2="98,18,56,126,29,26,2,66,131,121,62,71,103" hai3="100,130,41,58,120,87,22,27,50,115,67,89,1"/><W57/><G1/><T34/><D119/><U52/><E111/><V39/><F2/><W30/><G130/><T107/><D37/><U92/><E117/><V81/><F56/><W122/><G100/><T55/><D72/><U108/><E108/><V32/><F18/><W63/><G115/><T129/><D82/><U73/><E132/><N who="0" m="50761" /><D129/><U48/><E38/><V110/><F81/><W128/><G128/><T46/><D46/><U104/><E73/><V43/><F121/><W36/><G36/><T61/><D55/><U35/><E35/><V76/><F76/><W21/><G22/><N who="0" m="11631" /><D60/><U17/><E104/><V20/><F20/><W85/><G87/><T91/><D91/><U47/><E113/><V0/><F0/><W3/><G3/><T40/><D61/><U8/><E86/><V31/><F31/><W118/><G118/><T10/><D40/><U49/><E49/><V109/><F131/><W14/><G14/><N who="0" m="5455" /><D107/><U124/><E124/><V95/><F126/><W74/><G74/><T79/><D106/><U114/><E114/><V112/><F112/><W127/><G127/><T134/><N who="0" m="50769" /><T12/><DORA hai="123" /><D79/><U125/><E125/><V70/><F70/><W80/><REACH who="3" step="1"/><G58/><REACH who="3" ten="163,74,531,222" step="2"/><T42/><D42/><U54/><E54/><V102/><F103/><W28/><G28/><T44/><D44/><AGARI ba="0,1" hai="21,27,30,41,44,50,57,63,67,80,85,89,120,122" machi="44" ten="40,12000,1" yaku="1,1,52,2,53,1" doraHai="116,123" doraHaiUra="4,59" who="3" fromWho="0" sc="163,-120,74,0,531,0,222,130" /><INIT seed="7,1,0,3,5,76" ten="43,74,531,352" oya="3" hai0="4,119,24,108,95,133,18,3,68,27,105,63,60" hai1="32,128,17,40,25,36,84,28,2,19,122,107,74" hai2="14,9,116,23,1,78,80,112,88,62,79,8,13" hai3="47,57,64,12,83,55,134,66,54,10,109,77,42"/><W75/><G109/><T6/><D105/><U45/><E122/><V35/><F116/><W33/><G33/><T38/><D38/><U132/><E107/><V61/><F35/><W67/><G134/><T22/><D108/><U73/><E2/><V123/><F123/><W16/><REACH who="3" step="1"/><G57/><REACH who="3" ten="43,74,531,342" step="2"/><T20/><D133/><U70/><E132/><V41/><F1/><W98/><G98/><T82/><D68/><U21/><E128/><V89/><F112/><W110/><G110/><T87/><D3/><U93/><E70/><V124/><F124/><W86/><G86/><T135/><D135/><U29/><E74/><V117/><F117/><W113/><G113/><T11/><D119/><U44/><E73/><V53/><F8/><W15/><G15/><T106/><D11/><U103/><E84/><V30/><F9/><W99/><G99/><T125/><D125/><U114/><E114/><V85/><F13/><W39/><AGARI ba="1,1" hai="10,12,16,39,42,47,54,55,64,66,67,75,77,83" machi="39" ten="30,12000,1" yaku="1,1,0,1,52,1,54,1,53,1" doraHai="76" doraHaiUra="104" who="3" fromWho="3" sc="43,-41,74,-41,531,-41,342,133" /><INIT seed="7,2,0,5,3,64" ten="2,33,490,475" oya="3" hai0="29,131,32,48,85,134,97,11,1,86,14,7,24" hai1="45,8,123,109,107,126,9,15,82,96,84,121,69" hai2="111,112,73,59,125,41,100,38,5,58,43,114,49" hai3="67,106,93,68,115,46,79,87,22,105,19,65,72"/><W17/><G68/><T0/><D97/><U53/><E109/><V77/><F111/><W76/><G72/><T34/><D86/><U80/><E69/><V60/><F125/><W31/><G115/><N who="2" m="44073" /><F100/><W37/><G37/><T89/><D48/><U71/><E71/><V101/><F101/><W78/><G46/><T25/><D85/><U10/><E126/><V99/><F99/><W122/><G122/><T120/><D89/><U128/><E128/><V28/><F28/><W30/><G106/><T119/><D120/><U75/><E75/><V91/><F91/><N who="3" m="53503" /><G105/><T35/><D119/><U61/><E61/><V21/><F5/><W18/><G31/><N who="0" m="19559" /><D134/><U94/><E107/><V39/><F21/><W13/><G30/><N who="0" m="19791" /><D131/><U40/><E82/><N who="2" m="45359" /><F49/><W117/><G117/><T74/><D74/><U54/><E121/><V63/><F63/><W90/><G90/><T104/><D104/><U62/><E62/><V81/><F81/><W130/><G130/><T102/><D102/><U70/><E70/><V3/><F3/><W56/><G56/><N who="2" m="21545" /><F60/><W88/><G88/><T52/><D52/><U55/><E55/><V103/><F103/><W118/><G118/><T127/><D127/><U50/><E54/><V57/><N who="2" m="21553" /><V135/><DORA hai="113" /><F135/><W42/><G42/><AGARI ba="2,0" hai="38,39,41,42,43" m="21553,45359,44073" machi="42" ten="40,1300,0" yaku="15,1" doraHai="64,113" who="2" fromWho="3" sc="2,0,33,0,490,19,475,-19" owari="2,-49.8,33,-36.7,509,60.9,456,25.6" /></mjloggm>