<mjloggm ver="2.3"><GO type="41" lobby="0"/><UN n0="%E2%93%9D%4C%75%63%6B%79%4A" n1="%73%65%74%74%65%69" n2="%E3%83%81%E3%83%A7%E3%82%B3%E3%83%AC%E3%83%BC%E3%83%88%E4%BC%AF%E7%88%B5" n3="%6B%61%6E%74%61%E3%81%A1%E3%82%83%E3%82%93" dan="18,14,15,14" rate="2203.34,1949.32,2012.84,2063.44" sx="M,M,M,M"/><TAIKYOKU oya="0"/><INIT seed="0,0,0,4,3,121" ten="250,250,250,250" oya="0" hai0="106,69,44,117,59,18,32,24,99,87,74,25,109" hai1="93,92,101,83,40,14,127,50,13,6,114,20,48" hai2="113,126,128,72,78,4,135,55,47,129,34,62,115" hai3="116,46,36,49,31,38,80,1,98,84,51,12,30"/><T28/><D117/><U42/><E127/><V61/><F78/><W57/><G116/><T3/><D69/><U70/><E70/><V88/><F4/><W107/><G1/><T0/><D74/><U81/><E6/><V125/><F34/><W132/><G132/><T39/><D59/><U68/><E68/><V119/><F88/><W5/><G38/><T85/><D44/><U82/><E20/><V53/><F72/><W27/><G36/><T41/><D41/><U22/><E22/><V71/><F47/><W16/><G5/><T54/><D54/><N who="2" m="20490" /><F71/><W9/><G57/><T65/><D39/><U102/><REACH who="1" step="1"/><E81/><REACH who="1" ten="250,240,250,250" step="2"/><V79/><F119/><W17/><G31/><T105/><D28/><U90/><E90/><V123/><F123/><W66/><G30/><T43/><D32/><U104/><E104/><V122/><F122/><W63/><G107/><T134/><D106/><U112/><AGARI ba="0,1" hai="13,14,40,42,48,50,82,83,92,93,101,102,112,114" machi="112" ten="25,6400,0" yaku="1,1,0,1,22,2,53,0" doraHai="121" doraHaiUra="35" who="1" fromWho="1" sc="250,-32,240,74,250,-16,250,-16" /><INIT seed="1,0,0,1,5,11" ten="218,314,234,234" oya="1" hai0="112,96,40,122,36,100,45,69,92,123,28,88,128" hai1="126,89,13,74,14,87,59,20,83,97,0,39,4" hai2="113,130,106,32,46,103,135,131,57,51,125,119,132" hai3="86,23,98,114,58,94,85,63,21,53,107,72,12"/><U111/><E39/><V1/><F32/><W18/><G114/><T80/><D112/><U41/><E41/><V70/><F1/><W95/><G107/><T134/><D69/><U101/><E126/><V61/><F113/><W8/><G72/><T79/><D28/><U27/><E74/><V62/><F103/><W16/><G8/><T121/><D134/><N who="2" m="51242" /><F106/><W42/><G42/><T9/><D128/><N who="2" m="49194" /><F119/><W3/><G3/><T129/><D129/><U22/><E111/><V68/><F125/><W75/><G75/><T6/><D79/><U78/><E0/><V48/><F48/><W30/><G30/><T47/><D47/><U34/><E34/><V108/><F108/><W52/><G53/><T133/><D133/><U115/><E115/><V77/><F77/><W60/><G60/><N who="2" m="23145" /><F57/><W116/><G116/><T118/><D118/><U66/><E59/><V26/><F26/><N who="3" m="14631" /><G95/><T50/><D50/><U91/><E66/><V120/><F120/><W124/><G124/><T35/><D35/><U37/><E37/><V55/><AGARI ba="0,0" hai="46,51,55,68,70" m="23145,49194,51242" machi="55" ten="40,8000,1" yaku="20,1,19,1,34,2" doraHai="11" who="2" fromWho="2" sc="218,-20,314,-40,234,80,234,-20" /><INIT seed="2,0,0,5,3,104" ten="198,274,314,214" oya="2" hai0="5,26,6,48,12,103,59,116,7,34,27,98,109" hai1="9,128,33,75,25,0,60,115,22,47,4,94,3" hai2="8,43,63,40,61,99,36,81,54,118,123,70,97" hai3="57,35,112,114,80,18,132,24,135,67,84,134,52"/><V15/><F118/><W113/><G67/><T105/><D116/><U74/><E115/><V125/><F123/><W53/><G57/><T77/><D109/><U56/><E0/><V90/><F70/><W120/><G120/><T119/><D119/><U23/><E23/><V66/><F36/><W76/><G18/><T96/><D77/><U13/><E47/><V82/><F66/><W62/><G62/><T89/><D34/><U21/><E128/><V88/><F125/><W19/><G19/><T46/><D59/><U121/><E22/><V38/><F38/><W1/><G1/><T44/><D46/><U93/><E3/><V41/><F54/><W69/><G69/><T58/><D58/><U95/><E33/><V107/><F107/><W29/><AGARI ba="0,0" hai="24,29,35,52,53,76,80,84,112,113,114,132,134,135" machi="29" ten="40,8000,1" yaku="0,1,11,1,20,1,54,1" doraHai="104" who="3" fromWho="3" sc="198,-20,274,-20,314,-40,214,80" /><INIT seed="3,0,0,4,5,52" ten="178,254,274,294" oya="3" hai0="0,58,125,100,131,5,73,68,75,18,108,78,22" hai1="15,49,64,67,102,124,91,101,30,63,33,112,109" hai2="31,82,38,1,119,122,135,41,76,25,128,59,23" hai3="7,83,74,39,57,130,43,40,98,21,104,87,60"/><W61/><G74/><T46/><D68/><U29/><E112/><V90/><F119/><W77/><G130/><T72/><D131/><U84/><E124/><V56/><F1/><W12/><G39/><T53/><D125/><U127/><E109/><V50/><F122/><W116/><G116/><T103/><D46/><U44/><E15/><V114/><F38/><W106/><G106/><T88/><D78/><U66/><E33/><V51/><F114/><W93/><G104/><T34/><D34/><U11/><E11/><V86/><F128/><W111/><G61/><T36/><D36/><U81/><E63/><V99/><F135/><W45/><G45/><T14/><D108/><U80/><E80/><V115/><F115/><W3/><G3/><T95/><D5/><U92/><E127/><V113/><F113/><W123/><G123/><T71/><D71/><U10/><E10/><V8/><F8/><N who="3" m="4127" /><G21/><T62/><REACH who="0" step="1"/><D0/><REACH who="0" ten="168,254,274,294" step="2"/><U89/><E44/><N who="2" m="25871" /><F51/><W107/><G111/><T96/><AGARI ba="0,1" hai="14,18,22,53,58,62,72,73,75,88,95,96,100,103" machi="96" ten="30,7900,0" yaku="1,1,0,1,52,1,54,1,53,0" doraHai="52" doraHaiUra="2" who="0" fromWho="0" sc="168,89,254,-20,274,-20,294,-39" /><INIT seed="4,0,0,3,2,81" ten="257,234,254,255" oya="0" hai0="56,14,96,59,38,101,104,9,82,39,80,110,89" hai1="48,118,55,86,113,95,103,63,132,47,40,6,50" hai2="17,84,52,1,78,111,125,60,54,21,20,57,72" hai3="67,41,116,5,16,7,109,107,11,33,90,30,75"/><T36/><D110/><U91/><E118/><V51/><F72/><W35/><G116/><T128/><D128/><U92/><E132/><V76/><F111/><W65/><G107/><T0/><D0/><U34/><E34/><V69/><F1/><W134/><G75/><T18/><REACH who="0" step="1"/><D82/><REACH who="0" ten="247,234,254,255" step="2"/><U120/><E120/><V85/><F125/><W49/><G109/><T97/><D97/><U26/><E113/><V44/><F69/><W22/><G134/><T68/><D68/><U53/><E6/><V42/><F42/><W2/><G7/><T74/><D74/><U32/><E40/><V73/><F73/><W15/><G41/><T99/><D99/><U124/><E124/><V112/><F112/><W121/><G121/><T19/><D19/><U71/><E71/><V3/><F3/><W88/><G30/><T114/><D114/><U98/><E32/><V108/><F108/><W77/><G35/><T58/><D58/><U106/><E26/><N who="2" m="14607" /><F21/><W27/><G33/><T115/><D115/><U87/><E106/><V123/><F123/><W46/><G2/><T135/><D135/><U66/><E95/><V100/><F100/><W117/><G117/><T37/><N who="0" m="9216" /><DORA hai="28" /><T43/><D43/><U31/><E103/><V62/><F62/><W133/><G133/><T105/><D105/><U61/><E31/><V45/><F45/><W70/><G70/><T126/><D126/><U12/><E12/><V83/><F83/><W24/><G46/><T94/><D94/><U129/><E129/><V127/><F127/><W93/><G93/><T79/><D79/><AGARI ba="0,1" hai="44,51,52,54,57,60,76,78,79,84,85" m="14607" machi="79" ten="30,7700,0" yaku="8,1,52,2,54,1" doraHai="81,28" who="2" fromWho="0" sc="247,-77,234,0,254,87,255,0" /><INIT seed="5,0,0,0,5,113" ten="170,234,341,255" oya="1" hai0="31,120,135,123,117,36,17,132,34,24,12,54,103" hai1="28,122,38,134,73,129,47,51,95,37,15,9,67" hai2="16,69,64,53,118,19,6,99,108,49,33,104,80" hai3="26,131,106,130,23,128,70,78,52,58,91,4,35"/><U5/><E122/><N who="0" m="46633" /><D36/><U94/><E73/><V62/><F108/><W109/><G109/><T98/><D54/><U10/><E129/><V41/><F33/><W59/><G106/><N who="0" m="63863" /><D12/><U96/><E134/><N who="0" m="51241" /><D17/><U116/><E116/><AGARI ba="0,0" hai="24,31,34,116,117" m="51241,63863,46633" machi="116" ten="30,8000,1" yaku="13,1,20,1,23,1,52,2" doraHai="113" who="0" fromWho="1" sc="170,80,234,-80,341,0,255,0" /><INIT seed="6,0,0,3,1,76" ten="250,154,341,255" oya="2" hai0="34,122,10,66,30,13,120,42,15,135,106,35,108" hai1="18,81,116,131,5,16,71,26,103,14,130,53,95" hai2="19,17,87,70,4,32,90,101,117,56,48,99,65" hai3="80,22,97,132,86,58,114,23,113,77,40,94,51"/><V127/><F117/><W44/><G132/><T46/><D106/><U133/><E116/><V83/><F70/><W123/><G123/><T43/><D66/><U38/><E38/><V24/><F127/><W61/><G114/><T109/><D46/><U55/><E71/><V29/><F4/><W9/><G9/><T49/><D49/><U78/><E5/><V0/><F0/><W91/><REACH who="3" step="1"/><G113/><REACH who="3" ten="250,154,341,245" step="2"/><T104/><D10/><U62/><E133/><V79/><F79/><W1/><G1/><T50/><D135/><U52/><E131/><V85/><F32/><W126/><G126/><T93/><D35/><U129/><E62/><V89/><F29/><W88/><G88/><T73/><D122/><U54/><N who="1" m="13312" /><DORA hai="67" /><U100/><E130/><V12/><F90/><W128/><G128/><T6/><D120/><U107/><E129/><V124/><F89/><W20/><G20/><T3/><D3/><U115/><E115/><V47/><F124/><W11/><G11/><T68/><D34/><U112/><E112/><V82/><F101/><W25/><G25/><T102/><D102/><N who="1" m="38955" /><E107/><V33/><F33/><W96/><G96/><T119/><D104/><U69/><E95/><V92/><F92/><W134/><G134/><T57/><D93/><U63/><E26/><V39/><F99/><W8/><G8/><T111/><D6/><U110/><E14/><V105/><F12/><W28/><G28/><T45/><D30/><U36/><E110/><V84/><F24/><W98/><G98/><T7/><D7/><U37/><E63/><V59/><F105/><W41/><G41/><RYUUKYOKU ba="0,1" sc="250,-10,154,-10,341,-10,245,30" hai3="22,23,40,44,51,58,61,77,80,86,91,94,97" /><INIT seed="7,1,1,5,2,101" ten="240,144,331,275" oya="3" hai0="83,44,125,2,73,54,115,34,5,64,126,17,106" hai1="49,24,28,48,42,67,31,43,113,103,19,55,11" hai2="13,104,30,12,72,33,0,78,37,100,89,29,27" hai3="80,20,65,86,107,57,85,82,40,123,118,128,105"/><W68/><G123/><T59/><D34/><U1/><E113/><V6/><F37/><W16/><G118/><T3/><D5/><U79/><E1/><N who="0" m="9" /><D64/><U124/><E124/><N who="0" m="47721" /><D44/><U130/><E130/><V81/><F89/><W61/><G68/><T99/><D17/><U25/><E67/><V71/><F30/><W23/><G40/><T22/><D22/><U35/><E79/><V110/><F110/><W15/><G128/><T66/><D66/><U97/><E19/><V10/><F71/><W87/><G23/><T60/><D115/><U50/><E11/><V26/><F26/><W96/><G96/><T98/><D106/><U4/><E4/><V58/><F58/><W76/><G87/><T94/><D94/><U88/><E55/><V70/><F70/><W129/><G129/><T134/><D134/><U8/><E8/><V9/><F9/><W77/><AGARI ba="1,1" hai="15,16,20,57,61,65,76,77,80,82,85,86,105,107" machi="77" ten="20,18000,2" yaku="0,1,7,1,9,1,52,2,54,1" doraHai="101" who="3" fromWho="3" sc="240,-61,144,-61,331,-61,275,193" owari="179,-22.1,83,-41.7,270,7.0,468,56.8" /></mjloggm>