<mjloggm ver="2.3"><GO type="41" lobby="0"/><UN n0="%E2%93%9D%4C%75%63%6B%79%4A" n1="%E3%81%94%E3%81%8D%E3%81%92%E3%82%93%E3%82%88%E3%81%86%EF%BC%81" n2="%E3%81%9F%E3%81%93%E3%82%8B%E3%82%93" n3="%E9%A3%9B%E8%8A%B1%E8%90%BD%E8%91%89" dan="16,14,13,13" rate="2144.10,2015.60,1839.72,1838.81" sx="M,M,M,M"/><TAIKYOKU oya="0"/><INIT seed="0,0,0,5,0,17" ten="250,250,250,250" oya="0" hai0="134,33,65,118,121,120,1,5,40,58,14,76,97" hai1="77,71,62,107,46,3,23,48,135,26,101,86,57" hai2="115,0,75,21,11,10,39,42,93,29,63,20,100" hai3="24,68,66,104,31,70,7,119,102,95,54,89,27"/><T87/><D118/><U60/><E135/><V111/><F115/><W91/><G119/><T122/><D33/><U16/><E3/><V131/><F111/><W84/><G27/><T59/><D1/><U51/><E107/><V74/><F131/><W22/><G7/><T41/><D97/><U55/><E101/><V130/><F29/><W126/><G126/><T83/><D134/><U32/><E32/><V105/><F105/><W4/><G4/><T38/><D38/><U123/><E123/><V35/><F35/><W47/><G66/><T12/><D65/><U50/><E71/><V125/><F130/><W109/><G109/><T92/><D92/><U110/><E110/><V19/><F125/><W113/><G113/><T8/><REACH who="0" step="1"/><D14/><REACH who="0" ten="240,250,250,250" step="2"/><U117/><E117/><V9/><F0/><W64/><G64/><T69/><D69/><U128/><E128/><V82/><F74/><W112/><G112/><T56/><AGARI ba="0,1" hai="5,8,12,40,41,56,58,59,76,83,87,120,121,122" machi="56" ten="40,7800,0" yaku="1,1,0,1,53,1" doraHai="17" doraHaiUra="73" who="0" fromWho="0" sc="240,88,250,-26,250,-26,250,-26" /><INIT seed="0,1,0,0,2,104" ten="328,224,224,224" oya="0" hai0="46,73,105,5,123,81,47,31,19,119,18,14,126" hai1="51,70,0,75,116,74,44,37,120,65,27,117,80" hai2="55,103,54,112,132,20,88,53,133,39,25,93,63" hai3="35,22,111,125,77,32,76,113,56,52,60,17,50"/><T13/><D123/><U10/><E120/><V71/><F39/><W12/><G113/><T1/><D105/><U58/><E27/><V11/><F112/><W26/><G111/><T30/><D5/><N who="1" m="1319" /><E80/><V114/><F11/><W34/><G125/><T99/><D99/><U28/><E28/><V110/><F103/><W69/><G26/><T48/><D1/><U49/><E49/><V67/><F110/><W45/><REACH who="3" step="1"/><G69/><REACH who="3" ten="328,224,224,214" step="2"/><T42/><D126/><U129/><E129/><V2/><F114/><W21/><G21/><T78/><D119/><U87/><E117/><V33/><F33/><W127/><G127/><T16/><REACH who="0" step="1"/><D47/><REACH who="0" ten="318,224,224,214" step="2"/><U23/><E116/><V97/><REACH who="2" step="1"/><F2/><REACH who="2" ten="318,224,214,214" step="2"/><W61/><G61/><T9/><D9/><U131/><E131/><V118/><F118/><W85/><G85/><T62/><D62/><N who="1" m="40247" /><E87/><V98/><F98/><W107/><G107/><T92/><D92/><U84/><E84/><V7/><F7/><W4/><G4/><T82/><D82/><U41/><E23/><V90/><F90/><W100/><G100/><T124/><D124/><U94/><E94/><V59/><F59/><W24/><G24/><T79/><D79/><U40/><E58/><V38/><F38/><W29/><G29/><AGARI ba="1,3" hai="13,14,16,18,19,29,30,31,42,46,48,73,78,81" machi="29" ten="40,7700,0" yaku="1,1,52,1,54,1,53,0" doraHai="104" doraHaiUra="108" who="0" fromWho="3" sc="318,110,224,0,214,0,214,-80" /><AGARI ba="1,0" hai="20,25,29,53,54,55,63,67,71,88,93,97,132,133" machi="29" ten="40,2600,0" yaku="1,1,54,1,53,0" doraHai="104" doraHaiUra="108" who="2" fromWho="3" sc="428,0,224,0,214,26,134,-26" /><INIT seed="0,2,0,0,0,25" ten="428,224,240,108" oya="0" hai0="81,85,119,40,50,111,121,90,118,13,108,78,37" hai1="126,23,35,77,73,5,68,54,94,69,59,53,89" hai2="105,104,112,134,109,3,10,98,7,8,28,34,116" hai3="127,18,122,117,100,43,12,88,60,31,91,101,32"/><T131/><D37/><U120/><E35/><V84/><F112/><W80/><G117/><N who="0" m="44555" /><D13/><U1/><E120/><V70/><F116/><W11/><G127/><T47/><D121/><U16/><E126/><V55/><F109/><N who="0" m="42058" /><D78/><U41/><E41/><V72/><F134/><W86/><G122/><T79/><D79/><U15/><E77/><V92/><F84/><W61/><G43/><T42/><D42/><U22/><E73/><V57/><F70/><W123/><G123/><T14/><D14/><U65/><E69/><V17/><F10/><W96/><G91/><T75/><D131/><U63/><E23/><V133/><F17/><W6/><G6/><T114/><D114/><U66/><E68/><V49/><F133/><W82/><G82/><T128/><D128/><U39/><E39/><V110/><F72/><AGARI ba="2,0" hai="40,47,50,72,75,81,85,90" m="42058,44555" machi="72" ten="30,2900,0" yaku="14,1,10,1" doraHai="25" who="0" fromWho="2" sc="428,35,224,0,240,-35,108,0" /><INIT seed="0,3,0,0,0,86" ten="463,224,205,108" oya="0" hai0="12,95,63,7,120,127,13,50,16,48,46,92,72" hai1="43,31,96,122,39,114,62,68,105,47,117,17,29" hai2="67,8,51,109,102,85,58,21,108,20,49,73,78" hai3="101,38,123,103,110,66,134,55,15,37,3,42,59"/><T81/><D120/><U128/><E122/><V54/><F102/><W61/><G3/><T94/><D127/><U25/><E128/><V82/><F73/><W77/><G123/><T89/><D63/><U111/><E117/><V1/><F67/><W19/><G110/><N who="2" m="42601" /><F49/><W65/><G134/><T53/><D13/><U80/><E111/><V121/><F121/><W34/><G34/><T132/><D7/><AGARI ba="3,0" hai="1,7,8,20,21,51,54,58,78,82,85" m="42601" machi="7" ten="30,1000,0" yaku="14,1" doraHai="86" who="2" fromWho="0" sc="463,-19,224,0,205,19,108,0" /><INIT seed="1,0,0,0,4,25" ten="444,224,224,108" oya="1" hai0="71,2,114,54,19,93,100,107,57,115,108,43,34" hai1="6,61,128,5,30,28,51,134,52,133,113,120,127" hai2="106,36,45,102,40,27,60,96,72,82,81,124,126" hai3="22,75,63,109,105,62,4,13,123,95,121,10,24"/><U78/><E113/><V55/><F55/><W46/><G105/><T17/><D71/><U68/><E120/><V26/><F60/><W37/><G109/><T70/><D2/><U67/><E78/><V47/><F47/><W118/><G75/><T130/><D34/><U7/><E127/><N who="2" m="48683" /><F72/><W87/><G118/><T42/><D107/><U97/><E97/><V91/><F91/><W98/><G87/><T94/><D70/><U16/><E16/><V116/><F116/><W50/><G37/><T0/><D0/><U110/><E110/><V64/><F64/><W132/><G132/><N who="1" m="50794" /><E128/><V117/><F117/><W135/><G135/><T84/><D130/><U48/><E48/><V74/><F74/><W41/><G123/><T11/><D115/><U76/><E76/><V66/><F66/><W104/><G104/><T8/><D114/><U131/><E131/><V79/><F79/><W88/><REACH who="3" step="1"/><G121/><REACH who="3" ten="444,224,224,98" step="2"/><T14/><D108/><U119/><E119/><V85/><F85/><W56/><G56/><AGARI ba="0,1" hai="5,6,7,28,30,51,52,56,61,67,68" m="50794" machi="56" ten="30,11600,0" yaku="20,1,52,2,54,1" doraHai="25" who="1" fromWho="3" sc="444,0,224,126,224,0,98,-116" owari="444,54.4,350,15.0,224,-17.6,-18,-51.8" /></mjloggm>