<mjloggm ver="2.3"><GO type="41" lobby="0"/><UN n0="%E3%81%9F%E3%81%90%E3%81%BE%E3%81%B2" n1="%6D%6F%6E%63%68%69" n2="%35%30%38%30%74%61%6B%61" n3="%E2%93%9D%4C%75%63%6B%79%4A" dan="14,14,15,18" rate="1904.93,1965.24,2015.10,2202.73" sx="M,M,M,M"/><TAIKYOKU oya="0"/><INIT seed="0,0,0,3,2,79" ten="250,250,250,250" oya="0" hai0="10,91,0,36,5,37,8,119,80,20,71,120,133" hai1="78,31,131,82,114,40,104,118,111,22,6,19,86" hai2="129,2,61,96,92,42,99,84,25,33,108,83,34" hai3="135,46,110,41,1,16,75,121,3,57,12,109,35"/><T97/><D120/><U117/><E104/><V54/><F108/><N who="3" m="41579" /><G75/><T116/><D71/><U88/><E111/><V101/><F2/><N who="3" m="523" /><G57/><T106/><D133/><U113/><E6/><V15/><F129/><W53/><G53/><T94/><D10/><U90/><E31/><V13/><F42/><W50/><G35/><T65/><D65/><U124/><E40/><V102/><F34/><W62/><G62/><T128/><D128/><U14/><E131/><V107/><F33/><W49/><G121/><T39/><D106/><U45/><E124/><V24/><F61/><W105/><G105/><T98/><D98/><U70/><E45/><V130/><F130/><W21/><G135/><T47/><D47/><U72/><E70/><V27/><REACH who="2" step="1"/><F54/><REACH who="2" ten="250,250,240,250" step="2"/><W74/><G74/><T63/><D63/><U11/><E11/><V125/><F125/><W17/><G17/><T55/><D55/><U29/><E29/><V59/><F59/><W126/><G126/><T23/><D23/><U100/><E100/><V69/><F69/><W89/><G46/><T81/><REACH who="0" step="1"/><D20/><REACH who="0" ten="240,250,240,250" step="2"/><U66/><E66/><V48/><F48/><W122/><G122/><T67/><D67/><U30/><E30/><V28/><F28/><W7/><G41/><T132/><D132/><U44/><E44/><V103/><F103/><W60/><G60/><T73/><D73/><U64/><E64/><V51/><F51/><W56/><G50/><T26/><D26/><U127/><E127/><V76/><AGARI ba="0,2" hai="13,15,24,25,27,76,83,84,92,96,99,101,102,107" machi="76" ten="30,4000,0" yaku="1,1,0,1,52,1,53,0" doraHai="79" doraHaiUra="52" who="2" fromWho="2" sc="240,-20,250,-10,240,60,250,-10" /><INIT seed="1,0,0,2,2,23" ten="220,240,300,240" oya="1" hai0="38,88,126,133,67,43,106,35,39,121,128,122,33" hai1="115,110,20,104,8,11,108,83,125,46,56,103,130" hai2="97,87,64,85,0,92,135,4,32,65,53,134,44" hai3="19,76,117,17,84,72,90,24,132,52,114,89,95"/><U80/><E115/><V113/><F32/><N who="0" m="12362" /><D106/><U75/><E125/><V93/><F113/><W127/><G114/><T31/><D126/><U99/><E130/><V12/><F0/><W1/><G1/><T86/><D128/><U73/><E46/><V105/><F105/><W9/><G132/><N who="2" m="50729" /><F93/><W41/><G41/><T29/><D133/><U111/><E56/><V107/><F107/><W6/><G76/><T123/><D67/><N who="2" m="25674" /><F4/><W3/><G72/><N who="1" m="27722" /><E20/><V45/><F12/><W48/><G117/><T100/><D100/><U10/><AGARI ba="0,0" hai="8,10,11,80,83,99,103,104,108,110,111" m="27722" machi="10" ten="40,3900,0" yaku="14,1,10,1" doraHai="23" who="1" fromWho="1" sc="220,-13,240,39,300,-13,240,-13" /><INIT seed="1,1,0,5,1,112" ten="207,279,287,227" oya="1" hai0="6,9,12,28,81,120,17,97,43,5,85,38,50" hai1="57,128,132,76,70,113,108,99,27,16,130,77,117" hai2="104,124,7,51,11,53,116,83,107,80,52,135,75" hai3="65,129,54,8,26,119,79,1,127,2,100,72,91"/><U55/><E70/><V68/><F116/><W106/><G54/><T4/><D120/><U64/><E117/><V48/><F68/><W93/><G65/><T78/><D38/><U134/><E64/><V96/><F124/><W118/><G26/><T18/><D28/><U123/><E113/><V21/><F135/><N who="1" m="51753" /><E99/><V87/><F75/><W95/><G8/><T24/><D97/><U3/><E3/><V56/><F21/><W46/><G46/><N who="0" m="25951" /><D18/><U92/><E92/><V33/><F33/><W58/><G95/><T125/><D125/><U10/><E123/><V15/><F96/><N who="3" m="61703" /><G2/><T63/><D63/><N who="1" m="36287" /><E108/><V89/><REACH who="2" step="1"/><F80/><REACH who="2" ten="207,279,277,227" step="2"/><W86/><G127/><T14/><D24/><U102/><E102/><V66/><F66/><W115/><G119/><T37/><D81/><U20/><E10/><V101/><F101/><W105/><G118/><T94/><D9/><U121/><E121/><V74/><F74/><W90/><G72/><T45/><D4/><U131/><AGARI ba="1,1" hai="16,20,27,76,77,128,130,131" m="36287,51753" machi="131" ten="40,7800,0" yaku="19,1,20,1,54,1" doraHai="112" who="1" fromWho="1" sc="207,-27,279,91,277,-27,227,-27" /><INIT seed="1,2,0,2,0,74" ten="180,370,250,200" oya="1" hai0="49,113,32,64,51,30,21,42,2,79,92,10,86" hai1="68,97,82,65,7,13,41,115,62,134,88,121,99" hai2="133,78,131,126,12,72,118,107,9,25,130,101,20" hai3="18,60,90,39,70,5,110,16,38,23,50,108,84"/><U63/><E121/><V59/><F118/><W117/><G5/><T4/><D32/><U85/><E115/><V71/><F71/><W116/><G50/><T81/><D113/><U34/><E34/><V67/><F126/><W102/><G102/><T46/><D64/><U48/><E134/><V103/><F107/><W75/><G75/><T54/><D92/><N who="1" m="56455" /><E99/><V14/><F14/><W47/><G47/><T11/><D11/><N who="1" m="4351" /><E68/><V104/><F104/><W58/><G70/><T96/><D96/><U52/><E65/><V125/><F125/><W26/><G39/><T80/><D30/><U24/><E24/><V129/><F133/><W61/><G38/><T28/><D28/><U36/><E41/><V29/><F67/><W105/><G105/><T3/><D3/><U43/><E43/><V17/><REACH who="2" step="1"/><F59/><REACH who="2" ten="180,370,240,200" step="2"/><W95/><G58/><T106/><D106/><U98/><E36/><V8/><F8/><W53/><G117/><T124/><D10/><U132/><E132/><V89/><F89/><W76/><G90/><T93/><D124/><U73/><E73/><V45/><F45/><W22/><G116/><T120/><D46/><N who="1" m="27671" /><E98/><V33/><F33/><W66/><G66/><T40/><D2/><U114/><E114/><V123/><F123/><W109/><G110/><T127/><D120/><U27/><E27/><V19/><F19/><W122/><G122/><T112/><D127/><U31/><E31/><V55/><F55/><W57/><G53/><T15/><D54/><U135/><E135/><V91/><F91/><AGARI ba="2,1" hai="62,63,82,85,91" m="27671,4351,56455" machi="91" ten="30,5800,0" yaku="8,1,54,2" doraHai="74" who="1" fromWho="2" sc="180,0,370,74,240,-64,200,0" /><INIT seed="1,3,0,3,0,128" ten="180,444,176,200" oya="1" hai0="20,122,114,106,45,12,69,11,42,61,56,96,21" hai1="67,132,33,53,105,118,10,24,104,120,79,43,83" hai2="97,98,41,87,84,3,40,111,18,14,19,76,6" hai3="130,39,123,13,23,58,25,73,78,116,90,32,135"/><U55/><E120/><V50/><F111/><W95/><G39/><T2/><D69/><U26/><E43/><V63/><F3/><W91/><G32/><T129/><D2/><U15/><E67/><V44/><F6/><W81/><G130/><T72/><D72/><U17/><E118/><V65/><F41/><W82/><G123/><T80/><D129/><U112/><E112/><V103/><F76/><W7/><G82/><T68/><D122/><U59/><E55/><V94/><F98/><W16/><G116/><T9/><D68/><U126/><E126/><V70/><REACH who="2" step="1"/><F19/><REACH who="2" ten="180,444,166,200" step="2"/><W51/><G7/><T30/><D96/><U5/><E17/><V131/><F131/><W121/><G121/><T46/><D42/><U60/><E105/><V108/><F108/><W101/><G78/><T92/><D106/><U75/><E104/><V38/><F38/><W4/><G4/><T62/><D114/><U125/><E125/><V52/><F52/><W115/><G115/><T57/><D30/><U85/><E75/><V8/><AGARI ba="3,1" hai="8,14,18,40,44,50,63,65,70,84,87,94,97,103" machi="8" ten="20,2700,0" yaku="1,1,0,1,7,1,53,0" doraHai="128" doraHaiUra="102" who="2" fromWho="2" sc="180,-10,444,-16,166,46,200,-10" /><INIT seed="2,0,0,3,3,119" ten="170,428,212,190" oya="2" hai0="79,57,65,33,132,70,106,0,27,110,28,56,107" hai1="86,14,128,8,74,99,18,68,67,17,31,109,64" hai2="13,81,25,78,11,113,115,130,40,16,77,133,72" hai3="90,63,55,12,19,3,93,69,102,5,60,112,2"/><V131/><F133/><W122/><G102/><T75/><D132/><U108/><E74/><V80/><F40/><W42/><G5/><T6/><D110/><N who="1" m="42603" /><E31/><V96/><F96/><W49/><G122/><T123/><D57/><U95/><E86/><V15/><F25/><W105/><G112/><T46/><D56/><U50/><E68/><V89/><F89/><W116/><G116/><T84/><D46/><U103/><E128/><N who="2" m="49195" /><F15/><W97/><G105/><T117/><D117/><U20/><E50/><V92/><F92/><W24/><G69/><T43/><D84/><AGARI ba="0,0" hai="11,13,16,72,77,78,80,81,84,113,115" m="49195" machi="84" ten="30,2900,0" yaku="19,1,54,1" doraHai="119" who="2" fromWho="0" sc="170,-29,428,0,212,29,190,0" /><INIT seed="2,1,0,4,4,72" ten="141,428,241,190" oya="2" hai0="98,120,12,90,80,96,134,62,17,106,92,61,9" hai1="22,131,121,40,125,0,46,83,113,34,38,23,99" hai2="26,55,51,84,86,3,18,128,110,37,73,130,88" hai3="112,48,117,135,25,122,97,63,74,59,13,43,35"/><V5/><F73/><W47/><G122/><T7/><D120/><U105/><E22/><V54/><F37/><W4/><G117/><T36/><D36/><U32/><E23/><N who="2" m="13687" /><F3/><W58/><G135/><T102/><D134/><U132/><E125/><V109/><F5/><W81/><G112/><T95/><D106/><U89/><E131/><N who="2" m="50219" /><F86/><W70/><G70/><T30/><D30/><U124/><E132/><V45/><F54/><W133/><G4/><T123/><D123/><U119/><E124/><V76/><F76/><W100/><G13/><N who="0" m="5311" /><D80/><AGARI ba="1,0" hai="45,51,55,80,84,88,109,110" m="50219,13687" machi="80" ten="30,2900,0" yaku="19,1,54,1" doraHai="72" who="2" fromWho="0" sc="141,-32,428,0,241,32,190,0" /><INIT seed="2,2,0,4,3,74" ten="109,428,273,190" oya="2" hai0="29,26,10,119,59,107,121,28,5,98,56,27,120" hai1="7,57,122,20,50,93,4,70,86,31,134,24,126" hai2="124,62,68,25,3,13,102,69,100,132,11,71,44" hai3="109,114,17,111,123,14,38,66,55,99,40,96,43"/><V42/><F124/><W90/><G66/><T1/><D119/><U80/><E70/><V105/><F132/><W16/><G38/><T9/><D107/><U0/><E0/><V106/><F3/><W61/><G123/><T22/><D98/><N who="3" m="37417" /><G90/><T46/><D46/><U92/><E134/><V53/><F25/><W6/><G6/><N who="1" m="2090" /><E126/><V108/><F108/><N who="3" m="41547" /><G114/><T65/><D5/><U72/><E72/><V94/><F94/><N who="1" m="36457" /><E122/><V76/><F76/><W133/><G17/><T117/><D1/><U81/><E86/><V78/><F78/><W67/><G55/><AGARI ba="2,0" hai="20,24,31,50,55,57,80,81" m="36457,2090" machi="55" ten="30,1000,0" yaku="8,1" doraHai="74" who="1" fromWho="3" sc="109,0,428,16,273,0,190,-16" /><INIT seed="3,0,0,5,5,126" ten="109,444,273,174" oya="3" hai0="124,62,123,36,93,129,76,65,88,106,116,31,4" hai1="75,26,39,105,0,22,101,100,57,24,44,29,41" hai2="96,71,37,77,86,102,92,59,9,68,91,30,21" hai3="7,135,47,98,107,122,83,53,118,49,55,80,48"/><W119/><G122/><T114/><D123/><U113/><E75/><V5/><F37/><W70/><G70/><T69/><D116/><U130/><E0/><V94/><F77/><W99/><G7/><T72/><D124/><U132/><E113/><V54/><F30/><W82/><G135/><T19/><D36/><U15/><E132/><V89/><F21/><W33/><G33/><T50/><D106/><U11/><E105/><V13/><REACH who="2" step="1"/><F102/><REACH who="2" ten="109,444,263,174" step="2"/><W51/><G107/><T18/><D31/><N who="1" m="17815" /><E101/><V108/><F108/><W73/><G73/><T25/><D114/><U16/><E100/><V81/><F81/><W109/><G109/><T67/><D76/><U14/><E39/><V127/><F127/><W87/><G119/><T58/><D72/><U64/><E29/><V52/><F52/><N who="3" m="20043" /><G118/><T78/><D78/><U110/><E41/><V66/><F66/><W45/><G87/><T111/><D67/><U84/><E64/><V63/><AGARI ba="0,1" hai="5,9,13,54,59,63,68,71,86,89,91,92,94,96" machi="63" ten="20,5200,0" yaku="1,1,0,1,7,1,53,1" doraHai="126" doraHaiUra="8" who="2" fromWho="2" sc="109,-13,444,-13,263,62,174,-26" /><INIT seed="4,0,0,2,3,28" ten="96,431,325,148" oya="0" hai0="46,29,4,60,106,9,7,16,114,37,3,49,76" hai1="5,6,98,70,117,79,10,93,1,30,22,77,27" hai2="115,44,132,87,99,125,35,123,91,113,80,130,92" hai3="118,122,73,19,48,62,14,2,8,40,21,12,89"/><T90/><D106/><U13/><E70/><V97/><F44/><W52/><G2/><T50/><D114/><N who="2" m="43530" /><F35/><W102/><G73/><T36/><D29/><U18/><E117/><V59/><F59/><W66/><G102/><T96/><D4/><U81/><E81/><V54/><F54/><W58/><G122/><T67/><D76/><U129/><E129/><V85/><F123/><W128/><G128/><T68/><D49/><U69/><E69/><V86/><F130/><W15/><G118/><T25/><D90/><U38/><E38/><V75/><F125/><W126/><G126/><T135/><D96/><N who="2" m="36938" /><F132/><W32/><G32/><T78/><D135/><U119/><E119/><V124/><F124/><W23/><G40/><T95/><D36/><U83/><E83/><V111/><F111/><W74/><G23/><T104/><D37/><U71/><E71/><V133/><F133/><W64/><G66/><T107/><D67/><U116/><E116/><V56/><F56/><W120/><G120/><T61/><D68/><U45/><E45/><V100/><F100/><W39/><G39/><T51/><D46/><U53/><E53/><V43/><F43/><W63/><G64/><T108/><D108/><U110/><E110/><V101/><F101/><W134/><G134/><T84/><D3/><U41/><E41/><V17/><F17/><W105/><G19/><T109/><D16/><U33/><E5/><V72/><F87/><W88/><G52/><T47/><D84/><U24/><E24/><V26/><F26/><W57/><G58/><T20/><D25/><U82/><E27/><RYUUKYOKU ba="0,0" sc="96,-10,431,-10,325,30,148,-10" hai2="72,75,80,85,86,91,92" /><INIT seed="5,1,0,0,5,106" ten="86,421,355,138" oya="1" hai0="113,117,3,96,92,104,49,16,120,25,43,90,85" hai1="99,95,55,100,31,41,107,50,105,63,103,134,19" hai2="46,73,108,1,0,14,114,9,122,7,34,42,127" hai3="67,118,2,28,121,24,11,32,80,23,64,135,29"/><U57/><E134/><V87/><F122/><W69/><G121/><T123/><D3/><U21/><E31/><V125/><F108/><W53/><G69/><T59/><D117/><U33/><E33/><V79/><F34/><W116/><G53/><T72/><D113/><U124/><E124/><N who="2" m="47691" /><F114/><W86/><G135/><T130/><D130/><U18/><E18/><V71/><F71/><W47/><G47/><T39/><D39/><U8/><E8/><V65/><F65/><W68/><G68/><T12/><D72/><U17/><E17/><V126/><F126/><W112/><G112/><T52/><D43/><U74/><E74/><V61/><F61/><W27/><G11/><T36/><D36/><U60/><E41/><V5/><F5/><W10/><G10/><T131/><D131/><U44/><E63/><V76/><F87/><W89/><REACH who="3" step="1"/><G2/><REACH who="3" ten="86,421,355,128" step="2"/><T56/><D123/><U83/><E44/><V101/><F1/><W70/><G70/><T51/><D120/><U62/><E55/><V110/><F0/><W78/><G78/><T38/><D52/><U81/><E57/><V84/><F79/><W58/><G58/><T129/><D56/><U77/><E77/><V82/><F76/><W48/><G48/><T30/><D51/><U132/><E50/><V128/><F46/><W4/><G4/><T37/><D59/><U26/><E132/><V91/><F7/><W98/><G98/><T93/><D96/><N who="1" m="61575" /><E60/><V20/><F9/><W13/><G13/><T133/><D12/><U15/><E62/><V97/><F14/><W40/><G40/><T45/><D38/><RYUUKYOKU ba="1,1" sc="86,-10,421,-10,355,-10,128,30" hai3="23,24,27,28,29,32,64,67,80,86,89,116,118" /><INIT seed="6,2,1,5,3,49" ten="76,411,345,158" oya="2" hai0="28,60,110,133,7,135,65,109,25,72,115,40,96" hai1="120,119,106,62,43,30,56,114,89,41,31,17,24" hai2="51,92,21,111,46,47,93,95,67,118,83,57,14" hai3="13,16,81,15,76,85,117,78,55,18,132,0,70"/><V113/><F118/><W52/><G0/><T26/><D7/><U116/><E106/><V103/><F103/><W91/><G70/><N who="0" m="42279" /><D40/><N who="1" m="15435" /><E114/><V97/><F113/><W29/><G29/><T33/><D115/><U99/><E120/><V128/><F128/><W1/><G1/><T53/><D53/><N who="3" m="20553" /><G132/><N who="0" m="50763" /><D72/><U127/><E127/><V74/><F47/><W6/><G117/><T126/><D126/><U125/><E125/><V84/><F46/><W68/><G68/><T3/><D3/><U35/><E35/><V8/><F74/><W134/><G134/><T34/><D96/><U9/><E31/><AGARI ba="2,1" hai="25,26,28,31,33,34,109,110" m="50763,42279" machi="31" ten="30,2000,0" yaku="20,1,23,1" doraHai="49" who="0" fromWho="1" sc="76,36,411,-26,345,0,158,0" /><INIT seed="7,0,0,2,2,25" ten="112,385,345,158" oya="3" hai0="81,59,83,86,36,32,16,84,20,89,127,94,66" hai1="128,9,74,22,118,71,120,103,97,99,80,8,124" hai2="117,91,101,60,46,5,111,90,85,39,121,78,19" hai3="53,33,17,0,45,14,42,65,41,104,30,10,28"/><W12/><G0/><T3/><D36/><U135/><E71/><V11/><F117/><W92/><G104/><T129/><D3/><U4/><E9/><V21/><F111/><W67/><G33/><T88/><D32/><U31/><E124/><V100/><F78/><W70/><G70/><T87/><D127/><U47/><E128/><V6/><F6/><W93/><G53/><T44/><D129/><U76/><E135/><V132/><F132/><W75/><G75/><T23/><D44/><U82/><E118/><V77/><F77/><W37/><G37/><T119/><D119/><U110/><E80/><V43/><F60/><W7/><G45/><T113/><D113/><U34/><E22/><V35/><F91/><W49/><G49/><T130/><D130/><U79/><E79/><V40/><F40/><N who="3" m="15467" /><G93/><T133/><D133/><U106/><E47/><V134/><F134/><W27/><G27/><T29/><D94/><U68/><E68/><V26/><F121/><W50/><G50/><T107/><D107/><N who="1" m="63983" /><E110/><V2/><REACH who="2" step="1"/><F35/><REACH who="2" ten="112,385,335,158" step="2"/><W55/><G55/><T24/><D89/><U126/><E126/><V38/><F38/><W63/><G63/><N who="0" m="38271" /><D81/><AGARI ba="0,1" hai="2,5,11,19,21,26,39,43,46,81,85,90,100,101" machi="81" ten="30,2000,0" yaku="1,1,7,1,53,0" doraHai="25" doraHaiUra="112" who="2" fromWho="0" sc="112,-20,385,0,335,30,158,0" owari="92,-40.8,385,48.5,365,16.5,158,-24.2" /></mjloggm>