<mjloggm ver="2.3"><GO type="41" lobby="0"/><UN n0="%E2%93%9D%4C%75%63%6B%79%4A" n1="%E3%81%BA%E3%81%93%E3%82%89%36%31%35" n2="%E3%82%B5%E3%83%AF%E3%83%B3%E3%82%B3%E3%83%95" n3="%28%29%2D%CF%89%2D%28%29" dan="17,16,15,13" rate="2135.12,2005.59,2074.30,2042.77" sx="M,M,M,M"/><TAIKYOKU oya="0"/><INIT seed="0,0,0,0,1,2" ten="250,250,250,250" oya="0" hai0="123,134,120,45,84,94,27,77,67,111,9,55,104" hai1="0,125,112,109,116,132,35,19,63,121,91,18,88" hai2="5,41,15,16,20,90,118,29,1,32,110,3,98" hai3="17,129,40,128,122,26,52,131,96,39,71,74,95"/><T119/><D119/><U126/><E35/><V24/><F118/><W30/><G74/><T47/><D104/><U46/><E116/><V51/><F110/><W11/><G71/><T102/><D67/><U72/><E109/><V61/><F61/><W58/><G122/><T54/><D111/><U57/><E72/><V107/><F90/><W13/><G40/><T62/><D134/><U14/><E0/><V50/><F41/><W130/><N who="3" m="32768" /><DORA hai="48" /><W87/><G87/><T25/><D9/><U124/><E121/><V113/><F113/><W97/><G95/><T12/><D12/><U83/><E132/><V114/><F114/><W80/><G80/><T78/><D62/><U53/><E112/><V56/><F56/><W69/><G39/><T31/><D94/><U4/><E46/><V8/><REACH who="2" step="1"/><F1/><REACH who="2" ten="250,250,240,250" step="2"/><W33/><G69/><T100/><D84/><N who="1" m="50207" /><E91/><V108/><F108/><W106/><G106/><T133/><D133/><U36/><E36/><V44/><F44/><W103/><G103/><AGARI ba="0,1" hai="3,5,8,15,16,20,24,29,32,50,51,98,103,107" machi="103" ten="40,8000,1" yaku="1,1,24,2,52,1,54,1,53,0" doraHai="2,48" doraHaiUra="86,38" who="2" fromWho="3" sc="250,0,250,0,240,90,250,-80" /><INIT seed="1,0,0,4,0,91" ten="250,250,330,170" oya="1" hai0="114,21,20,94,10,71,108,126,93,74,85,80,56" hai1="95,61,46,1,119,124,116,92,77,4,104,86,38" hai2="67,82,25,28,100,69,89,121,2,37,133,12,24" hai3="18,27,98,97,64,103,81,131,48,45,49,102,135"/><U33/><E33/><V125/><F2/><W134/><G64/><T36/><D74/><U52/><E104/><V132/><F37/><W118/><G131/><T6/><D114/><U90/><E124/><V120/><F67/><W70/><G70/><T35/><D35/><U73/><E73/><V76/><F69/><W117/><G81/><T22/><D36/><U47/><E77/><V68/><F68/><W26/><G45/><T128/><D108/><U105/><E105/><V66/><F66/><W19/><AGARI ba="0,0" hai="18,19,26,27,48,49,97,98,102,103,117,118,134,135" machi="19" ten="25,3200,0" yaku="0,1,22,2" doraHai="91" who="3" fromWho="3" sc="250,-8,250,-16,330,-8,170,32" /><INIT seed="2,0,0,4,3,106" ten="242,234,322,202" oya="2" hai0="89,130,105,25,19,29,9,103,72,5,46,73,41" hai1="79,90,77,97,22,21,132,91,3,58,45,67,76" hai2="109,35,6,60,48,13,110,34,20,128,0,17,42" hai3="24,12,114,98,127,26,69,135,80,82,39,118,87"/><V8/><F60/><W71/><G118/><T14/><D130/><U121/><E3/><V1/><F48/><W4/><G39/><T59/><D89/><U40/><E132/><V28/><F42/><W100/><G135/><T10/><D103/><U18/><E121/><V134/><F134/><W115/><G127/><T65/><D105/><U92/><E91/><V61/><F61/><W64/><G4/><T70/><D70/><U47/><E67/><V124/><F128/><W68/><G12/><T33/><D59/><U50/><E58/><V11/><F124/><W30/><G64/><T44/><D65/><U93/><E93/><V88/><F88/><W32/><G24/><T54/><D54/><U15/><E45/><V131/><F131/><W56/><G56/><T52/><D52/><U53/><REACH who="1" step="1"/><E22/><REACH who="1" ten="242,224,322,202" step="2"/><V107/><F107/><W101/><G100/><T126/><D126/><U104/><E104/><V94/><F94/><W37/><G101/><T84/><D46/><U111/><E111/><N who="2" m="42507" /><F28/><W75/><G30/><T7/><D29/><U36/><E36/><V125/><F125/><W31/><G37/><T122/><D44/><U99/><E99/><V95/><F95/><W16/><G98/><T74/><D41/><AGARI ba="0,1" hai="15,18,21,40,41,47,50,53,76,77,79,90,92,97" machi="41" ten="40,2600,0" yaku="1,1,8,1,53,0" doraHai="106" doraHaiUra="113" who="1" fromWho="0" sc="242,-26,224,36,322,0,202,0" /><INIT seed="3,0,0,2,0,122" ten="216,260,322,202" oya="3" hai0="59,33,96,93,123,1,5,87,3,133,18,9,86" hai1="19,107,30,56,58,46,16,4,22,108,38,72,45" hai2="36,82,70,76,25,81,125,6,43,50,77,127,119" hai3="51,103,63,49,92,2,95,53,94,7,44,97,37"/><W132/><G132/><T109/><D123/><U111/><E107/><V26/><F119/><W98/><G37/><T99/><D33/><U47/><E38/><V62/><F36/><W75/><G75/><T48/><D133/><U112/><E112/><V40/><F6/><W88/><G2/><T115/><D115/><U89/><E72/><V32/><F70/><W12/><G63/><T69/><D69/><U104/><E104/><V67/><F67/><W34/><G34/><T90/><D3/><U11/><E89/><V118/><F62/><W120/><G120/><T110/><D18/><U39/><E39/><V42/><F50/><W83/><G83/><N who="2" m="31753" /><F32/><W91/><G49/><T78/><D78/><N who="2" m="30314" /><F118/><W114/><G114/><T71/><D71/><U8/><E30/><V106/><F106/><W0/><G0/><T100/><D59/><N who="1" m="22571" /><E22/><V113/><F113/><W105/><REACH who="3" step="1"/><G97/><REACH who="3" ten="216,260,322,192" step="2"/><T129/><D99/><U41/><E41/><V73/><F73/><W24/><G24/><AGARI ba="0,1" hai="24,25,26,40,42,43,125,127" m="30314,31753" machi="24" ten="40,2600,0" yaku="28,2" doraHai="122" who="2" fromWho="3" sc="216,0,260,0,322,36,192,-26" /><INIT seed="4,0,0,0,2,114" ten="216,260,358,166" oya="0" hai0="39,99,34,117,119,132,41,76,50,129,91,122,32" hai1="87,18,53,131,110,46,79,56,9,70,95,69,73" hai2="85,20,24,81,71,30,128,98,125,123,33,135,28" hai3="90,68,23,94,126,115,63,133,3,27,36,62,120"/><T47/><D122/><U5/><E110/><V42/><F123/><W116/><G120/><T2/><D50/><U80/><E131/><V118/><F71/><W109/><G109/><T57/><D57/><U67/><E18/><V66/><F66/><W21/><G3/><T111/><D111/><U61/><E46/><V101/><F128/><W55/><G36/><T14/><D14/><U25/><E25/><V48/><F30/><W22/><G115/><T58/><D76/><U127/><E127/><V26/><F26/><W7/><G7/><T49/><D2/><U60/><E95/><V17/><F17/><W40/><G40/><T89/><D132/><U134/><E134/><V72/><F72/><W93/><G133/><T37/><D99/><U96/><E96/><V13/><F13/><W54/><G126/><T52/><D39/><U4/><E4/><V78/><F33/><W113/><G113/><T105/><D105/><U59/><E73/><V51/><F125/><W10/><G10/><T74/><D74/><U15/><AGARI ba="0,0" hai="5,9,15,53,56,59,60,61,67,69,70,79,80,87" machi="15" ten="20,1500,0" yaku="0,1,7,1" doraHai="114" who="1" fromWho="1" sc="216,-7,260,15,358,-4,166,-4" /><INIT seed="5,0,0,1,3,117" ten="209,275,354,162" oya="1" hai0="128,63,87,11,92,73,101,58,132,66,134,24,104" hai1="111,75,10,115,107,43,106,110,90,77,85,28,54" hai2="65,14,47,62,37,51,42,52,112,21,89,82,39" hai3="27,13,8,4,100,41,108,60,94,45,18,102,135"/><U103/><E28/><V33/><F33/><W31/><G108/><T98/><D73/><U114/><E43/><V16/><F112/><N who="1" m="43049" /><E54/><V1/><F1/><W123/><G135/><T83/><D128/><U38/><E38/><V125/><F125/><W6/><G123/><T15/><D104/><N who="1" m="39979" /><E10/><V91/><F82/><W29/><G60/><T0/><D0/><U116/><E103/><V7/><F7/><W2/><G29/><T53/><D24/><U57/><E57/><N who="2" m="32927" /><F37/><W127/><G127/><T118/><D118/><U129/><E116/><V74/><F74/><W49/><G4/><T97/><D98/><U81/><E129/><V109/><F109/><N who="1" m="41481" /><E75/><V113/><F113/><W68/><G68/><AGARI ba="0,0" hai="14,16,21,39,42,47,62,65,68,89,91" m="32927" machi="68" ten="30,3900,0" yaku="24,1,54,2" doraHai="117" who="2" fromWho="3" sc="209,0,275,0,354,39,162,-39" /><INIT seed="6,0,0,3,4,123" ten="209,275,393,123" oya="2" hai0="44,58,17,43,37,40,90,78,64,112,82,27,103" hai1="1,30,135,3,18,105,124,119,4,42,94,72,74" hai2="49,33,67,85,66,26,46,13,113,47,88,116,8" hai3="118,28,9,56,35,48,128,69,97,133,120,25,83"/><V45/><F113/><W51/><G120/><T7/><D112/><U68/><E30/><V71/><F116/><W63/><G118/><T2/><D43/><U129/><E4/><V57/><F71/><W114/><G114/><T89/><D103/><U39/><E94/><V60/><F67/><W23/><G128/><T50/><D17/><U61/><E18/><V91/><F49/><W104/><G133/><T70/><D27/><U134/><E61/><V29/><REACH who="2" step="1"/><F85/><REACH who="2" ten="209,275,383,123" step="2"/><W41/><G69/><T125/><D50/><U102/><E68/><V77/><F77/><W84/><G48/><T100/><D64/><U12/><E119/><V59/><F59/><W10/><G51/><T36/><D58/><U0/><E135/><V101/><F101/><W80/><G41/><T107/><D100/><U132/><E42/><V98/><F98/><W19/><G97/><T21/><D78/><U121/><E102/><V22/><F22/><W62/><G62/><T5/><D21/><U86/><E121/><V110/><F110/><W14/><G104/><T111/><D107/><U73/><E105/><V34/><F34/><W75/><G75/><T24/><D70/><U126/><E73/><V99/><F99/><W93/><G35/><T32/><D32/><U95/><E72/><V108/><F108/><W76/><G76/><T53/><D111/><U115/><E74/><V131/><F131/><W38/><G38/><T54/><D37/><U96/><E39/><V15/><F15/><W31/><G56/><T106/><D36/><U109/><E134/><V16/><AGARI ba="0,1" hai="8,13,16,26,29,33,45,46,47,57,60,66,88,91" machi="16" ten="30,11700,0" yaku="1,1,0,1,54,2,53,0" doraHai="123" doraHaiUra="92" who="2" fromWho="2" sc="209,-39,275,-39,383,127,123,-39" /><INIT seed="6,1,0,4,1,107" ten="170,236,510,84" oya="2" hai0="64,33,14,52,75,22,48,92,132,30,80,43,116" hai1="94,121,113,24,84,31,73,41,18,25,103,101,46" hai2="3,78,65,68,123,83,21,74,2,47,53,105,61" hai3="118,110,111,40,66,86,81,9,119,72,32,26,1"/><V115/><F123/><W39/><G66/><T0/><D0/><U28/><E113/><V37/><F115/><W127/><G86/><T90/><D33/><U106/><E106/><V17/><F105/><W69/><G69/><T104/><D132/><U70/><E73/><V82/><F82/><W87/><G87/><T11/><D43/><U54/><E70/><V10/><F10/><W77/><G127/><T120/><D104/><U76/><E54/><V63/><F63/><W50/><G50/><T133/><D116/><U8/><E121/><V59/><F68/><W131/><G131/><T58/><D133/><U79/><E18/><V71/><F71/><W57/><G57/><T19/><D120/><U6/><E76/><V12/><REACH who="2" step="1"/><F65/><REACH who="2" ten="170,236,500,84" step="2"/><W98/><G118/><T128/><D64/><U89/><E79/><V34/><F34/><W108/><G119/><T60/><D60/><U85/><E8/><V109/><F109/><W44/><G98/><T23/><D11/><U125/><E125/><V102/><F102/><W117/><G117/><T35/><D35/><U49/><E103/><V45/><F45/><W67/><G67/><T88/><D128/><U93/><E101/><V7/><F7/><W114/><G114/><T134/><D134/><U55/><E6/><V13/><F13/><W29/><G108/><T38/><D14/><U122/><E122/><V95/><F95/><W56/><G56/><T4/><D58/><U51/><E94/><V36/><F36/><W99/><G99/><T129/><D129/><U112/><E93/><V100/><F100/><W126/><G126/><RYUUKYOKU ba="1,1" sc="170,-15,236,-15,500,15,84,15" hai2="2,3,12,17,21,37,47,53,59,61,74,78,83" hai3="1,9,26,29,32,39,40,44,72,77,81,110,111" /><INIT seed="6,2,1,3,2,55" ten="155,221,515,99" oya="2" hai0="107,126,18,92,105,45,56,53,60,15,100,104,124" hai1="57,90,79,103,106,13,35,76,118,65,3,85,61" hai2="115,113,127,123,14,27,91,0,5,34,98,77,110" hai3="31,48,9,74,99,130,6,89,94,129,58,80,33"/><V16/><F123/><W109/><G109/><T69/><D69/><U29/><E3/><V117/><F77/><W128/><G33/><T97/><REACH who="0" step="1"/><D45/><REACH who="0" ten="145,221,515,99" step="2"/><U88/><E118/><V114/><F117/><W47/><G31/><T73/><D73/><U19/><E35/><V78/><F34/><W62/><G74/><T4/><D4/><U101/><E29/><V40/><F5/><W75/><G75/><T134/><D134/><U63/><E106/><V8/><F115/><W42/><G80/><T82/><D82/><U59/><E79/><V71/><F78/><W135/><G135/><T95/><D95/><U24/><E76/><V21/><F71/><W25/><G25/><T12/><D12/><U30/><E30/><V20/><F14/><W86/><G86/><T51/><D51/><U81/><E24/><V26/><F26/><W87/><G87/><T54/><D54/><N who="1" m="33975" /><E90/><V28/><F91/><W72/><G72/><T44/><D44/><U64/><E64/><V37/><F27/><W70/><G70/><T108/><D108/><U67/><E67/><V2/><F28/><W49/><G48/><T41/><D41/><U68/><E68/><V133/><F110/><W83/><G83/><T102/><D102/><U120/><E120/><V93/><F40/><W43/><G42/><T111/><D111/><U32/><E32/><V22/><F113/><W50/><G49/><T121/><D121/><U125/><E103/><N who="2" m="60879" /><F114/><W84/><G84/><T46/><D46/><U11/><E101/><V66/><F0/><N who="3" m="199" /><G62/><T112/><D112/><U39/><E39/><V116/><F37/><RYUUKYOKU ba="2,2" sc="145,10,221,10,515,-30,99,10" hai0="15,18,53,56,60,92,97,100,104,105,107,124,126" hai1="11,13,19,59,63,65,81,85,88,125" hai3="43,47,50,58,89,94,99,128,129,130" /><INIT seed="7,3,2,3,2,62" ten="155,231,485,109" oya="3" hai0="75,39,68,8,131,3,51,94,107,115,44,22,121" hai1="24,65,113,52,77,31,14,106,38,112,13,4,53" hai2="10,133,102,92,76,90,11,74,105,9,79,59,108" hai3="120,41,80,95,124,28,129,30,18,58,85,114,50"/><W55/><G120/><T125/><RYUUKYOKU type="yao9" ba="3,2" sc="155,0,231,0,485,0,109,0" hai0="3,8,22,39,44,51,68,75,94,107,115,121,125,131" /><INIT seed="7,4,2,1,5,40" ten="155,231,485,109" oya="3" hai0="124,80,29,129,118,91,108,68,12,52,5,57,20" hai1="50,65,74,72,33,113,17,10,104,22,9,58,21" hai2="66,120,30,98,44,24,100,63,89,82,84,122,75" hai3="19,61,16,92,42,116,45,123,109,27,59,102,37"/><W126/><G116/><T25/><D68/><U47/><E33/><V131/><F131/><W1/><G123/><N who="2" m="47145" /><F44/><W86/><G1/><T78/><D108/><U115/><E104/><N who="2" m="63511" /><F75/><W56/><G109/><T43/><D43/><U49/><E65/><V18/><F18/><W69/><G126/><T48/><D124/><U2/><E58/><V88/><F89/><W13/><G27/><T51/><D91/><U103/><E103/><V110/><F110/><W96/><G86/><N who="0" m="48407" /><D129/><U71/><E71/><V97/><F97/><W6/><G69/><T90/><D90/><U117/><E2/><V94/><F94/><W0/><G0/><T119/><D119/><U128/><E128/><V79/><F79/><W41/><G41/><T132/><D132/><U32/><E32/><V73/><F73/><W125/><G125/><T133/><D133/><U35/><E35/><V7/><F7/><W11/><REACH who="3" step="1"/><G56/><REACH who="3" ten="155,231,485,99" step="2"/><T39/><D118/><U134/><E117/><V62/><F24/><W4/><G4/><T83/><D5/><U3/><E3/><V31/><F84/><W28/><G28/><T15/><D29/><U36/><E134/><V121/><F30/><W95/><G95/><T130/><D130/><U93/><E93/><V135/><F31/><W87/><G87/><T8/><D25/><U85/><E85/><V112/><F135/><W77/><G77/><T99/><D57/><U81/><E74/><V34/><F121/><W38/><G38/><T106/><D39/><U127/><E36/><V14/><F34/><W67/><AGARI ba="4,3" hai="6,11,13,16,19,37,42,45,59,61,67,92,96,102" machi="67" ten="20,18000,2" yaku="1,1,0,1,7,1,52,1,54,1,53,1" doraHai="40" doraHaiUra="70" who="3" fromWho="3" sc="155,-64,231,-64,485,-64,99,222" /><INIT seed="7,5,0,4,1,78" ten="91,167,421,321" oya="3" hai0="122,118,50,66,26,62,93,113,27,132,3,45,18" hai1="115,81,73,129,124,95,125,130,75,107,110,22,12" hai2="36,14,71,116,97,76,96,94,64,99,40,56,51" hai3="106,103,80,53,104,20,10,82,100,61,84,48,117"/><W86/><G117/><T121/><D3/><U19/><E107/><V55/><F116/><W98/><G61/><T13/><D118/><U52/><E110/><V4/><F76/><W57/><G10/><T65/><D132/><U33/><E115/><V31/><F31/><W24/><G104/><T25/><D113/><U2/><E33/><V63/><F14/><W134/><G134/><T92/><D122/><U91/><E2/><V89/><F4/><W77/><G98/><T70/><D121/><U7/><E7/><V39/><F39/><W0/><G106/><T85/><D66/><U90/><E52/><V67/><F67/><W114/><G0/><T43/><REACH who="0" step="1"/><D85/><REACH who="0" ten="81,167,421,321" step="2"/><N who="1" m="50479" /><E75/><V17/><F17/><N who="3" m="12303" /><G114/><T59/><D59/><U112/><E73/><V102/><F102/><W32/><G32/><T72/><D72/><U87/><E112/><V34/><F34/><W58/><G57/><T74/><D74/><U54/><E54/><V15/><F15/><W126/><G126/><AGARI ba="5,1" hai="12,19,22,87,91,95,124,125,126,129,130" m="50479" machi="126" ten="30,2000,0" yaku="18,1,52,1" doraHai="78" who="1" fromWho="3" sc="81,0,167,45,421,0,321,-35" owari="81,-41.9,212,-18.8,421,52.1,286,8.6" /></mjloggm>