<mjloggm ver="2.3"><GO type="41" lobby="0"/><UN n0="%43%68%61%69%72%4A%75%6E" n1="%E2%93%9D%4C%75%63%6B%79%4A" n2="%46%6C%79" n3="%68%32%73%73%73%73" dan="14,17,13,14" rate="1925.20,2132.68,2005.26,1915.61" sx="M,M,M,M"/><TAIKYOKU oya="0"/><INIT seed="0,0,0,4,4,80" ten="250,250,250,250" oya="0" hai0="96,36,8,10,112,6,29,107,94,35,104,103,125" hai1="60,79,46,5,92,57,9,2,86,134,0,90,32" hai2="133,45,47,78,106,64,108,128,61,40,55,31,22" hai3="113,56,93,25,26,23,34,48,84,30,95,81,1"/><T37/><D112/><U117/><E117/><V17/><F106/><W58/><G1/><T102/><D125/><U66/><E134/><V67/><F108/><W88/><G113/><T105/><D10/><U82/><E32/><V73/><F128/><W91/><G48/><T11/><D11/><U83/><E46/><V74/><F31/><W13/><G81/><T97/><D94/><U120/><E120/><V98/><F98/><W115/><G13/><T101/><D101/><U123/><E123/><V68/><F78/><W100/><G115/><T109/><D107/><U49/><E49/><V129/><F67/><W75/><G75/><T14/><D109/><U131/><E131/><V42/><F55/><W77/><G77/><T50/><D50/><U33/><E33/><V72/><F133/><W21/><G100/><T54/><D54/><U53/><E83/><V122/><F122/><W52/><G52/><T20/><D20/><U126/><E126/><V121/><F129/><W124/><G124/><T135/><D135/><U16/><E53/><V114/><F114/><W12/><G12/><T24/><AGARI ba="0,0" hai="6,8,14,24,29,35,36,37,96,97,102,103,104,105" machi="24" ten="30,3000,0" yaku="0,1,9,1" doraHai="80" who="0" fromWho="0" sc="250,30,250,-10,250,-10,250,-10" /><INIT seed="0,1,0,3,4,74" ten="280,240,240,240" oya="0" hai0="29,73,45,31,15,2,69,90,135,112,79,84,63" hai1="88,103,43,99,109,33,121,119,71,111,87,132,32" hai2="42,19,48,21,105,27,115,14,49,1,20,86,130" hai3="5,110,0,77,9,76,134,58,97,54,57,114,62"/><T106/><D112/><U37/><E71/><V60/><F1/><W83/><G110/><N who="1" m="41994" /><E121/><V11/><F130/><W93/><G114/><T85/><D135/><U16/><E119/><V67/><F105/><W96/><G134/><T6/><D106/><N who="1" m="63871" /><E132/><V38/><F115/><W75/><G77/><T113/><D113/><U12/><E43/><V36/><F20/><W66/><REACH who="3" step="1"/><G93/><REACH who="3" ten="280,240,240,230" step="2"/><T102/><D79/><U124/><E124/><V51/><F42/><W70/><G70/><T34/><D69/><U41/><E41/><V118/><F118/><W126/><G126/><T94/><D94/><N who="1" m="54559" /><E37/><V50/><F36/><W125/><G125/><T78/><D45/><U40/><E40/><V28/><F38/><W56/><G56/><T55/><D55/><U117/><E117/><V39/><F39/><W127/><G127/><T92/><D92/><U4/><E4/><V24/><F67/><W101/><G101/><T131/><D102/><U98/><E98/><V7/><F7/><W129/><G129/><T17/><D6/><U133/><E133/><V108/><F108/><W59/><G59/><T65/><D131/><U64/><E64/><V123/><F123/><W120/><G120/><T30/><D65/><U47/><E47/><V52/><F52/><W10/><G10/><AGARI ba="1,1" hai="10,12,16,32,33" m="54559,63871,41994" machi="10" ten="30,3900,0" yaku="14,1,54,2" doraHai="74" who="1" fromWho="3" sc="280,0,240,52,240,0,230,-42" /><INIT seed="1,0,0,4,1,2" ten="280,292,240,188" oya="1" hai0="79,115,72,92,1,75,51,0,86,30,24,74,41" hai1="20,71,102,23,31,5,91,107,26,131,29,83,89" hai2="69,98,97,122,39,58,85,48,12,133,76,80,129" hai3="22,33,60,88,13,120,25,134,70,53,65,6,68"/><U100/><E71/><V84/><F39/><W64/><G120/><T106/><D106/><U82/><E107/><V81/><F133/><W128/><G134/><T110/><D115/><U16/><E131/><V14/><F129/><W45/><G128/><T132/><D132/><U37/><E37/><V135/><F69/><W27/><G33/><T4/><D110/><U105/><E105/><V56/><F135/><W19/><G88/><T101/><D41/><U42/><E42/><V46/><F122/><W94/><G94/><T73/><D51/><U112/><E112/><V116/><F116/><W54/><G45/><T109/><D109/><U124/><E26/><V61/><F61/><W87/><G87/><T40/><D40/><U126/><REACH who="1" step="1"/><E16/><REACH who="1" ten="280,282,240,188" step="2"/><V15/><F56/><W113/><G113/><T96/><D24/><U59/><E59/><V63/><F58/><W49/><G27/><T3/><D30/><U10/><E10/><V62/><F62/><W9/><G49/><T28/><D28/><U66/><E66/><V119/><F63/><AGARI ba="0,1" hai="6,9,13,19,22,25,53,54,60,63,64,65,68,70" machi="63" ten="40,2600,0" yaku="9,1,52,1" doraHai="2" who="3" fromWho="2" sc="280,0,282,0,240,-26,188,36" /><INIT seed="2,0,0,3,5,2" ten="280,282,214,224" oya="2" hai0="61,76,15,58,126,7,119,111,74,120,109,22,88" hai1="127,54,18,59,131,14,53,9,25,35,23,95,99" hai2="0,107,51,79,103,50,135,87,42,36,24,75,47" hai3="52,105,20,11,21,94,38,5,55,89,114,33,39"/><V92/><F135/><W102/><G114/><T16/><D120/><U46/><E131/><V124/><F124/><W101/><G33/><T45/><D126/><U19/><E127/><V134/><F134/><W86/><G105/><T63/><D119/><U108/><E108/><N who="0" m="41545" /><D45/><U13/><E35/><V6/><F107/><W133/><G133/><T113/><D113/><U29/><E46/><V77/><F77/><W41/><G41/><T17/><D58/><U65/><E65/><V90/><F24/><W118/><G118/><T115/><D17/><U98/><E99/><V49/><F103/><N who="3" m="39435" /><G39/><T117/><D117/><U80/><E80/><V40/><F40/><W116/><G116/><T128/><D128/><U112/><E112/><V28/><F28/><W83/><G38/><T122/><D122/><U82/><E82/><V32/><F32/><W27/><G83/><N who="0" m="45463" /><D115/><U68/><E68/><V70/><F70/><W123/><G123/><T100/><D100/><U78/><E78/><V73/><REACH who="2" step="1"/><F79/><REACH who="2" ten="280,282,204,224" step="2"/><W104/><G104/><T48/><D88/><U1/><E29/><V62/><F62/><W110/><G110/><T57/><D63/><U30/><E30/><V34/><F34/><W121/><G121/><T71/><D71/><U69/><E69/><V64/><F64/><W66/><G66/><T44/><D61/><U129/><E129/><V132/><F132/><W81/><G27/><T85/><D85/><U10/><E25/><V72/><F72/><W97/><G21/><T37/><D22/><U56/><E23/><V91/><F91/><N who="3" m="55519" /><G20/><T12/><D37/><U96/><E95/><RYUUKYOKU ba="0,1" sc="280,-30,282,10,204,10,224,10" hai1="1,9,10,13,14,18,19,53,54,56,59,96,98" hai2="0,6,36,42,47,49,50,51,73,75,87,90,92" hai3="5,11,52,55,81,86,89" /><INIT seed="2,1,1,0,0,56" ten="250,292,214,234" oya="2" hai0="33,77,11,48,106,51,12,31,43,84,114,65,125" hai1="129,52,39,20,58,17,28,32,61,7,66,132,134" hai2="92,35,74,117,102,79,70,34,123,21,108,103,107" hai3="131,42,73,104,50,126,29,78,96,24,130,57,37"/><V86/><F123/><W63/><G126/><T99/><D114/><U9/><E39/><V18/><F117/><W71/><G37/><T53/><D125/><U59/><E28/><V54/><F107/><W112/><G112/><T82/><D65/><U25/><E32/><V47/><F70/><W60/><G71/><T23/><D33/><U62/><REACH who="1" step="1"/><E129/><REACH who="1" ten="250,282,214,234" step="2"/><V94/><F35/><W122/><G130/><T75/><D31/><U124/><E124/><V8/><F34/><W19/><G131/><T118/><D118/><U45/><E45/><V16/><F47/><W127/><G127/><T68/><D43/><U6/><E6/><V88/><F18/><W116/><G116/><T76/><D23/><U3/><AGARI ba="1,2" hai="3,7,9,17,20,25,52,58,59,61,62,66,132,134" machi="3" ten="30,8000,1" yaku="1,1,0,1,52,2,54,1,53,0" doraHai="56" doraHaiUra="95" who="1" fromWho="1" sc="250,-21,282,103,214,-41,234,-21" /><INIT seed="3,0,0,2,4,33" ten="229,385,173,213" oya="3" hai0="96,134,6,31,107,87,125,84,57,5,43,135,108" hai1="128,63,28,79,50,47,85,122,25,9,51,95,71" hai2="64,17,14,76,106,38,55,60,132,7,59,30,119" hai3="82,120,100,52,104,130,54,75,61,40,21,2,67"/><W118/><G120/><T112/><D112/><U73/><E122/><V80/><F132/><N who="0" m="50730" /><D43/><U111/><E73/><V105/><F38/><W15/><G118/><T91/><D125/><U36/><E128/><V29/><F7/><N who="0" m="2570" /><D108/><U12/><E71/><V45/><F119/><W131/><G40/><T20/><D57/><U39/><E63/><V129/><F129/><W86/><G75/><T37/><D37/><U16/><E111/><V65/><F106/><W18/><G130/><T32/><D32/><U8/><E9/><V102/><F65/><W66/><G66/><T92/><D107/><U109/><E51/><V34/><F34/><W98/><G131/><T46/><D46/><U24/><E109/><V58/><F45/><W0/><G54/><T49/><D49/><U117/><E117/><V133/><F133/><W56/><REACH who="3" step="1"/><G67/><REACH who="3" ten="229,385,173,203" step="2"/><T94/><D94/><U93/><E95/><V22/><F105/><W101/><G101/><T126/><D126/><U48/><E39/><V90/><F102/><W70/><G70/><T44/><D44/><U69/><E47/><V68/><F68/><W83/><G83/><T115/><D115/><U110/><E69/><V13/><F64/><W10/><G10/><T74/><D74/><U1/><E8/><V88/><F55/><W127/><G127/><T99/><D99/><U27/><E36/><V113/><F113/><W116/><G116/><T53/><D53/><U81/><E110/><V19/><F60/><W4/><G4/><T97/><D97/><U123/><E123/><V78/><F80/><W42/><G42/><T26/><AGARI ba="0,1" hai="20,26,31,84,87,91,92,96" m="2570,50730" machi="26" ten="30,2000,0" yaku="5,1,20,1" doraHai="33" who="0" fromWho="0" sc="229,30,385,-5,173,-5,203,-10" /><INIT seed="4,0,0,5,3,72" ten="259,380,168,193" oya="0" hai0="73,101,123,53,120,2,111,121,113,36,9,52,131" hai1="33,25,74,84,110,32,105,108,119,117,40,103,81" hai2="82,134,86,132,75,80,66,13,114,96,87,97,7" hai3="98,11,21,112,65,107,78,92,122,88,133,50,95"/><T63/><D73/><U39/><E25/><V42/><F66/><W69/><G112/><T79/><D113/><U35/><E84/><N who="2" m="32299" /><F42/><W26/><G133/><N who="2" m="51305" /><F114/><W24/><G122/><T67/><D111/><U104/><E103/><V135/><F7/><W3/><G50/><T5/><D101/><U37/><E81/><N who="2" m="31339" /><F13/><W31/><G26/><T62/><D36/><N who="1" m="13899" /><E74/><V89/><N who="2" m="51313" /><V94/><DORA hai="59" /><F75/><W128/><G128/><T43/><D131/><U102/><E102/><V41/><F41/><W22/><G107/><N who="1" m="41034" /><E40/><V27/><F27/><W47/><G22/><T8/><D43/><U124/><E124/><V10/><F10/><W70/><G47/><T100/><D9/><U51/><E51/><V57/><F57/><W90/><G65/><T20/><D67/><U99/><E99/><AGARI ba="0,0" hai="89,94,96,97,99" m="31339,51313,32299" machi="99" ten="50,6400,0" yaku="20,1,34,2" doraHai="72,59" who="2" fromWho="1" sc="259,0,380,-64,168,64,193,0" /><INIT seed="5,0,0,3,2,114" ten="259,316,232,193" oya="1" hai0="87,8,14,4,78,104,21,90,58,108,95,125,15" hai1="42,96,17,110,28,33,79,7,2,40,88,65,9" hai2="101,43,94,52,61,92,45,11,126,97,66,82,89" hai3="70,25,68,55,100,54,67,47,36,48,130,93,117"/><U80/><E110/><V63/><F126/><W20/><G130/><T112/><D125/><U19/><E65/><V31/><F66/><W32/><G32/><T1/><D104/><U3/><E3/><V98/><F82/><W64/><G100/><T18/><D108/><U81/><E28/><V118/><F118/><W69/><G93/><T127/><D127/><U106/><E33/><V85/><F31/><W59/><G20/><T10/><D112/><U115/><E115/><V38/><F11/><W5/><G5/><T111/><D58/><U135/><E135/><V119/><F119/><W23/><G23/><T73/><D111/><U22/><E19/><V122/><F122/><W34/><G34/><T56/><D56/><U103/><E81/><V107/><REACH who="2" step="1"/><F52/><REACH who="2" ten="259,316,222,193" step="2"/><N who="3" m="32135" /><G117/><T132/><D132/><U133/><E133/><V57/><F57/><W86/><G25/><T13/><D10/><U72/><E9/><V49/><F49/><W120/><G120/><T37/><D37/><U123/><E123/><V44/><F44/><W105/><G105/><T84/><D73/><U76/><E72/><V46/><F46/><W128/><G128/><T121/><D121/><U74/><E74/><V131/><F131/><W62/><G86/><T30/><D30/><U134/><E134/><V51/><F51/><N who="3" m="29055" /><G36/><T26/><D84/><U124/><E124/><V12/><F12/><W109/><G109/><T50/><D14/><N who="1" m="9527" /><E2/><V113/><F113/><W6/><G6/><T60/><D1/><U35/><E7/><V24/><F24/><W53/><G53/><T29/><D4/><U16/><E16/><RYUUKYOKU ba="0,1" sc="259,-15,316,-15,222,15,193,15" hai2="38,43,45,61,63,85,89,92,94,97,98,101,107" hai3="55,62,64,67,68,69,70" /><INIT seed="6,1,1,2,4,76" ten="244,301,237,208" oya="2" hai0="32,56,34,49,28,40,123,109,53,12,94,9,129" hai1="127,14,27,92,97,78,89,29,83,132,84,118,86" hai2="111,98,43,66,108,44,21,122,128,62,124,26,71" hai3="74,125,4,90,6,36,135,10,5,60,42,13,93"/><V81/><F122/><W3/><G125/><T100/><D123/><U63/><E127/><V64/><F124/><W72/><G135/><T37/><D109/><U57/><E132/><V7/><F128/><W22/><G60/><T106/><D129/><U55/><E14/><V68/><F7/><W18/><G36/><T91/><D28/><U131/><E131/><V85/><F98/><W134/><G134/><T130/><D130/><U20/><REACH who="1" step="1"/><E118/><REACH who="1" ten="244,291,237,208" step="2"/><V51/><F66/><W16/><G3/><T103/><D12/><U112/><E112/><V114/><F114/><W46/><G42/><T48/><D40/><U80/><E80/><V65/><F65/><W113/><G113/><T17/><D53/><U39/><E39/><V69/><F108/><W11/><G46/><T101/><D37/><U79/><E79/><V115/><F115/><W95/><G90/><T19/><D91/><U70/><E70/><V0/><F0/><W133/><G133/><T102/><D101/><U23/><E23/><V82/><F111/><W54/><G22/><T126/><D102/><U59/><E59/><V58/><REACH who="2" step="1"/><F85/><AGARI ba="1,2" hai="20,27,29,55,57,63,78,83,84,85,86,89,92,97" machi="85" ten="30,7700,0" yaku="1,1,7,1,8,1,52,1,53,0" doraHai="76" doraHaiUra="117" who="1" fromWho="2" sc="244,0,291,100,237,-80,208,0" /><INIT seed="7,0,0,5,5,34" ten="244,391,157,208" oya="3" hai0="121,71,108,64,84,85,19,50,117,98,69,45,46" hai1="1,114,105,129,14,12,2,60,135,20,66,35,120" hai2="80,26,0,73,52,21,95,92,16,55,74,72,36" hai3="111,13,23,86,125,29,88,110,82,134,38,30,7"/><W41/><G134/><T56/><D117/><U96/><E14/><V102/><F36/><W99/><G125/><T9/><D121/><U15/><E15/><V63/><F80/><W47/><G99/><T97/><D9/><U4/><E20/><V59/><F0/><W42/><G42/><T6/><D19/><U3/><E129/><V31/><F102/><W132/><G132/><T18/><D18/><U22/><E22/><V11/><F11/><W101/><G101/><T62/><D6/><U109/><E114/><V61/><F31/><W119/><G119/><T28/><D28/><U122/><E35/><V78/><F78/><W32/><G32/><T17/><D17/><U89/><E89/><V24/><F26/><W57/><G57/><AGARI ba="0,0" hai="16,21,24,52,55,57,59,61,63,72,73,74,92,95" machi="57" ten="40,5200,0" yaku="9,1,54,2" doraHai="34" who="2" fromWho="3" sc="244,0,391,0,157,52,208,-52" owari="244,4.4,391,49.1,209,-19.1,156,-34.4" /></mjloggm>