<mjloggm ver="2.3"><GO type="41" lobby="0"/><UN n0="%E3%83%9E%E3%83%9E%E3%83%AC%E3%83%BC%E3%83%89%E7%94%B7" n1="%54%61%6D%61%78" n2="%E2%93%9D%4C%75%63%6B%79%4A" n3="%77%61%6E%63%68%69" dan="14,13,18,13" rate="1914.71,1832.19,2168.26,1819.55" sx="M,M,M,M"/><TAIKYOKU oya="0"/><INIT seed="0,0,0,1,5,86" ten="250,250,250,250" oya="0" hai0="63,120,102,121,38,6,50,100,36,110,128,40,132" hai1="10,31,92,26,30,32,33,25,134,9,0,80,84" hai2="58,101,131,12,56,23,46,19,44,75,115,55,76" hai3="125,109,96,79,51,18,133,59,13,123,99,126,4"/><T130/><D6/><N who="1" m="1223" /><E92/><V3/><F115/><W118/><G118/><T119/><D119/><U70/><E70/><V91/><F131/><N who="0" m="50218" /><D63/><U53/><E53/><V34/><F34/><N who="1" m="13417" /><E84/><V83/><F3/><W22/><G123/><N who="0" m="47179" /><D50/><U68/><E80/><V41/><F101/><N who="0" m="39018" /><D40/><U112/><E68/><V78/><F78/><W94/><G79/><T20/><D20/><U42/><E42/><V16/><F58/><W64/><G51/><T117/><D117/><U122/><E112/><V37/><F46/><W107/><G59/><T93/><D93/><U89/><E89/><V1/><F1/><W27/><G94/><T7/><D7/><U77/><E77/><V135/><F91/><W114/><G4/><T21/><D21/><U15/><E122/><V81/><F83/><W124/><G22/><T5/><D5/><N who="1" m="3535" /><E134/><V54/><F135/><W49/><G133/><T45/><D132/><U14/><E14/><V104/><F55/><W11/><G13/><T73/><D45/><U28/><AGARI ba="0,0" hai="25,26,28,30,31" m="3535,13417,1223" machi="28" ten="30,8000,1" yaku="35,5" doraHai="86" who="1" fromWho="1" sc="250,-40,250,80,250,-20,250,-20" /><INIT seed="1,0,0,3,5,70" ten="210,330,230,230" oya="1" hai0="63,117,66,48,21,112,17,75,87,3,34,88,134" hai1="31,44,60,42,99,132,125,94,86,93,89,72,27" hai2="97,113,52,50,128,47,111,19,49,2,24,129,135" hai3="35,56,43,76,22,105,62,121,73,80,116,110,12"/><U108/><E125/><V4/><F2/><W130/><G35/><T98/><D112/><U92/><E132/><V90/><F4/><W55/><G130/><N who="2" m="50281" /><F113/><W30/><G116/><T82/><D117/><U84/><E72/><V11/><F50/><W15/><G121/><T65/><D134/><U101/><E108/><V8/><F135/><W41/><G110/><T5/><D34/><U122/><E60/><V74/><F74/><W1/><G1/><T100/><D75/><U33/><E122/><V103/><F90/><W67/><G105/><T95/><D48/><U51/><REACH who="1" step="1"/><E84/><REACH who="1" ten="210,320,230,230" step="2"/><V77/><F111/><W37/><G73/><T71/><D66/><U9/><E9/><V45/><F11/><W123/><G67/><T6/><REACH who="0" step="1"/><D3/><REACH who="0" ten="200,320,230,230" step="2"/><U32/><E32/><V29/><F8/><W107/><G123/><T14/><AGARI ba="0,2" hai="5,6,14,17,21,63,65,71,82,87,88,95,98,100" machi="14" ten="20,8000,1" yaku="1,1,2,1,0,1,7,1,54,1,53,0" doraHai="70" doraHaiUra="7" who="0" fromWho="0" sc="200,100,320,-40,230,-20,230,-20" /><INIT seed="2,0,0,4,2,64" ten="300,280,210,210" oya="2" hai0="0,4,122,121,55,73,100,24,128,106,78,60,86" hai1="38,68,43,52,61,51,126,16,69,95,132,112,1" hai2="74,8,94,116,134,92,111,62,88,67,44,93,36" hai3="107,7,123,75,127,87,9,70,32,81,49,57,26"/><V98/><F116/><W20/><G123/><T129/><D0/><U23/><E112/><V12/><F74/><W109/><G75/><T66/><D4/><U83/><E1/><V41/><F134/><W63/><G127/><T6/><D6/><U48/><E132/><V135/><F135/><W34/><G107/><T35/><D55/><U37/><E126/><V54/><F54/><W10/><G10/><T90/><D78/><U19/><E83/><V27/><F27/><W15/><G109/><T125/><D73/><U79/><E79/><V50/><F36/><W13/><G13/><T42/><D42/><U104/><E104/><V102/><F102/><W130/><G130/><N who="0" m="50283" /><D125/><U39/><E95/><V58/><REACH who="2" step="1"/><F111/><REACH who="2" ten="300,280,200,210" step="2"/><W65/><G26/><T28/><D100/><U80/><E80/><V118/><F118/><W97/><G81/><N who="0" m="49487" /><D106/><U56/><E43/><V59/><F59/><AGARI ba="0,1" hai="24,28,35,59,60,66,121,122" m="49487,50283" machi="59" ten="30,1000,0" yaku="19,1" doraHai="64" who="0" fromWho="2" sc="300,20,280,0,200,-10,210,0" /><INIT seed="3,0,0,4,4,24" ten="320,280,190,210" oya="3" hai0="103,78,111,75,65,129,88,53,104,134,3,31,124" hai1="16,8,47,127,110,116,71,85,19,62,106,22,58" hai2="94,123,6,96,5,59,130,55,34,84,43,29,28" hai3="81,9,52,35,67,44,87,121,20,42,101,115,56"/><W117/><G35/><T99/><D3/><U7/><E106/><V93/><F34/><W57/><BYE who="1" /><G121/><T122/><D65/><UN n1="%54%61%6D%61%78" /><U108/><E116/><V15/><F43/><W82/><G115/><T18/><D18/><U10/><E71/><V128/><F84/><W91/><G117/><T48/><D78/><U105/><E105/><V90/><F94/><W80/><G9/><T120/><D75/><U63/><E85/><V83/><F83/><W50/><G101/><T37/><D88/><U89/><E89/><V113/><F113/><W36/><REACH who="3" step="1"/><G20/><REACH who="3" ten="320,280,190,200" step="2"/><T61/><D103/><U131/><E22/><V119/><F123/><W41/><G41/><T118/><D118/><U64/><E10/><N who="2" m="4567" /><F119/><W46/><G46/><T26/><D120/><U76/><E47/><V25/><F5/><W39/><G39/><T23/><D37/><U92/><E7/><V11/><F11/><W79/><G79/><T107/><D23/><U54/><E8/><V95/><F130/><W4/><G4/><T17/><D129/><U100/><E76/><V21/><F128/><W72/><G72/><T97/><D122/><U66/><E131/><V32/><F32/><W2/><G2/><T13/><D104/><U112/><E112/><V60/><F95/><W126/><G126/><T135/><D124/><U40/><E127/><V125/><F125/><W70/><G70/><T114/><D107/><U74/><E40/><V98/><F98/><W73/><G73/><T68/><D97/><N who="1" m="59431" /><E74/><V0/><F0/><W38/><G38/><T132/><D114/><U133/><E58/><V49/><F29/><RYUUKYOKU ba="0,1" sc="320,-15,280,-15,190,15,200,15" hai2="21,25,28,49,55,59,60,90,93,96" hai3="36,42,44,50,52,56,57,67,80,81,82,87,91" /><INIT seed="3,1,1,4,2,1" ten="305,265,205,215" oya="3" hai0="88,94,17,21,78,103,62,111,105,23,43,40,129" hai1="112,26,77,114,120,124,30,64,3,89,31,49,42" hai2="116,44,125,119,13,115,87,121,20,16,57,123,75" hai3="18,73,19,54,86,12,45,134,39,65,84,29,63"/><W4/><G73/><T104/><D78/><U53/><E120/><N who="2" m="46155" /><F75/><W47/><G134/><T2/><D2/><U68/><E3/><V9/><F57/><W8/><G47/><T100/><D111/><U83/><E42/><V56/><F56/><W113/><G113/><T58/><D129/><U38/><E124/><V48/><F87/><W79/><G29/><T46/><D23/><U36/><E89/><V109/><F115/><W108/><G108/><T76/><D104/><U106/><E106/><V91/><F91/><W41/><G54/><T93/><D93/><U127/><E127/><V117/><F125/><W25/><G86/><T126/><D76/><U37/><E64/><V28/><F109/><W122/><G25/><T132/><D105/><U69/><E26/><N who="2" m="16455" /><F48/><W6/><G19/><T118/><D46/><AGARI ba="1,1" hai="9,13,16,44,46,116,117,119" m="16455,46155" machi="46" ten="40,2600,0" yaku="13,1,54,1" doraHai="1" who="2" fromWho="0" sc="305,-29,265,0,205,39,215,0" /><INIT seed="4,0,0,3,1,72" ten="276,265,244,215" oya="0" hai0="70,31,3,93,14,32,116,40,6,73,114,66,85" hai1="124,122,16,51,13,42,68,80,113,125,90,98,19" hai2="55,79,133,44,64,49,108,92,2,77,52,100,60" hai3="7,5,121,4,112,46,62,28,38,88,17,117,107"/><T118/><D73/><U71/><E122/><V130/><F108/><W41/><G117/><T56/><D70/><N who="1" m="26667" /><E42/><V37/><F2/><W57/><G107/><T105/><D105/><U126/><E51/><V22/><F37/><W69/><G69/><T36/><D3/><U81/><E113/><V18/><F130/><W25/><G112/><T83/><D32/><U27/><E27/><N who="2" m="14807" /><F133/><W128/><G17/><N who="1" m="6730" /><E13/><V89/><F100/><W30/><G128/><T74/><D40/><U23/><E23/><V103/><F103/><W26/><G121/><T20/><D14/><U86/><E98/><N who="2" m="57615" /><F64/><W21/><G88/><T132/><D20/><U15/><E15/><V12/><F12/><W0/><G0/><T99/><D66/><U120/><E120/><V34/><F34/><W78/><G4/><T109/><D99/><U127/><E127/><V47/><F47/><W82/><G26/><T29/><D36/><U11/><E11/><V106/><F106/><W43/><G30/><T8/><D31/><U119/><E119/><V65/><F65/><W39/><G43/><T63/><D29/><U115/><E115/><V76/><F60/><W33/><G33/><T75/><D114/><U35/><E35/><V24/><F24/><W9/><G38/><T97/><D8/><U61/><E61/><V131/><F131/><W84/><REACH who="3" step="1"/><G9/><REACH who="3" ten="276,265,244,205" step="2"/><T123/><D6/><U96/><E126/><V1/><F1/><W104/><G104/><T111/><D116/><U50/><E125/><V135/><F135/><W94/><G94/><T110/><D118/><U129/><E124/><V58/><F55/><AGARI ba="0,1" hai="5,7,21,25,28,39,41,46,55,57,62,78,82,84" machi="55" ten="30,7700,0" yaku="1,1,6,1,7,1,52,1,53,0" doraHai="72" doraHaiUra="134" who="3" fromWho="2" sc="276,0,265,0,244,-77,205,87" /><INIT seed="5,0,0,2,0,70" ten="276,265,167,292" oya="1" hai0="122,43,126,65,13,115,114,30,2,82,133,42,100" hai1="132,48,111,95,49,32,123,78,50,8,24,3,16" hai2="108,134,105,102,93,101,92,90,15,62,53,9,97" hai3="44,113,83,37,96,86,51,128,75,130,20,52,40"/><U22/><E123/><V6/><F108/><W18/><G75/><T60/><D2/><U104/><E104/><V121/><F121/><W71/><G71/><T14/><D122/><U58/><E111/><V45/><F134/><W125/><G113/><T57/><D126/><U59/><E132/><V47/><F105/><W94/><G125/><T84/><D100/><U54/><E78/><V118/><F118/><W0/><G0/><T12/><D30/><U28/><E95/><V112/><F112/><N who="0" m="43050" /><D133/><U5/><REACH who="1" step="1"/><E59/><REACH who="1" ten="276,255,167,292" step="2"/><N who="2" m="35183" /><F102/><W72/><G130/><T80/><D80/><U74/><E74/><V88/><F101/><W63/><G128/><T66/><D66/><U73/><E73/><V79/><F79/><AGARI ba="0,1" hai="12,13,14,42,43,57,60,65,79,82,84" m="43050" machi="79" ten="30,1000,0" yaku="15,1" doraHai="70" who="0" fromWho="2" sc="276,20,255,0,167,-10,292,0" /><INIT seed="6,0,0,3,1,118" ten="296,255,157,292" oya="2" hai0="82,27,88,70,132,74,5,103,58,30,55,28,93" hai1="24,13,33,42,122,81,45,130,129,126,85,17,117" hai2="8,6,68,110,51,101,14,111,66,67,36,31,1" hai3="21,59,127,12,46,128,69,60,77,7,0,72,34"/><V109/><F36/><W106/><G127/><T135/><D70/><U133/><E117/><V75/><F75/><W121/><G121/><T2/><D2/><U19/><E126/><V112/><F112/><W32/><G128/><T41/><D5/><U39/><E133/><V56/><F68/><W134/><G134/><T4/><D4/><U52/><E33/><V44/><F101/><W15/><G15/><T115/><D115/><U54/><E24/><V35/><F56/><W105/><G69/><T120/><D41/><U116/><E116/><V20/><F35/><W90/><G106/><T87/><D30/><U78/><E19/><N who="2" m="10359" /><F31/><W9/><G105/><T22/><D120/><U63/><E122/><V50/><F51/><W98/><G46/><T80/><D80/><U3/><E3/><V43/><AGARI ba="0,0" hai="1,6,8,43,44,50,66,67,109,110,111" m="10359" machi="43" ten="30,1500,0" yaku="10,1" doraHai="118" who="2" fromWho="2" sc="296,-5,255,-5,157,15,292,-5" /><INIT seed="6,1,0,4,2,82" ten="291,250,172,287" oya="2" hai0="47,106,21,23,77,110,46,75,102,124,60,119,111" hai1="15,48,85,20,34,18,135,86,27,113,53,117,5" hai2="129,61,19,131,127,123,25,74,58,9,44,94,40" hai3="14,93,84,11,59,96,1,51,133,101,32,37,109"/><V122/><F74/><W2/><G37/><T114/><D75/><U36/><E36/><N who="2" m="21511" /><F9/><W0/><G32/><T112/><D60/><U90/><E117/><V108/><F19/><W12/><G109/><T39/><D39/><U68/><E113/><V80/><F94/><W70/><G70/><T4/><D77/><U24/><E135/><V56/><F25/><N who="1" m="9801" /><E68/><V66/><F80/><W126/><G133/><T6/><D102/><U7/><E34/><V30/><F30/><W69/><G69/><T38/><D38/><U35/><E35/><V8/><F8/><W49/><G126/><T29/><D106/><U57/><E90/><V81/><F81/><W73/><G73/><T45/><D45/><U104/><E104/><V91/><F91/><W67/><G14/><T83/><D83/><U132/><E132/><V89/><F89/><W78/><G67/><T128/><D124/><U55/><E55/><N who="2" m="34015" /><F108/><W13/><G13/><T42/><D42/><U16/><E18/><V72/><F72/><W76/><G76/><T134/><D134/><U98/><E98/><V118/><F118/><W100/><G0/><T71/><D119/><U121/><E121/><N who="2" m="46091" /><F127/><W95/><G1/><T62/><D29/><U92/><E92/><V125/><F125/><W54/><G78/><T65/><D110/><U97/><E97/><V103/><F103/><W26/><G101/><T79/><D111/><U130/><E130/><V31/><F31/><W33/><G100/><T63/><D128/><U107/><E107/><V64/><F66/><W52/><G96/><T120/><D120/><U17/><E17/><RYUUKYOKU ba="1,0" sc="291,-15,250,15,172,15,287,-15" hai1="5,7,15,16,20,48,53,57,85,86" hai2="56,64,129,131" /><INIT seed="6,2,0,1,4,114" ten="276,265,187,272" oya="2" hai0="18,17,26,35,104,121,21,99,58,36,124,3,51" hai1="88,40,30,110,89,71,49,52,107,67,109,27,73" hai2="122,106,2,82,132,111,19,66,77,48,102,90,92" hai3="41,0,54,135,95,13,70,72,119,65,60,86,91"/><V128/><F2/><W94/><G0/><T85/><D121/><U125/><E73/><V47/><F122/><W116/><G72/><T117/><D36/><U68/><E107/><V10/><F111/><W29/><G135/><T44/><D3/><U129/><E110/><V38/><F38/><W84/><G41/><T43/><D124/><U76/><E109/><V120/><F66/><W83/><G95/><T20/><D35/><U22/><E76/><V37/><F37/><W39/><G39/><T127/><D127/><U101/><E125/><V96/><F128/><W16/><G54/><T11/><D11/><U134/><E134/><V57/><F57/><W42/><G29/><T123/><D58/><U87/><E40/><V25/><F120/><W1/><G42/><T97/><D104/><U103/><E67/><V56/><F56/><W105/><G105/><T45/><D45/><N who="1" m="27695" /><E71/><V8/><F132/><W93/><G1/><T33/><D33/><U126/><E68/><V31/><F19/><W53/><G53/><T12/><D117/><U108/><E108/><V50/><F50/><W61/><G61/><T23/><D123/><U6/><E6/><V24/><F48/><W115/><G115/><T14/><D85/><U62/><E62/><V131/><F47/><W79/><G94/><T81/><D81/><N who="1" m="49263" /><E129/><V28/><F131/><W118/><G118/><T32/><D32/><U100/><E126/><V59/><F106/><W74/><G74/><T80/><D80/><U7/><E7/><V78/><F82/><W133/><G133/><T75/><D75/><U98/><E98/><RYUUKYOKU ba="2,0" sc="276,10,265,10,187,-30,272,10" hai0="12,14,17,18,20,21,23,26,43,44,51,97,99" hai1="22,27,30,89,100,101,103" hai3="13,16,60,65,70,79,83,84,86,91,93,116,119" /><INIT seed="7,3,0,2,0,51" ten="286,275,157,282" oya="3" hai0="126,68,3,45,77,43,7,134,52,111,25,59,10" hai1="35,41,55,57,61,58,109,5,129,114,81,47,14" hai2="100,65,9,31,4,27,19,94,91,44,11,33,20" hai3="103,99,60,53,97,104,63,108,67,120,78,95,32"/><W124/><G120/><T96/><D111/><U128/><E109/><V85/><F65/><W16/><G108/><T6/><D68/><U92/><E35/><V79/><F79/><W125/><G32/><T40/><D134/><U74/><E114/><V24/><F100/><W88/><G78/><T48/><D126/><U23/><E92/><V64/><F64/><W105/><G105/><T83/><D6/><U101/><E101/><V8/><REACH who="2" step="1"/><F44/><REACH who="2" ten="286,275,147,282" step="2"/><W75/><G75/><T71/><D71/><U18/><E74/><V38/><F38/><W115/><G115/><T69/><D69/><U17/><E128/><V36/><F36/><W39/><G39/><T119/><D45/><U76/><E129/><V110/><F110/><W13/><G125/><T131/><D77/><U50/><E76/><V112/><F112/><W123/><G124/><T86/><D131/><U21/><E81/><V15/><AGARI ba="3,1" hai="4,8,9,11,15,19,20,24,27,31,33,85,91,94" machi="15" ten="20,2700,0" yaku="1,1,0,1,7,1,53,0" doraHai="51" doraHaiUra="70" who="2" fromWho="2" sc="286,-10,275,-10,147,46,282,-16" /><INIT seed="8,0,0,3,4,60" ten="276,265,193,266" oya="0" hai0="95,75,20,12,77,119,120,67,104,97,4,98,24" hai1="18,76,8,42,112,69,111,1,27,110,68,57,6" hai2="99,21,26,13,56,65,96,43,23,64,71,63,51" hai3="15,59,5,121,14,34,134,10,113,2,118,109,122"/><T123/><D119/><U17/><E42/><V116/><F116/><W28/><G59/><T3/><D3/><U52/><E112/><V89/><F71/><W53/><G53/><T61/><D104/><U0/><E76/><V44/><F23/><W25/><G118/><T45/><D75/><U101/><E101/><V135/><F135/><W29/><G113/><T32/><D77/><U22/><E69/><V31/><F13/><W103/><G103/><T92/><D32/><U54/><E68/><V16/><F31/><W48/><G48/><T127/><D12/><U79/><E79/><V90/><F65/><W106/><G106/><T37/><D4/><U72/><E72/><V47/><F47/><W58/><G58/><N who="0" m="37303" /><D45/><U88/><E0/><V19/><F19/><W84/><G84/><T126/><D37/><U85/><E17/><V35/><F35/><W94/><G94/><N who="0" m="35883" /><D97/><AGARI ba="0,0" hai="16,21,26,43,44,51,56,63,64,89,90,96,97,99" machi="97" ten="40,5200,0" yaku="8,1,52,1,54,1" doraHai="60" who="2" fromWho="0" sc="276,-52,265,0,193,52,266,0" /><INIT seed="9,0,0,2,0,0" ten="224,265,245,266" oya="1" hai0="132,111,26,108,11,93,128,127,94,1,118,71,47" hai1="80,100,103,67,82,124,64,106,123,61,113,24,92" hai2="74,112,31,83,32,15,40,133,23,96,75,49,86" hai3="99,42,85,8,4,77,105,18,107,44,73,25,13"/><U95/><E106/><V119/><F32/><W38/><G99/><T98/><D71/><U89/><E123/><V65/><F65/><W48/><G73/><T9/><D47/><U109/><E113/><V17/><F31/><W22/><G38/><T51/><D51/><U87/><E124/><V60/><F60/><W117/><G117/><T10/><D1/><U63/><E109/><N who="0" m="42057" /><D98/><U120/><E120/><V76/><F112/><W66/><G66/><T29/><D127/><U134/><E134/><V131/><F133/><W135/><G135/><T110/><N who="0" m="42065" /><T41/><DORA hai="12" /><D41/><U57/><E24/><V53/><F40/><W58/><G58/><T121/><D121/><U50/><E50/><V16/><F119/><W125/><G125/><T91/><D132/><U78/><E82/><AGARI ba="0,0" hai="4,8,13,18,22,25,42,44,48,77,82,85,105,107" machi="82" ten="40,8000,1" yaku="25,2,52,2" doraHai="0,12" who="3" fromWho="1" sc="224,0,265,-80,245,0,266,80" owari="224,-17.6,185,-31.5,245,4.5,346,44.6" /></mjloggm>