<mjloggm ver="2.3"><GO type="41" lobby="0"/><UN n0="%57%44%44%69%65" n1="%E6%96%B0%E5%AD%90%E6%9C%9B" n2="%E3%81%B6%E3%82%8B%E3%83%BC%E3%81%98%E3%82%83%E3%82%80" n3="%E2%93%9D%4C%75%63%6B%79%4A" dan="14,15,14,18" rate="1975.52,1987.21,1898.66,2219.28" sx="M,M,M,M"/><TAIKYOKU oya="0"/><INIT seed="0,0,0,2,4,3" ten="250,250,250,250" oya="0" hai0="80,77,60,39,35,59,131,13,105,124,22,5,24" hai1="102,79,69,11,6,57,89,121,51,123,104,91,34" hai2="113,54,7,90,16,72,66,31,120,78,128,103,37" hai3="83,48,23,87,32,127,81,55,41,134,94,118,75"/><T47/><D131/><U119/><E119/><V63/><F120/><W21/><G32/><T56/><D105/><U4/><E69/><V126/><F113/><W68/><G68/><T70/><D35/><U52/><E34/><V115/><F31/><W40/><G75/><T109/><D124/><U49/><E79/><V82/><F126/><W71/><G71/><T135/><D135/><U20/><E104/><V44/><F103/><W26/><G23/><T43/><D109/><U88/><E102/><V10/><F90/><N who="3" m="53599" /><G118/><T62/><D62/><N who="1" m="36135" /><E123/><V45/><F128/><W73/><G73/><T84/><D70/><U25/><E121/><V0/><F66/><W112/><G112/><T100/><D100/><U30/><E11/><V107/><F107/><W50/><G134/><T12/><D59/><U74/><E74/><V133/><F133/><W116/><G116/><T15/><D24/><U53/><E49/><V122/><F115/><W85/><G50/><T27/><D27/><U130/><E130/><V92/><F37/><W29/><G127/><T99/><D99/><U98/><E98/><V95/><F45/><AGARI ba="0,0" hai="4,6,20,25,30,45,51,53,88,89,91" m="36135" machi="45" ten="30,8000,1" yaku="8,1,52,2,54,2" doraHai="3" who="1" fromWho="2" sc="250,0,250,80,250,-80,250,0" /><INIT seed="1,0,0,4,2,14" ten="250,330,170,250" oya="1" hai0="51,73,93,33,10,4,59,98,126,70,42,113,8" hai1="105,103,68,114,132,89,104,25,110,22,115,131,95" hai2="63,17,125,77,88,54,47,102,79,133,121,50,76" hai3="111,75,116,55,91,92,78,29,34,44,118,12,96"/><U48/><E68/><V135/><F121/><W5/><G34/><T128/><D113/><U6/><E131/><V124/><F102/><W84/><G29/><T43/><D70/><U36/><E36/><V85/><F63/><W2/><G2/><T65/><D128/><U38/><E38/><V101/><F101/><W57/><G44/><T82/><D33/><U7/><E132/><V37/><F37/><W99/><G5/><T69/><D69/><U100/><E48/><V21/><F135/><W56/><G12/><T106/><D106/><U20/><E95/><V58/><F47/><W23/><G23/><T60/><D126/><U31/><E89/><V15/><REACH who="2" step="1"/><F133/><REACH who="2" ten="250,330,160,250" step="2"/><W27/><G118/><T83/><D60/><U28/><E100/><V81/><AGARI ba="0,1" hai="15,17,21,50,54,58,76,77,79,81,85,88,124,125" machi="81" ten="30,12000,2" yaku="1,1,2,1,0,1,52,1,54,1,53,1" doraHai="14" doraHaiUra="80" who="2" fromWho="2" sc="250,-30,330,-60,160,130,250,-30" /><INIT seed="2,0,0,4,0,8" ten="220,270,290,220" oya="2" hai0="104,62,40,132,29,34,124,15,130,19,7,6,10" hai1="0,113,81,116,86,78,17,115,103,21,1,102,109" hai2="80,97,83,76,123,60,50,119,91,92,85,35,98" hai3="106,93,89,9,59,52,88,70,120,56,128,82,74"/><V24/><F119/><W72/><G70/><T111/><D104/><U117/><E21/><V133/><F123/><W5/><G120/><T13/><D40/><U64/><E64/><V135/><F60/><W75/><G106/><T121/><D121/><U129/><E17/><V22/><F35/><W25/><G128/><T79/><D79/><U2/><E129/><V66/><F66/><W127/><G127/><T63/><D130/><U69/><E69/><V36/><F36/><W67/><G25/><N who="0" m="18735" /><D63/><U28/><E28/><V112/><F112/><W20/><G20/><N who="0" m="11375" /><D62/><U16/><E16/><V55/><F83/><W41/><G41/><T38/><D38/><U73/><E73/><V43/><F98/><W48/><G67/><T37/><D37/><U53/><E53/><V77/><F77/><W33/><G33/><T94/><D94/><U26/><E26/><V51/><F43/><W65/><G65/><T23/><D124/><U95/><E109/><V99/><F99/><W68/><G68/><T3/><D111/><U42/><E42/><V4/><F4/><W18/><G18/><N who="0" m="10719" /><D132/><N who="2" m="50762" /><F55/><W58/><G82/><T101/><D101/><N who="1" m="38411" /><E95/><V44/><F44/><W108/><G108/><T27/><D27/><U11/><E115/><V47/><F47/><W84/><G89/><T110/><D110/><U100/><E113/><V107/><F107/><W114/><G114/><T90/><D7/><N who="1" m="1511" /><E100/><V46/><F46/><W54/><G54/><T57/><D90/><U131/><E131/><V39/><F39/><W134/><G134/><T71/><D71/><U96/><E96/><V31/><AGARI ba="0,0" hai="22,24,31,50,51,76,80,85,91,92,97" m="50762" machi="31" ten="30,3000,0" yaku="5,1,20,1" doraHai="8" who="2" fromWho="2" sc="220,-10,270,-10,290,30,220,-10" /><INIT seed="2,1,0,4,4,17" ten="210,260,320,210" oya="2" hai0="48,129,69,97,134,55,25,124,93,74,96,45,50" hai1="122,36,13,91,82,92,113,33,128,16,59,81,112" hai2="9,43,58,39,127,2,7,84,37,5,23,57,88" hai3="135,102,89,1,75,60,26,44,79,116,32,70,126"/><V11/><F127/><W64/><G126/><T40/><D124/><U106/><E106/><V76/><F76/><W117/><G89/><T14/><D134/><U103/><E33/><V133/><F133/><W101/><G135/><T51/><D129/><U114/><E36/><V27/><F39/><W63/><G1/><T62/><D74/><U3/><E3/><V42/><F37/><W104/><G63/><T100/><D14/><U71/><E71/><V46/><F46/><W78/><G102/><T108/><D108/><U65/><E128/><V115/><F115/><W29/><G44/><T77/><D77/><U47/><E47/><V120/><F120/><W56/><G56/><T66/><D97/><U61/><E103/><V67/><F67/><W20/><G20/><T119/><D119/><N who="3" m="45641" /><G75/><T99/><D99/><AGARI ba="1,0" hai="26,29,32,60,64,70,78,79,99,101,104" m="45641" machi="99" ten="30,1000,0" yaku="25,1" doraHai="17" who="3" fromWho="0" sc="210,-13,260,0,320,0,210,13" /><INIT seed="3,0,0,1,5,119" ten="197,260,320,223" oya="3" hai0="58,97,47,60,94,11,112,61,25,4,17,15,86" hai1="29,27,23,101,7,37,114,73,24,109,118,30,70" hai2="33,31,79,42,128,87,49,59,103,63,0,43,22" hai3="129,83,104,72,105,41,35,18,92,115,99,68,67"/><W98/><G35/><T121/><D112/><U116/><E114/><V19/><F0/><W75/><G41/><T134/><D134/><U77/><E70/><V81/><F128/><W117/><G18/><T34/><D86/><U10/><E37/><V3/><F3/><W84/><G67/><T132/><D132/><U88/><E101/><V12/><F103/><N who="3" m="60903" /><G68/><T110/><D110/><U123/><E109/><V5/><F5/><W32/><G32/><T44/><D61/><U26/><E77/><V50/><F31/><N who="1" m="11785" /><E73/><N who="3" m="28234" /><G117/><N who="1" m="45162" /><E88/><V82/><F82/><W96/><G129/><T106/><D106/><N who="3" m="41065" /><G115/><T124/><D34/><U6/><E23/><V51/><REACH who="2" step="1"/><F33/><REACH who="2" ten="197,260,310,223" step="2"/><W69/><G69/><T127/><D4/><N who="1" m="1579" /><E10/><V126/><F126/><W125/><G125/><T71/><D127/><U76/><E76/><AGARI ba="0,1" hai="76,83,84,96,98" m="41065,28234,60903" machi="76" ten="30,12000,1" yaku="35,5" doraHai="119" who="3" fromWho="1" sc="197,0,260,-120,310,0,223,130" /><INIT seed="3,1,0,2,5,44" ten="197,140,310,353" oya="3" hai0="57,19,131,8,86,102,37,127,80,112,129,60,97" hai1="20,128,47,103,75,135,5,31,50,132,100,53,104" hai2="109,99,116,45,35,65,34,72,122,123,43,91,119" hai3="17,10,95,71,83,58,13,16,115,114,62,39,28"/><W82/><G71/><T32/><D37/><U11/><E75/><V0/><F65/><W41/><G28/><T61/><D32/><N who="2" m="12330" /><F109/><W30/><G30/><T51/><D127/><U69/><E69/><V96/><F91/><W68/><G68/><T54/><D112/><U121/><E121/><N who="2" m="46091" /><F72/><W101/><G39/><T23/><D8/><U126/><E126/><V15/><F15/><W76/><G41/><T52/><D131/><U25/><E128/><V79/><F79/><W27/><G115/><T85/><D129/><U133/><REACH who="1" step="1"/><E104/><REACH who="1" ten="197,130,310,353" step="2"/><V55/><F119/><W73/><G73/><T21/><D80/><U70/><E70/><V113/><F113/><W64/><G114/><T90/><D102/><U59/><E59/><V98/><F116/><W38/><G76/><T42/><D97/><U26/><E26/><V6/><F99/><N who="3" m="59647" /><G38/><T110/><D110/><U48/><E48/><N who="2" m="26687" /><F98/><W1/><G1/><AGARI ba="1,1" hai="1,5,11,20,25,31,47,50,53,100,103,132,133,135" machi="1" ten="40,8000,1" yaku="1,1,20,1,52,1,53,1" doraHai="44" doraHaiUra="4" who="1" fromWho="3" sc="197,0,130,93,310,0,353,-83" /><INIT seed="4,0,0,5,3,108" ten="197,223,310,270" oya="0" hai0="77,43,135,74,2,57,24,128,66,59,26,100,20" hai1="46,14,117,10,67,119,96,83,28,85,3,4,81" hai2="63,5,56,32,89,98,80,112,60,133,11,107,132" hai3="97,121,94,45,53,95,29,123,104,0,18,126,58"/><T9/><D128/><U118/><E67/><N who="2" m="39303" /><F32/><W6/><G45/><T8/><D135/><N who="2" m="51786" /><F80/><W15/><G126/><T84/><D74/><U61/><E28/><V62/><F89/><W17/><G0/><T30/><D43/><U21/><E61/><V40/><F40/><W106/><G6/><T36/><D36/><U103/><E46/><V130/><F130/><W68/><G29/><T92/><D2/><U41/><E41/><V111/><F111/><W64/><G64/><T38/><D38/><U25/><E85/><V109/><F109/><W65/><G65/><T90/><D77/><U51/><E3/><N who="2" m="447" /><F112/><W122/><G68/><T54/><D100/><AGARI ba="0,0" hai="62,63,98,100,107" m="447,51786,39303" machi="100" ten="30,1000,0" yaku="20,1" doraHai="108" who="2" fromWho="0" sc="197,-10,223,0,310,10,270,0" /><INIT seed="5,0,0,0,1,16" ten="187,223,320,270" oya="1" hai0="121,81,126,65,51,31,94,6,92,9,74,44,70" hai1="21,58,59,4,40,24,52,110,8,90,114,93,106" hai2="122,102,83,91,78,109,45,3,72,124,34,56,68" hai3="10,23,46,88,17,39,115,18,67,54,30,89,95"/><U42/><E106/><V69/><F109/><W76/><G67/><T28/><D126/><U2/><E110/><V62/><F122/><W96/><G76/><T108/><D108/><U37/><E114/><V100/><F91/><W104/><G104/><T63/><D121/><U1/><E1/><V26/><F3/><W43/><G115/><T57/><D92/><U47/><E42/><V38/><F124/><W129/><G129/><T20/><D94/><U107/><E107/><V22/><F34/><W11/><G18/><T84/><D74/><U25/><E25/><V60/><F38/><W116/><G30/><T85/><D70/><U125/><E125/><V120/><F45/><W13/><G116/><T131/><D131/><U134/><E134/><V128/><F120/><W71/><G71/><T133/><D133/><U80/><E80/><V79/><F79/><W118/><G118/><T112/><D112/><U5/><E5/><V130/><F130/><W61/><REACH who="3" step="1"/><G89/><REACH who="3" ten="187,223,320,260" step="2"/><T73/><D73/><U19/><REACH who="1" step="1"/><E52/><REACH who="1" ten="187,213,320,260" step="2"/><V35/><F128/><W75/><G75/><T12/><D31/><U32/><E32/><V99/><F35/><W113/><G113/><T119/><D119/><U55/><E55/><V64/><F72/><W87/><G87/><AGARI ba="0,2" hai="2,4,8,19,21,24,37,40,47,58,59,87,90,93" machi="87" ten="30,5800,0" yaku="1,1,7,1,52,1,53,0" doraHai="16" doraHaiUra="127" who="1" fromWho="3" sc="187,0,213,78,320,0,260,-58" /><INIT seed="5,1,0,3,0,26" ten="187,291,320,202" oya="1" hai0="49,4,116,62,99,118,31,132,45,41,37,117,38" hai1="92,13,6,51,16,84,73,85,1,107,115,3,130" hai2="77,123,113,75,133,87,64,9,110,94,42,106,131" hai3="112,102,98,72,114,2,70,50,103,14,128,78,108"/><U63/><E107/><V121/><F64/><W48/><G2/><T56/><D4/><U19/><E73/><V124/><F42/><W27/><G108/><T82/><D82/><U97/><E115/><N who="3" m="44074" /><G70/><T23/><D99/><U5/><E1/><V54/><F54/><W109/><G128/><T83/><D83/><U65/><E3/><V35/><F9/><W125/><G125/><T80/><D80/><U86/><E130/><V95/><F95/><W59/><G109/><T36/><D23/><U111/><E111/><V60/><F94/><W55/><G78/><T10/><D10/><U34/><E34/><V90/><F90/><W71/><G71/><T105/><D105/><U39/><E39/><V25/><F87/><W32/><G14/><T18/><D18/><U134/><E134/><V52/><F106/><N who="3" m="63863" /><G102/><T28/><REACH who="0" step="1"/><D132/><REACH who="0" ten="177,291,320,202" step="2"/><U66/><E6/><V40/><F133/><W0/><G0/><T24/><D24/><U15/><E5/><V22/><F25/><W47/><G27/><T76/><D76/><U79/><E79/><V30/><F77/><W17/><G17/><T53/><AGARI ba="1,1" hai="28,31,36,37,38,41,45,49,53,56,62,116,117,118" machi="53" ten="40,8000,1" yaku="1,1,0,1,52,2,53,0" doraHai="26" doraHaiUra="122" who="0" fromWho="0" sc="177,93,291,-41,320,-21,202,-21" /><INIT seed="6,0,0,5,0,39" ten="270,250,299,181" oya="2" hai0="61,17,64,30,67,45,48,120,3,19,125,74,114" hai1="15,41,123,124,103,105,130,99,28,111,127,95,51" hai2="29,101,85,112,82,44,62,96,56,83,104,135,87" hai3="4,33,129,92,53,78,22,90,75,79,59,122,10"/><V11/><F135/><W121/><G33/><T36/><D74/><U132/><E123/><V2/><F112/><W86/><G129/><T24/><D120/><U81/><E111/><V63/><F29/><W55/><G55/><T26/><D3/><U50/><E132/><V108/><F108/><W76/><G75/><T98/><D114/><U18/><E130/><V89/><F56/><W119/><G119/><T72/><D72/><U38/><E28/><V110/><F110/><W5/><G5/><T0/><D0/><U20/><E105/><V54/><F2/><W43/><G22/><T68/><D125/><N who="1" m="48203" /><E81/><V49/><REACH who="2" step="1"/><F11/><REACH who="2" ten="270,250,289,181" step="2"/><W14/><G122/><T47/><D30/><U94/><E94/><V77/><AGARI ba="0,1" hai="44,49,54,62,63,77,82,83,85,87,89,96,101,104" machi="77" ten="20,7800,0" yaku="1,1,2,1,0,1,7,1,53,0" doraHai="39" doraHaiUra="32" who="2" fromWho="2" sc="270,-26,250,-26,289,88,181,-26" /><INIT seed="6,1,0,4,0,110" ten="244,224,377,155" oya="2" hai0="108,102,119,124,26,32,19,117,83,71,107,81,72" hai1="46,91,52,127,40,96,49,12,74,43,42,95,34" hai2="89,56,23,51,114,44,55,4,98,85,27,8,14" hai3="31,66,3,82,65,73,76,105,41,53,125,112,67"/><V6/><F114/><W120/><G120/><T13/><D108/><U80/><E127/><V86/><F6/><W29/><G105/><T20/><D124/><U69/><E34/><V9/><F9/><W0/><G125/><T79/><D83/><U133/><E133/><V54/><F98/><W104/><G41/><T57/><D71/><U111/><E111/><V17/><REACH who="2" step="1"/><F89/><REACH who="2" ten="244,224,367,155" step="2"/><W16/><G112/><T50/><D119/><U60/><E96/><V123/><F123/><W93/><G3/><T109/><D117/><U59/><E91/><V100/><F100/><W99/><G0/><T113/><D113/><U121/><E121/><V131/><F131/><W37/><G99/><T77/><D102/><U5/><E5/><V92/><F92/><W134/><G93/><T84/><D109/><U63/><E95/><V18/><F18/><W30/><G104/><T88/><D107/><U11/><E11/><V38/><F38/><W128/><G37/><T94/><D94/><U10/><E10/><V132/><F132/><W68/><G134/><T97/><D97/><U90/><E90/><V115/><F115/><W22/><G128/><T106/><D106/><U58/><E80/><V47/><F47/><W129/><G129/><T103/><D103/><U39/><E39/><V64/><F64/><W130/><G130/><T48/><D88/><U87/><E46/><V28/><F28/><W116/><G116/><T36/><D36/><U101/><E101/><V126/><F126/><W35/><G35/><T75/><D32/><U62/><E69/><V25/><F25/><N who="3" m="14535" /><G68/><T1/><D26/><RYUUKYOKU ba="1,1" sc="244,-15,224,-15,367,15,155,15" hai2="4,8,14,17,23,27,44,51,54,55,56,85,86" hai3="29,30,31,53,65,66,67,73,76,82" /><INIT seed="6,2,1,1,5,60" ten="229,209,382,170" oya="2" hai0="26,38,23,9,97,62,67,34,54,76,104,94,81" hai1="63,17,29,91,124,24,19,134,50,92,56,131,33" hai2="6,57,112,115,95,82,44,68,96,123,74,83,86" hai3="90,18,36,35,47,119,70,114,108,100,31,93,129"/><V12/><F123/><W15/><G108/><T132/><D38/><U130/><E124/><V20/><F68/><W113/><G100/><T75/><D54/><N who="1" m="31831" /><E134/><V110/><F110/><W79/><G79/><T77/><D77/><U69/><E69/><V53/><F44/><W8/><G119/><T71/><D9/><U48/><E48/><N who="2" m="30887" /><F74/><W116/><G116/><T2/><D2/><U5/><E63/><V14/><F14/><W13/><G15/><T128/><D132/><U59/><E59/><V52/><F52/><W1/><G1/><T41/><D41/><U101/><E5/><V133/><F133/><W43/><G70/><T78/><D78/><U49/><E49/><V85/><F6/><W84/><REACH who="3" step="1"/><G129/><REACH who="3" ten="229,209,382,160" step="2"/><N who="1" m="49162" /><E101/><N who="2" m="60575" /><F12/><W64/><G64/><T121/><D128/><U0/><E0/><V40/><F40/><W122/><G122/><T120/><D121/><U37/><E37/><V111/><F111/><W55/><G55/><T4/><D120/><U135/><E135/><V16/><F86/><AGARI ba="2,2" hai="17,19,24,29,33,86,91,92" m="49162,31831" machi="86" ten="30,1000,0" yaku="19,1" doraHai="60" who="1" fromWho="2" sc="229,0,209,36,382,-16,160,0" /><INIT seed="7,0,0,4,5,123" ten="229,245,366,160" oya="3" hai0="8,77,0,103,55,98,13,70,5,54,72,114,131" hai1="112,116,135,104,28,46,132,71,91,37,38,124,129" hai2="81,61,7,133,64,63,17,57,106,126,66,115,111" hai3="92,18,30,14,52,127,44,119,32,58,95,36,85"/><W10/><G119/><T27/><D70/><U78/><E71/><V79/><F111/><W25/><G127/><T74/><D131/><U53/><E104/><V128/><F106/><W20/><G36/><T80/><D74/><U88/><E116/><V73/><F115/><W89/><G44/><T82/><D114/><U23/><E112/><V48/><F133/><W113/><G113/><T99/><D82/><U84/><E129/><V87/><F73/><W11/><REACH who="3" step="1"/><G95/><REACH who="3" ten="229,245,366,150" step="2"/><T101/><D0/><U50/><E37/><V16/><F126/><W33/><G33/><T109/><D27/><N who="1" m="16511" /><E38/><V40/><F128/><W29/><G29/><T130/><D130/><U94/><E94/><V49/><F40/><W107/><G107/><T47/><D47/><U22/><E124/><V121/><F121/><W41/><G41/><T12/><D12/><U102/><E46/><V9/><F17/><W43/><G43/><T4/><D4/><U118/><E132/><V105/><F16/><W93/><G93/><T26/><D26/><U62/><E135/><V15/><F105/><W59/><G59/><AGARI ba="0,1" hai="7,9,15,48,49,57,59,61,63,64,66,79,81,87" machi="59" ten="30,3900,0" yaku="7,1,9,1,8,1" doraHai="123" who="2" fromWho="3" sc="229,0,245,0,366,49,150,-39" owari="229,-17.1,245,4.5,415,51.5,111,-38.9" /></mjloggm>