<mjloggm ver="2.3"><GO type="41" lobby="0"/><UN n0="%E3%82%AA%E3%82%AA%E3%82%A2%E3%83%AF%E3%82%AC%E3%82%A8%E3%83%AA" n1="%E3%81%AA%E3%81%AA%E3%82%8F%E3%82%8A" n2="%50%75%72%69%50%75%72%69" n3="%E2%93%9D%4C%75%63%6B%79%4A" dan="14,14,13,17" rate="2033.36,1963.58,1861.14,2151.81" sx="F,F,M,M"/><TAIKYOKU oya="0"/><INIT seed="0,0,0,1,3,81" ten="250,250,250,250" oya="0" hai0="39,77,116,107,59,73,93,70,67,129,64,49,55" hai1="14,94,125,109,96,5,9,83,92,43,74,78,84" hai2="4,33,19,126,115,97,132,76,37,88,99,46,114" hai3="128,34,66,104,61,29,41,87,110,27,0,51,7"/><T127/><D116/><U108/><E125/><V117/><F33/><W15/><G110/><N who="1" m="42602" /><E43/><V22/><F126/><W89/><G128/><T18/><D107/><U82/><E96/><V90/><F76/><AGARI ba="0,0" hai="5,9,14,74,76,78,82,83,84,92,94" m="42602" machi="76" ten="30,2000,0" yaku="14,1,52,1" doraHai="81" who="1" fromWho="2" sc="250,0,250,20,250,-20,250,0" /><INIT seed="1,0,0,0,5,60" ten="250,270,230,250" oya="1" hai0="93,89,118,12,54,26,135,108,79,86,100,95,113" hai1="3,40,72,51,52,65,119,61,47,117,34,83,76" hai2="122,35,77,91,88,0,2,55,37,111,41,85,96" hai3="109,70,130,94,1,68,4,39,21,59,28,73,78"/><U81/><E3/><V48/><F122/><W66/><G39/><T97/><D113/><U105/><E105/><V74/><F35/><W5/><G73/><T98/><D118/><U123/><E34/><V99/><F41/><W8/><G78/><T102/><D26/><U11/><E123/><V134/><F37/><W36/><G36/><T125/><D12/><U82/><E40/><V42/><F42/><W131/><G94/><N who="0" m="56527" /><D54/><U30/><E30/><V49/><F111/><W120/><G109/><T25/><D25/><U87/><E11/><V127/><F127/><W13/><G120/><T128/><D108/><U126/><E126/><V101/><F74/><W15/><G28/><T50/><D50/><U17/><E17/><V29/><F29/><W132/><G132/><T45/><D45/><U104/><E104/><V18/><F134/><W33/><G33/><T90/><D125/><U75/><E75/><V107/><F0/><W63/><G5/><T44/><D44/><U23/><E23/><V67/><F2/><W84/><G84/><N who="0" m="52423" /><D135/><U62/><E62/><V92/><F18/><N who="3" m="10463" /><G1/><T116/><D116/><U22/><E22/><V64/><F49/><W69/><G70/><T121/><D121/><U133/><E133/><V80/><F77/><W24/><G24/><T110/><D110/><U53/><E53/><V129/><F48/><W58/><G69/><T112/><D112/><U56/><REACH who="1" step="1"/><E82/><REACH who="1" ten="250,260,230,250" step="2"/><V124/><F124/><W27/><G27/><T114/><D114/><U57/><E57/><V6/><F55/><W115/><G115/><T14/><D14/><U103/><E103/><RYUUKYOKU ba="0,1" sc="250,-15,260,15,230,-15,250,15" hai1="47,51,52,56,61,65,72,76,81,83,87,117,119" hai3="4,8,13,58,59,63,66,68,130,131" /><INIT seed="1,1,1,3,4,8" ten="235,275,215,265" oya="1" hai0="99,121,45,129,60,3,67,62,130,84,10,94,29" hai1="117,65,78,115,111,77,51,119,109,97,86,11,17" hai2="32,37,132,66,87,39,100,104,110,98,134,112,75" hai3="118,83,20,126,50,12,120,95,88,21,58,61,72"/><U105/><E65/><V101/><F32/><W48/><G120/><T1/><D121/><U43/><E43/><V30/><F30/><W102/><G126/><T27/><D84/><U73/><E51/><N who="3" m="19498" /><G72/><T96/><D45/><U122/><E122/><V55/><F66/><N who="3" m="39223" /><G118/><N who="1" m="45066" /><E17/><V108/><F55/><W135/><G135/><N who="2" m="51753" /><F75/><W6/><G102/><T4/><D3/><U64/><E11/><V59/><F59/><W79/><G79/><N who="1" m="30218" /><E64/><V16/><F101/><W52/><G83/><T89/><D99/><U93/><E73/><V0/><F0/><W133/><G133/><T13/><D1/><U106/><E86/><V82/><F112/><W107/><G52/><T124/><D124/><U7/><E7/><V26/><F87/><N who="3" m="52639" /><G107/><N who="1" m="40970" /><E115/><V40/><F40/><W92/><G92/><T18/><D4/><U14/><E93/><V34/><F82/><W57/><G57/><T22/><REACH who="0" step="1"/><D62/><REACH who="0" ten="225,275,215,265" step="2"/><U68/><E68/><AGARI ba="1,2" hai="10,13,18,22,27,29,60,67,68,89,94,96,129,130" machi="68" ten="40,5200,0" yaku="1,1,2,1,52,1,53,0" doraHai="8" doraHaiUra="36" who="0" fromWho="1" sc="225,75,275,-55,215,0,265,0" /><INIT seed="2,0,0,3,5,112" ten="300,220,215,265" oya="2" hai0="67,92,26,64,86,102,129,98,6,97,131,0,40" hai1="125,39,107,15,22,21,94,120,23,134,44,11,73" hai2="36,7,88,93,128,87,72,127,90,55,59,32,33" hai3="123,8,62,43,20,46,95,75,28,108,63,76,121"/><V113/><F113/><W66/><G75/><T57/><D40/><U31/><E107/><V70/><F70/><W82/><G28/><T91/><D26/><U34/><E73/><V110/><F72/><W100/><G20/><T80/><D6/><U71/><E71/><V12/><F36/><W83/><G108/><T101/><D0/><U30/><E94/><V61/><F127/><W105/><G105/><T96/><D57/><U135/><E44/><V13/><F128/><W122/><G8/><T45/><D45/><U3/><E39/><V18/><F110/><W109/><G76/><N who="0" m="46343" /><D67/><U29/><E125/><V1/><F1/><W60/><G66/><T114/><D64/><U54/><E54/><V78/><F78/><W47/><G109/><T17/><D17/><N who="1" m="8447" /><E3/><V69/><F69/><W25/><G47/><T50/><D50/><U81/><E81/><V126/><F126/><W19/><G83/><T16/><D16/><U115/><E115/><V9/><F90/><W117/><G82/><T58/><D58/><U84/><E84/><V130/><F130/><N who="0" m="49674" /><D114/><U2/><E2/><V124/><F124/><W77/><G46/><T27/><D27/><N who="1" m="18815" /><E120/><V99/><F87/><AGARI ba="0,0" hai="87,91,92,96,97,98,101,102" m="49674,46343" machi="87" ten="30,3900,0" yaku="19,1,34,2" doraHai="112" who="0" fromWho="2" sc="300,39,220,0,215,-39,265,0" /><INIT seed="3,0,0,2,0,10" ten="339,220,176,265" oya="3" hai0="64,53,91,42,11,15,93,46,134,116,55,119,45" hai1="90,60,61,110,125,38,35,48,94,107,113,96,3" hai2="33,24,20,106,37,99,86,65,59,127,72,54,18" hai3="26,84,58,43,2,81,41,123,23,98,34,25,111"/><W133/><G123/><T36/><D134/><U56/><E113/><V100/><F37/><W44/><G2/><T83/><D83/><U77/><E38/><V49/><F72/><W8/><G34/><T29/><D29/><U40/><E35/><V22/><F127/><W9/><G133/><T130/><D64/><U104/><E3/><V102/><F102/><W105/><G111/><T51/><D55/><U88/><E110/><V17/><F33/><W68/><G68/><T128/><D130/><U13/><E125/><V4/><F4/><W69/><G69/><T70/><D70/><U1/><E1/><V114/><F114/><W131/><G58/><T71/><D71/><U115/><E115/><V126/><F126/><W62/><G62/><T122/><D128/><U73/><E73/><V89/><F65/><W57/><G57/><T85/><REACH who="0" step="1"/><D122/><REACH who="0" ten="329,220,176,265" step="2"/><U5/><E77/><V16/><REACH who="2" step="1"/><F22/><REACH who="2" ten="329,220,166,265" step="2"/><W132/><G23/><T47/><D47/><U27/><E61/><V101/><F101/><W80/><G131/><T117/><D117/><U129/><E129/><V108/><F108/><W63/><G132/><T50/><D50/><U30/><E48/><V14/><F14/><W78/><G63/><T21/><D21/><U82/><E13/><V112/><F112/><W103/><G26/><T95/><D95/><AGARI ba="0,2" hai="16,17,18,20,24,49,54,59,86,89,95,99,100,106" machi="95" ten="30,3900,0" yaku="1,1,7,1,54,1,53,0" doraHai="10" doraHaiUra="66" who="2" fromWho="0" sc="329,-39,220,0,166,59,265,0" /><INIT seed="4,0,0,4,5,64" ten="290,220,225,265" oya="0" hai0="118,48,19,66,88,99,36,39,83,49,24,80,60" hai1="112,61,45,37,9,13,55,128,68,74,105,58,59" hai2="75,125,56,97,1,81,78,73,89,23,30,7,103" hai3="96,8,70,115,10,17,71,121,5,98,47,4,57"/><T54/><D118/><U69/><E74/><V53/><F7/><W20/><G47/><T27/><D39/><U40/><E105/><V41/><F1/><W2/><G57/><N who="0" m="37135" /><D36/><U34/><E34/><V113/><F41/><W91/><G115/><T65/><D65/><U25/><E25/><N who="0" m="9801" /><D19/><U126/><E126/><V106/><F113/><W26/><G121/><T6/><D6/><U46/><E46/><V116/><F30/><W42/><G42/><T33/><D33/><U44/><E128/><V84/><F116/><W14/><REACH who="3" step="1"/><G91/><REACH who="3" ten="290,220,225,255" step="2"/><T87/><D54/><U101/><E45/><V82/><F125/><W21/><G21/><T129/><D129/><U50/><E112/><V123/><F123/><W94/><G94/><N who="0" m="56775" /><D83/><U52/><REACH who="1" step="1"/><E101/><REACH who="1" ten="290,210,225,255" step="2"/><V35/><F35/><W111/><G111/><T72/><D72/><U18/><AGARI ba="0,2" hai="9,13,18,37,40,44,50,52,55,58,59,61,68,69" machi="18" ten="20,12000,2" yaku="1,1,2,1,0,1,7,1,52,2,54,1,53,0" doraHai="64" doraHaiUra="22" who="1" fromWho="1" sc="290,-60,210,140,225,-30,255,-30" /><INIT seed="5,0,0,5,3,35" ten="230,350,195,225" oya="1" hai0="97,53,43,90,45,71,36,127,7,49,95,13,79" hai1="10,81,11,48,26,25,61,94,16,18,83,80,129" hai2="22,87,51,88,108,100,126,21,29,9,30,12,119" hai3="120,99,39,73,85,62,115,52,123,32,105,113,44"/><U55/><E129/><V54/><F108/><W109/><G73/><T110/><D127/><U6/><E61/><V78/><F119/><W89/><G32/><T23/><D71/><U3/><E94/><V38/><F38/><W102/><G39/><T96/><D79/><U134/><E134/><V63/><F126/><W86/><G44/><T57/><D110/><U124/><E124/><V103/><F78/><W24/><G24/><T15/><D7/><U118/><E118/><V98/><F63/><W125/><G125/><T17/><REACH who="0" step="1"/><D15/><REACH who="0" ten="220,350,195,225" step="2"/><U60/><E11/><V122/><F122/><W69/><G123/><T65/><D65/><U77/><E77/><V56/><F12/><W28/><G69/><T47/><D47/><U5/><E5/><V66/><F66/><W31/><G120/><T76/><D76/><U112/><E112/><V50/><F9/><W106/><G115/><T68/><D68/><U20/><E6/><V132/><F132/><W114/><G114/><T70/><D70/><U27/><E10/><V107/><F22/><W111/><G113/><T117/><D117/><U130/><E20/><V93/><F21/><W14/><G14/><T1/><D1/><U133/><E133/><V84/><F56/><N who="3" m="35079" /><G111/><T104/><D104/><U92/><E3/><V37/><F107/><W131/><G109/><T8/><D8/><U128/><E128/><V59/><F59/><W0/><G131/><T74/><D74/><U46/><E130/><V116/><F116/><W135/><G135/><T72/><D72/><U34/><E34/><V4/><F4/><W75/><G75/><RYUUKYOKU ba="0,1" sc="220,30,350,-10,195,-10,225,-10" hai0="13,17,23,36,43,45,49,53,57,90,95,96,97" /><INIT seed="6,1,1,2,5,134" ten="250,340,185,215" oya="2" hai0="52,127,42,21,104,32,117,95,87,24,1,92,121" hai1="14,58,102,80,3,74,49,0,107,62,35,56,31" hai2="124,12,82,126,129,44,7,108,27,33,9,5,88" hai3="68,40,20,119,113,63,71,115,15,76,16,25,18"/><V61/><F108/><W120/><G120/><T130/><D121/><U70/><E70/><N who="3" m="26666" /><G76/><T96/><D1/><U66/><E107/><V22/><F33/><W65/><G40/><T45/><D32/><U116/><E102/><V75/><F129/><W85/><G85/><T105/><D130/><U93/><E116/><V37/><F75/><W81/><G81/><T86/><D117/><U60/><E35/><V2/><F61/><W26/><G18/><T10/><D10/><U133/><E31/><V50/><F37/><W55/><G55/><T77/><D42/><U89/><E133/><V69/><F69/><N who="3" m="42175" /><G119/><T38/><D38/><U123/><E123/><V94/><F82/><W73/><G73/><T4/><D4/><U79/><E49/><V8/><F50/><W29/><G29/><N who="0" m="17551" /><D104/><U47/><E47/><V13/><F44/><W109/><G109/><T17/><D17/><U122/><E122/><V78/><F78/><W34/><G34/><T28/><D28/><U90/><E14/><V30/><F2/><W19/><G19/><T23/><D105/><U83/><E83/><V59/><F59/><W111/><G111/><T43/><D43/><U97/><REACH who="1" step="1"/><E90/><REACH who="1" ten="250,330,185,215" step="2"/><V103/><REACH who="2" step="1"/><F103/><REACH who="2" ten="250,330,175,215" step="2"/><W125/><G26/><T106/><D45/><U57/><E57/><V91/><F91/><W36/><G36/><T72/><D77/><U99/><E99/><AGARI ba="1,3" hai="5,7,8,9,12,13,22,27,30,88,94,99,124,126" machi="99" ten="40,12000,1" yaku="1,1,9,1,52,2,54,1,53,0" doraHai="134" doraHaiUra="114" who="2" fromWho="1" sc="250,0,330,-123,175,153,215,0" /><INIT seed="6,2,0,3,1,91" ten="250,207,328,215" oya="2" hai0="74,17,2,35,55,84,6,4,62,93,125,52,117" hai1="121,38,115,49,42,130,65,126,33,127,70,109,5" hai2="87,13,48,120,45,1,68,81,53,24,64,60,9" hai3="47,51,31,90,57,32,89,43,122,119,113,101,128"/><V98/><F120/><W86/><G122/><T19/><D74/><U112/><E121/><V40/><F1/><W59/><G119/><T135/><D35/><U94/><E33/><V82/><F24/><W85/><G128/><T23/><D117/><U106/><E106/><V77/><F82/><W133/><G133/><T103/><D135/><U25/><E5/><V21/><F21/><W100/><G113/><N who="1" m="43594" /><E25/><V110/><F110/><W80/><G31/><T39/><D39/><U28/><E28/><V56/><F98/><W132/><G32/><T75/><D75/><U124/><E94/><V37/><F9/><W79/><G132/><T66/><D125/><U54/><E109/><V30/><F30/><W114/><G114/><T102/><D2/><U12/><E12/><AGARI ba="2,0" hai="12,13,37,40,45,48,53,56,60,64,68,77,81,87" machi="12" ten="40,3900,0" yaku="24,2" doraHai="91" who="2" fromWho="1" sc="250,0,207,-45,328,45,215,0" /><INIT seed="6,3,0,2,0,112" ten="250,162,373,215" oya="2" hai0="129,42,19,122,73,16,130,30,14,100,53,118,33" hai1="64,90,87,85,58,93,67,46,97,86,52,106,7" hai2="27,61,28,69,4,1,95,125,114,2,115,60,79" hai3="0,48,6,12,29,134,72,71,55,57,66,37,63"/><V22/><F79/><W43/><G72/><T8/><D122/><U36/><E106/><V76/><F76/><W47/><G29/><T50/><D73/><U92/><E7/><V41/><F41/><W68/><G0/><T128/><D42/><U5/><E36/><V109/><F125/><W84/><G84/><T23/><D100/><U88/><E46/><V54/><F109/><W56/><G12/><T99/><D99/><N who="1" m="57783" /><E5/><V40/><F40/><W24/><G24/><N who="0" m="18631" /><D23/><U103/><E103/><V116/><F114/><W20/><G20/><T126/><D126/><U108/><E108/><V10/><F115/><W9/><G9/><T17/><D118/><U104/><E104/><V25/><F25/><W34/><G34/><T102/><D102/><U123/><E123/><V45/><F95/><W96/><G6/><T32/><D32/><U15/><E15/><V98/><F98/><W91/><G96/><T82/><D82/><U124/><E124/><V78/><F116/><W105/><G105/><T13/><D14/><U11/><E11/><V51/><F1/><W65/><G91/><T21/><D8/><U70/><E70/><N who="3" m="26666" /><G134/><T18/><D18/><U113/><E113/><V110/><F110/><W133/><G133/><T39/><D39/><U121/><E121/><V135/><F135/><W62/><G66/><T120/><D120/><U83/><E97/><V89/><F89/><W38/><AGARI ba="3,0" hai="37,38,43,47,48,55,56,57,62,63,65" m="26666" machi="38" ten="30,8000,1" yaku="35,5" doraHai="112" who="3" fromWho="3" sc="250,-23,162,-23,373,-43,215,89" /><INIT seed="7,0,0,1,0,96" ten="227,139,330,304" oya="3" hai0="93,35,109,133,9,29,71,32,38,70,112,0,47" hai1="30,127,54,62,126,48,6,15,111,132,22,78,25" hai2="40,130,14,27,26,16,13,45,94,129,80,12,24" hai3="105,41,52,86,33,17,125,58,46,4,55,110,116"/><W102/><G33/><T100/><D109/><U118/><E111/><V44/><F80/><W79/><G110/><T123/><D123/><U10/><E118/><V92/><F40/><W59/><G116/><T50/><D38/><U117/><E117/><V134/><F134/><W85/><G4/><T43/><D133/><U106/><E126/><V34/><F34/><W124/><G17/><T3/><D32/><U66/><E127/><N who="3" m="48714" /><G79/><T81/><D81/><U21/><E132/><V73/><F73/><W108/><G108/><T28/><D112/><U99/><E78/><V90/><F90/><W114/><G114/><T19/><D19/><U31/><E22/><V135/><F16/><W49/><G102/><T36/><D36/><U69/><E21/><V61/><F61/><N who="3" m="36095" /><G105/><T91/><D91/><U101/><REACH who="1" step="1"/><E25/><REACH who="1" ten="227,129,330,304" step="2"/><V53/><F135/><W115/><G115/><T74/><D35/><U37/><E37/><AGARI ba="0,1" hai="37,41,46,49,52,58,85,86" m="36095,48714" machi="37" ten="30,2900,0" yaku="18,1,54,1" doraHai="96" who="3" fromWho="1" sc="227,0,129,-29,330,0,304,39" owari="227,-17.3,100,-40.0,330,13.0,343,44.3" /></mjloggm>