<mjloggm ver="2.3"><GO type="41" lobby="0"/><UN n0="%E3%81%A4%E3%81%B0%E3%81%AB%E3%82%83%E3%82%93%E2%98%85" n1="%E2%93%9D%4C%75%63%6B%79%4A" n2="%61%61%73%73%64%64%66%66" n3="%E6%97%A9%E8%A6%8B%E6%98%8E%E8%8F%9C" dan="15,17,13,13" rate="1999.61,2147.26,1829.18,2046.21" sx="M,M,M,M"/><TAIKYOKU oya="0"/><INIT seed="0,0,0,2,5,23" ten="250,250,250,250" oya="0" hai0="36,98,54,90,67,18,68,19,87,60,85,39,6" hai1="114,44,125,25,64,29,71,55,128,56,73,30,123" hai2="31,0,5,37,112,99,26,117,22,57,28,1,129" hai3="63,7,42,72,133,122,41,66,59,46,82,84,104"/><T100/><D6/><U20/><E123/><V131/><F37/><W49/><G104/><T101/><D87/><U69/><E125/><V3/><F99/><W2/><G122/><T47/><D100/><U58/><E128/><N who="2" m="49227" /><F57/><W130/><G130/><T111/><D111/><U48/><E114/><V65/><F65/><W109/><G109/><T94/><D39/><U35/><E73/><V4/><F112/><W93/><G133/><T34/><D34/><U15/><E30/><N who="2" m="11307" /><F117/><W135/><G135/><T110/><D110/><U33/><E58/><V74/><F74/><W86/><G41/><T78/><D78/><U119/><E119/><V45/><F45/><W115/><G115/><T50/><REACH who="0" step="1"/><D36/><REACH who="0" ten="240,250,250,250" step="2"/><U77/><E77/><V97/><F97/><W80/><G72/><T120/><D120/><U105/><E35/><V134/><F134/><W12/><G84/><T95/><AGARI ba="0,1" hai="18,19,47,50,54,60,67,68,85,90,94,95,98,101" machi="95" ten="20,3900,0" yaku="1,1,0,1,7,1,53,0" doraHai="23" doraHaiUra="10" who="0" fromWho="0" sc="240,49,250,-13,250,-13,250,-13" /><INIT seed="0,1,0,3,0,24" ten="289,237,237,237" oya="0" hai0="70,26,72,13,19,28,118,124,40,111,119,75,20" hai1="10,60,64,92,21,123,45,103,81,35,95,129,7" hai2="23,8,1,120,76,114,107,2,105,22,17,86,125" hai3="63,0,106,41,12,34,104,46,89,117,52,77,83"/><T128/><D70/><U9/><E35/><V42/><F42/><W109/><G0/><T131/><D40/><U91/><E123/><V61/><F125/><W44/><G117/><T102/><D102/><U59/><E129/><N who="0" m="49737" /><D124/><U27/><E45/><V88/><F76/><W82/><G34/><N who="0" m="20759" /><D75/><U49/><E49/><V100/><F107/><W11/><G109/><T31/><D72/><U110/><E110/><V54/><F105/><W47/><G41/><T112/><D111/><U93/><E103/><V121/><F100/><W29/><G104/><T78/><D78/><U101/><E101/><V50/><F61/><W66/><G106/><T39/><D39/><U135/><E135/><V71/><F71/><W90/><G77/><T69/><D69/><U55/><E64/><V33/><F120/><W18/><G66/><T96/><D96/><U130/><E130/><V48/><F121/><W14/><G89/><T85/><D85/><N who="1" m="50607" /><E7/><V97/><F97/><W56/><G90/><T43/><D43/><U32/><E32/><V65/><F33/><W57/><G82/><T108/><D108/><U113/><E113/><V37/><F65/><W67/><G83/><T30/><D112/><U133/><E133/><V25/><F37/><W94/><G94/><N who="1" m="24066" /><U116/><DORA hai="15" /><E116/><AGARI ba="1,0" hai="13,19,20,30,31,116,118,119" m="20759,49737" machi="116" ten="30,18000,2" yaku="19,1,34,2,52,4" doraHai="24,15" who="0" fromWho="1" sc="289,183,237,-183,237,0,237,0" /><INIT seed="0,2,0,5,5,9" ten="472,54,237,237" oya="0" hai0="19,6,26,76,16,99,116,20,96,121,12,35,4" hai1="104,134,131,18,123,75,117,70,64,21,95,41,118" hai2="113,51,78,111,87,133,52,48,109,110,39,14,44" hai3="61,53,63,73,100,119,130,11,65,105,25,106,34"/><T74/><D116/><U103/><E75/><V124/><F39/><W72/><G119/><T22/><D121/><U88/><E123/><V30/><F113/><W107/><G130/><T126/><D126/><U49/><E104/><V68/><F68/><W27/><G100/><T57/><D35/><U83/><E131/><V90/><F78/><W98/><G98/><T85/><D74/><U108/><E108/><V86/><F133/><W92/><G92/><T91/><D76/><U8/><E8/><V42/><F30/><W45/><G11/><T28/><D57/><U7/><E7/><N who="0" m="2601" /><D28/><U32/><E32/><V66/><F66/><W13/><G34/><T58/><D58/><U0/><E0/><V94/><F124/><W84/><G65/><T56/><D56/><U97/><E134/><V55/><F87/><W40/><G84/><T3/><D3/><U36/><E36/><V31/><F31/><W43/><G105/><T112/><D112/><U54/><E64/><V10/><F51/><W29/><G29/><T23/><D22/><U15/><E70/><V102/><F102/><W77/><G77/><T37/><D37/><U114/><E114/><V129/><F129/><W59/><G59/><T50/><D50/><U89/><E118/><V82/><F82/><AGARI ba="2,0" hai="12,16,19,20,23,26,82,85,91,96,99" m="2601" machi="82" ten="30,5800,0" yaku="8,1,52,1,54,1" doraHai="9" who="0" fromWho="2" sc="472,64,54,0,237,-64,237,0" /><INIT seed="0,3,0,1,0,118" ten="536,54,173,237" oya="0" hai0="50,18,19,67,12,57,17,81,109,11,39,77,21" hai1="51,29,25,7,34,37,27,90,5,99,47,3,71" hai2="128,103,62,85,38,8,43,132,119,110,58,33,54" hai3="104,95,92,30,23,69,126,15,94,45,2,66,55"/><T123/><D39/><U44/><E71/><V36/><F33/><W72/><G2/><T68/><D109/><U107/><E3/><V111/><F119/><W64/><G104/><T9/><D123/><U88/><E37/><V10/><F103/><W106/><G106/><T133/><D68/><U114/><E114/><V26/><F26/><N who="3" m="16735" /><G72/><T121/><D121/><U70/><E70/><V40/><F85/><W6/><G69/><T108/><D133/><U56/><E56/><V102/><F102/><W41/><G41/><T75/><D108/><N who="2" m="41514" /><F10/><N who="3" m="4567" /><G126/><T52/><D67/><U124/><E107/><V127/><F8/><W0/><G0/><T96/><D96/><U76/><E99/><V28/><F28/><W93/><G92/><T22/><REACH who="0" step="1"/><D9/><REACH who="0" ten="526,54,173,237" step="2"/><U98/><E98/><V80/><F132/><W112/><G112/><T73/><D73/><U16/><E124/><V35/><F127/><W100/><G100/><T78/><D78/><U135/><E76/><V42/><F38/><W101/><G101/><T115/><D115/><U130/><E135/><V87/><F36/><W13/><G64/><T74/><D74/><U63/><E90/><V59/><F128/><W120/><G66/><T32/><D32/><U113/><E113/><V129/><F35/><W105/><G120/><T53/><D53/><U31/><E34/><V46/><F129/><W24/><G105/><T48/><D48/><U116/><E51/><N who="2" m="29047" /><F62/><W131/><G131/><T122/><D122/><U79/><E130/><V89/><AGARI ba="3,1" hai="40,42,43,58,59,80,87,89" m="29047,41514" machi="89" ten="30,1100,0" yaku="14,1" doraHai="118" who="2" fromWho="2" sc="526,-8,54,-6,173,30,237,-6" /><INIT seed="1,0,0,2,5,27" ten="518,48,203,231" oya="1" hai0="60,115,33,73,128,16,64,17,103,113,40,96,46" hai1="61,43,108,123,69,21,97,120,77,105,62,122,24" hai2="78,39,117,18,86,36,74,88,72,107,4,133,8" hai3="1,102,63,81,10,35,87,48,41,31,130,89,116"/><U119/><E119/><V28/><F107/><W25/><G116/><T44/><D73/><U66/><E43/><V13/><F39/><W90/><G130/><T55/><D128/><U15/><E62/><V51/><F36/><W76/><G102/><T47/><D55/><U50/><E77/><V125/><F78/><W38/><G38/><T70/><D40/><U129/><E129/><V6/><F133/><W22/><G35/><T84/><D84/><U7/><E108/><V49/><F125/><W32/><G32/><T54/><D54/><U112/><E112/><V45/><F51/><W5/><REACH who="3" step="1"/><G63/><REACH who="3" ten="518,48,203,221" step="2"/><T85/><D33/><U30/><E50/><V19/><F49/><W93/><G93/><T82/><D115/><U114/><E114/><V79/><F117/><W135/><G135/><T98/><D113/><U106/><REACH who="1" step="1"/><E97/><REACH who="1" ten="518,38,203,221" step="2"/><V83/><F79/><W131/><G131/><T37/><D96/><U53/><E53/><V99/><F99/><W126/><G126/><T52/><D37/><U134/><E134/><V9/><F74/><W20/><G20/><T118/><D52/><U57/><E57/><V91/><F72/><W3/><G3/><T121/><D118/><U11/><AGARI ba="0,2" hai="7,11,15,21,24,30,61,66,69,105,106,120,122,123" machi="11" ten="40,7800,0" yaku="1,1,0,1,52,1,53,0" doraHai="27" doraHaiUra="132" who="1" fromWho="1" sc="518,-26,38,98,203,-26,221,-26" /><INIT seed="1,1,0,0,1,96" ten="492,136,177,195" oya="1" hai0="4,59,120,104,0,132,116,83,112,99,25,43,75" hai1="64,111,28,17,39,92,133,130,80,68,67,45,90" hai2="26,31,123,55,16,66,21,127,3,107,48,131,128" hai3="56,15,12,73,71,58,74,84,88,95,79,9,117"/><U22/><E133/><V86/><F66/><W49/><G71/><T2/><D59/><U102/><E130/><N who="2" m="49707" /><F123/><W50/><G117/><T105/><D116/><U18/><E111/><V121/><F121/><W129/><G129/><T47/><D120/><U108/><E108/><V1/><F127/><W6/><G79/><T37/><D132/><U110/><E110/><V126/><F126/><W77/><G77/><N who="0" m="44479" /><D112/><U101/><E80/><V54/><F107/><W7/><G73/><T82/><D82/><U14/><E28/><V78/><F31/><W134/><G74/><T19/><D99/><U53/><E18/><V85/><F55/><W46/><G134/><T10/><D0/><N who="2" m="74" /><F78/><W106/><G106/><T109/><D109/><U33/><E33/><V98/><F98/><W41/><G49/><T91/><D91/><U36/><E39/><V27/><F27/><W70/><G70/><T65/><D65/><N who="1" m="25163" /><E36/><V60/><F60/><W35/><G35/><T52/><D52/><U119/><E119/><V113/><F113/><W51/><G50/><T115/><D115/><U72/><E72/><V122/><F122/><W32/><G32/><T42/><D43/><U20/><E68/><V30/><F30/><W38/><G38/><T29/><D19/><N who="1" m="10615" /><E53/><V63/><F63/><W118/><G118/><T94/><D94/><U24/><E45/><AGARI ba="1,0" hai="16,21,26,45,48,54,85,86" m="74,49707" machi="45" ten="30,2000,0" yaku="19,1,54,1" doraHai="96" who="2" fromWho="1" sc="492,0,136,-23,177,23,195,0" /><INIT seed="2,0,0,0,5,39" ten="492,113,200,195" oya="2" hai0="131,90,3,94,84,54,18,11,29,34,23,132,58" hai1="21,93,43,48,134,10,17,125,80,126,66,114,105" hai2="46,79,38,73,0,65,49,129,20,95,68,47,110" hai3="35,7,36,15,59,25,91,99,26,85,112,89,63"/><V55/><F0/><W51/><G36/><T83/><D131/><U103/><E114/><V56/><F79/><W8/><G112/><T116/><D132/><U75/><E66/><V118/><F73/><W60/><G35/><T12/><D116/><U70/><E70/><V9/><F9/><W124/><G124/><N who="1" m="47722" /><E93/><V64/><F95/><N who="3" m="56815" /><G51/><T30/><D34/><U123/><E123/><V120/><F20/><W77/><G77/><T57/><D57/><U61/><E61/><N who="3" m="23626" /><G59/><T42/><D42/><U127/><E134/><V96/><F96/><W102/><G102/><T135/><D135/><U44/><N who="1" m="47730" /><U6/><DORA hai="98" /><E103/><V104/><F104/><W41/><G41/><T72/><D72/><U97/><E97/><V27/><F120/><W31/><G31/><T62/><D83/><AGARI ba="0,0" hai="7,8,15,25,26,83,85,91" m="23626,56815" machi="83" ten="30,1000,0" yaku="8,1" doraHai="39,98" who="3" fromWho="0" sc="492,-10,113,0,200,0,195,10" /><INIT seed="3,0,0,0,1,83" ten="482,113,200,205" oya="3" hai0="0,73,37,106,23,42,69,124,103,87,95,16,19" hai1="99,102,26,90,107,110,135,33,101,11,61,60,27" hai2="18,119,79,100,12,85,1,115,96,81,77,80,117" hai3="93,32,55,72,52,64,104,49,132,3,24,116,54"/><W53/><G116/><T122/><D73/><U14/><E110/><V58/><F1/><W92/><G104/><T114/><D106/><U130/><E135/><V5/><F5/><W111/><G72/><T71/><D0/><U38/><E38/><V28/><F28/><W123/><G123/><T75/><D75/><U128/><E90/><V51/><F115/><W63/><G3/><T50/><D37/><U7/><E102/><V31/><F31/><W105/><G105/><T48/><D114/><U22/><E33/><V129/><F129/><N who="1" m="49769" /><E27/><V30/><F30/><AGARI ba="0,0" hai="7,11,14,22,26,30,60,61,99,101,107" m="49769" machi="30" ten="30,1000,0" yaku="19,1" doraHai="83" who="1" fromWho="2" sc="482,0,113,10,200,-10,205,0" /><INIT seed="4,0,0,3,1,84" ten="482,123,190,205" oya="0" hai0="40,10,37,85,71,118,53,11,100,64,1,44,112" hai1="32,74,20,34,13,12,124,28,135,29,30,122,18" hai2="7,23,75,81,88,127,35,51,110,94,14,77,98" hai3="38,125,121,43,78,33,86,48,56,83,57,4,79"/><T113/><D118/><U27/><E74/><V104/><F35/><N who="1" m="13353" /><E122/><V95/><F104/><W116/><G116/><T16/><D100/><U19/><E124/><V22/><F110/><W126/><G33/><T70/><D11/><N who="1" m="6591" /><E135/><V119/><F119/><W129/><G121/><T114/><D53/><U39/><E39/><V25/><F127/><N who="3" m="48651" /><G129/><T123/><D123/><U55/><E55/><V59/><F95/><W41/><G38/><T106/><D64/><U87/><E87/><V105/><F105/><W68/><G68/><T2/><D106/><U97/><E97/><V52/><F25/><AGARI ba="0,0" hai="12,18,20,25,27,28,29,30" m="6591,13353" machi="25" ten="30,8000,1" yaku="35,5" doraHai="84" who="1" fromWho="2" sc="482,0,123,80,190,-80,205,0" /><INIT seed="5,0,0,5,4,101" ten="482,203,110,205" oya="1" hai0="63,106,9,42,25,112,19,7,49,61,82,23,122" hai1="89,16,28,46,51,121,30,17,99,44,67,26,65" hai2="6,53,111,131,29,92,64,95,40,134,60,119,81" hai3="93,117,56,123,116,58,128,69,33,110,20,3,96"/><U13/><E121/><V27/><F40/><W133/><G33/><T15/><D112/><U59/><E99/><V94/><F111/><W76/><G69/><T2/><D122/><U10/><E89/><V78/><F119/><W73/><G3/><T38/><D106/><U24/><E59/><V127/><F131/><W85/><G123/><T45/><D38/><U57/><E57/><V77/><F127/><W37/><G37/><T36/><D36/><U97/><E97/><V135/><F53/><W11/><G73/><T34/><D82/><U88/><E88/><V31/><F6/><W100/><G110/><T68/><D68/><U124/><E124/><V71/><F78/><W74/><G74/><T114/><D114/><U113/><E113/><V86/><REACH who="2" step="1"/><F27/><REACH who="2" ten="482,203,100,205" step="2"/><W43/><G43/><T132/><D132/><AGARI ba="0,1" hai="29,31,60,64,71,77,81,86,92,94,95,132,134,135" machi="132" ten="40,8000,1" yaku="1,1,2,1,20,1,53,1" doraHai="101" doraHaiUra="75" who="2" fromWho="0" sc="482,-80,203,0,100,90,205,0" /><INIT seed="6,0,0,3,2,83" ten="402,203,190,205" oya="2" hai0="62,129,81,130,98,97,73,63,109,119,64,118,21" hai1="92,8,34,110,24,14,18,41,65,25,16,115,114" hai2="66,85,20,125,15,107,27,6,94,113,46,131,90" hai3="104,4,124,45,77,57,7,123,91,111,80,102,75"/><V53/><F107/><W116/><G111/><T60/><D109/><U100/><E41/><V54/><F113/><N who="1" m="43017" /><E65/><V32/><F32/><W30/><G116/><N who="0" m="44587" /><D73/><U126/><E100/><V88/><F131/><N who="0" m="50186" /><D21/><N who="1" m="13495" /><E92/><V89/><F125/><W40/><G124/><T135/><D135/><U19/><E126/><V86/><F66/><W51/><G102/><T93/><D81/><U61/><E61/><N who="0" m="23657" /><D93/><U132/><E110/><V133/><F133/><W22/><G80/><T50/><D50/><U35/><E132/><V84/><F94/><W121/><G51/><T58/><AGARI ba="0,0" hai="58,63,64,97,98" m="23657,50186,44587" machi="58" ten="40,2700,0" yaku="12,1,19,1" doraHai="83" who="0" fromWho="0" sc="402,27,203,-7,190,-13,205,-7" /><INIT seed="7,0,0,1,4,74" ten="429,196,177,198" oya="3" hai0="5,48,78,38,102,33,113,86,19,7,32,50,122" hai1="65,20,2,0,30,131,23,110,14,125,64,58,35" hai2="36,66,54,17,47,128,73,124,45,77,115,18,119" hai3="8,129,99,29,130,88,111,3,127,92,104,100,93"/><W121/><G121/><T114/><D38/><U11/><E58/><V96/><F119/><W84/><G29/><T82/><D102/><U72/><E65/><V80/><F115/><N who="0" m="44042" /><D122/><U75/><E64/><V91/><F66/><W16/><G127/><T4/><D19/><U62/><E62/><V61/><F128/><N who="3" m="49259" /><G111/><T41/><D41/><U39/><E39/><V24/><F124/><W9/><G3/><T67/><D67/><U51/><E2/><V116/><F116/><W81/><G8/><T83/><D82/><U134/><E11/><V98/><F36/><W49/><G49/><AGARI ba="0,0" hai="4,5,7,32,33,48,49,50,78,83,86" m="44042" machi="49" ten="30,3900,0" yaku="15,1,11,1,52,1" doraHai="74" who="0" fromWho="3" sc="429,39,196,0,177,0,198,-39" owari="468,56.8,196,-0.4,177,-22.3,159,-34.1" /></mjloggm>