<mjloggm ver="2.3"><GO type="41" lobby="0"/><UN n0="%E3%83%A1%E3%82%BE%E3%83%B3%E3%83%89%E3%82%BF%E3%83%9E" n1="%E2%93%9D%4C%75%63%6B%79%4A" n2="%73%74%72%6F%6E%67%65%72" n3="%48%6C%79%79%79" dan="13,18,15,14" rate="1925.33,2218.43,2100.84,1925.07" sx="M,M,M,M"/><TAIKYOKU oya="0"/><INIT seed="0,0,0,3,4,62" ten="250,250,250,250" oya="0" hai0="84,71,24,78,18,125,104,60,114,40,34,36,82" hai1="129,17,49,118,135,32,2,47,103,30,109,48,54" hai2="97,77,105,116,87,44,65,101,119,29,43,56,28" hai3="73,63,16,19,92,9,111,112,42,55,37,67,50"/><T120/><D120/><U133/><E2/><V61/><F87/><W131/><G112/><T66/><D114/><U72/><E103/><V86/><F86/><W39/><G131/><T70/><D125/><U94/><E72/><V115/><F77/><W74/><G111/><T123/><D123/><U76/><E30/><V113/><F113/><W90/><G42/><T75/><D84/><U53/><E32/><V14/><F14/><W85/><G39/><T128/><D128/><U46/><E76/><V26/><F115/><W130/><G37/><T52/><D52/><U25/><E129/><V3/><F3/><W6/><G130/><T27/><D71/><U33/><E33/><V57/><F57/><N who="3" m="37359" /><G74/><T38/><D40/><U35/><E35/><V12/><F12/><N who="3" m="5175" /><G73/><T106/><D18/><U122/><E122/><V4/><F4/><W45/><AGARI ba="0,0" hai="16,19,45,50,55,85,90,92" m="5175,37359" machi="45" ten="30,4000,0" yaku="8,1,52,1,54,1" doraHai="62" who="3" fromWho="3" sc="250,-20,250,-10,250,-10,250,40" /><INIT seed="1,0,0,3,0,88" ten="230,240,240,290" oya="1" hai0="15,70,61,27,67,9,47,43,54,124,56,131,104" hai1="97,3,38,7,84,78,65,106,80,87,10,14,125" hai2="92,116,46,50,35,120,13,4,119,25,0,59,102" hai3="64,121,89,77,123,71,98,45,42,31,63,41,72"/><U6/><E125/><V52/><F120/><W99/><G31/><T115/><D115/><U18/><E38/><V12/><F0/><W90/><G77/><T19/><D124/><U85/><E65/><V66/><F35/><W44/><G72/><T40/><D104/><U100/><REACH who="1" step="1"/><E7/><REACH who="1" ten="230,230,240,290" step="2"/><V118/><F4/><W96/><G121/><T105/><D131/><U110/><E110/><V39/><F39/><W22/><G123/><T107/><D40/><U34/><E34/><V2/><F2/><W112/><G112/><T134/><D134/><U127/><E127/><V75/><F66/><W58/><G71/><T103/><D70/><U32/><E32/><V126/><F126/><W108/><G108/><T57/><D27/><U129/><E129/><V16/><F119/><W60/><G64/><T101/><D107/><U114/><E114/><V69/><F69/><W11/><G42/><T62/><D105/><U82/><E82/><V24/><F118/><W28/><G41/><T8/><D9/><AGARI ba="0,1" hai="3,6,9,10,14,18,78,80,84,85,87,97,100,106" machi="9" ten="30,5800,0" yaku="1,1,7,1,53,1" doraHai="88" doraHaiUra="76" who="1" fromWho="0" sc="230,-58,230,68,240,0,290,0" /><INIT seed="1,1,0,2,0,55" ten="172,298,240,290" oya="1" hai0="133,41,82,32,134,99,72,28,56,37,108,44,135" hai1="8,5,79,48,111,126,42,119,77,94,116,88,25" hai2="22,112,103,125,86,71,61,129,40,12,100,59,69" hai3="9,127,97,68,1,39,107,19,78,92,96,104,47"/><U58/><E126/><V80/><F129/><W114/><G127/><T81/><D108/><U120/><E120/><V110/><F125/><W91/><G114/><T53/><D72/><U131/><E131/><V70/><F110/><W90/><G68/><T13/><D13/><N who="1" m="5263" /><E119/><V95/><F112/><W49/><G39/><T38/><D38/><U21/><E116/><V0/><F0/><W31/><G31/><T45/><D45/><N who="1" m="25655" /><E111/><V26/><F40/><W98/><G78/><T64/><D64/><U6/><E6/><V20/><F12/><N who="3" m="7567" /><G1/><T52/><D99/><N who="3" m="37961" /><G107/><T123/><D53/><U24/><E25/><V36/><F36/><W122/><G104/><T35/><D123/><U65/><E24/><V17/><F95/><W84/><G122/><T33/><REACH who="0" step="1"/><D28/><REACH who="0" ten="162,298,240,290" step="2"/><U74/><E74/><V118/><F118/><W75/><G75/><T18/><D18/><U2/><E2/><V76/><REACH who="2" step="1"/><F22/><REACH who="2" ten="162,298,230,290" step="2"/><W62/><G47/><T16/><D16/><U15/><E15/><V102/><F102/><W14/><G14/><T54/><D54/><AGARI ba="1,2" hai="17,20,26,54,59,61,69,70,71,76,80,86,100,103" machi="54" ten="40,5200,0" yaku="1,1,52,1,53,1" doraHai="55" doraHaiUra="51" who="2" fromWho="0" sc="162,-55,298,0,230,75,290,0" /><INIT seed="2,0,0,1,3,64" ten="107,298,305,290" oya="2" hai0="32,83,31,26,3,95,86,70,0,39,80,18,88" hai1="75,59,97,57,47,104,22,17,117,20,89,51,56" hai2="126,98,114,50,132,73,113,72,122,11,21,115,121" hai3="48,10,76,118,94,116,119,58,35,92,82,42,102"/><V67/><F11/><W36/><G36/><T85/><D39/><U84/><E75/><N who="2" m="28747" /><F50/><W90/><G35/><T106/><D106/><U28/><E117/><V101/><F67/><W87/><G10/><T68/><D18/><U40/><E104/><N who="2" m="63543" /><F21/><W62/><G42/><T8/><D95/><U120/><E120/><N who="2" m="46187" /><F126/><W109/><G48/><T44/><D44/><U100/><E100/><V93/><F93/><W128/><G109/><T12/><D0/><U24/><E97/><V16/><F16/><W66/><G128/><T1/><D1/><U130/><E130/><V125/><F125/><W65/><G102/><T77/><REACH who="0" step="1"/><D12/><REACH who="0" ten="97,298,305,290" step="2"/><U30/><REACH who="1" step="1"/><E22/><REACH who="1" ten="97,288,305,290" step="2"/><V25/><F25/><W4/><G92/><AGARI ba="0,2" hai="17,20,24,28,30,40,47,51,56,57,59,84,89,92" machi="92" ten="40,8000,1" yaku="1,1,2,1,8,1,53,1" doraHai="64" doraHaiUra="45" who="1" fromWho="3" sc="97,0,288,100,305,0,290,-80" /><INIT seed="3,0,0,5,4,66" ten="97,388,305,210" oya="3" hai0="129,49,57,53,15,43,1,93,130,86,29,2,80" hai1="5,48,87,39,13,105,82,132,121,67,98,4,77" hai2="36,24,111,133,97,64,76,42,3,52,0,27,107" hai3="35,78,112,23,131,88,119,100,83,104,56,122,94"/><W65/><G119/><T33/><D29/><U28/><E39/><V45/><F111/><W106/><G122/><T118/><D33/><U41/><E121/><V120/><F120/><W51/><G112/><T54/><D118/><U20/><E132/><V110/><F110/><W135/><G35/><T102/><D43/><U115/><E115/><V99/><F76/><W46/><G135/><T10/><D93/><U95/><E105/><V40/><F64/><W73/><G131/><T85/><D102/><U96/><E67/><V116/><F116/><W59/><G23/><T68/><D68/><U14/><E98/><V108/><F108/><W84/><G65/><T19/><D86/><U16/><E14/><V11/><F107/><W18/><G18/><T74/><D74/><U79/><E79/><V60/><F40/><W44/><G44/><T91/><REACH who="0" step="1"/><D53/><REACH who="0" ten="87,388,305,210" step="2"/><U128/><E28/><V50/><F133/><W101/><G100/><T81/><D81/><U63/><E82/><V31/><F31/><W125/><G125/><T90/><D90/><U47/><E77/><V75/><F75/><W38/><G38/><T61/><D61/><U89/><E63/><V123/><F60/><W72/><G72/><T37/><D37/><U109/><E109/><V113/><F123/><W32/><G32/><T22/><D22/><U62/><E62/><V69/><F69/><W7/><G104/><T70/><D70/><U55/><E41/><V92/><F42/><N who="3" m="25047" /><G7/><N who="1" m="2634" /><E128/><AGARI ba="0,1" hai="1,2,10,15,19,49,54,57,80,85,91,128,129,130" machi="128" ten="40,2600,0" yaku="1,1,19,1,53,0" doraHai="66" doraHaiUra="71" who="0" fromWho="1" sc="87,36,388,-26,305,0,210,0" /><INIT seed="4,0,0,4,5,16" ten="123,362,305,210" oya="0" hai0="55,60,75,46,71,98,108,49,0,113,104,56,99" hai1="42,9,47,14,62,115,120,8,132,76,125,43,67" hai2="11,130,28,81,110,48,65,44,84,34,2,29,112" hai3="57,36,77,70,78,40,101,64,37,118,85,107,33"/><T50/><D0/><U106/><E120/><V32/><F110/><W102/><G118/><T30/><D75/><U54/><E106/><V73/><F73/><W122/><G33/><T17/><D30/><U4/><E125/><V19/><F112/><W97/><G70/><T53/><D104/><U74/><E132/><V15/><F2/><W69/><G69/><T127/><D108/><U129/><E129/><V3/><F3/><W5/><G122/><T20/><D71/><U116/><E116/><V135/><F135/><W25/><G5/><T105/><D113/><U35/><E9/><V88/><F65/><W131/><G102/><T66/><D105/><U1/><E35/><V133/><F133/><W91/><G131/><T111/><D127/><U82/><E115/><V117/><F117/><W13/><G13/><T96/><D111/><U103/><E103/><V12/><F130/><W83/><G25/><T41/><REACH who="0" step="1"/><D50/><REACH who="0" ten="113,362,305,210" step="2"/><U31/><E1/><V72/><F72/><W59/><G37/><T18/><D18/><U45/><E31/><V87/><F32/><W126/><G126/><T80/><D80/><U79/><E82/><N who="2" m="49175" /><F34/><W58/><G36/><T109/><D109/><U26/><E74/><V7/><F7/><W22/><G64/><T68/><D68/><U90/><E67/><V89/><F15/><AGARI ba="0,1" hai="15,17,20,41,46,49,53,55,56,60,66,96,98,99" machi="15" ten="40,7700,0" yaku="1,1,8,1,52,1,53,0" doraHai="16" doraHaiUra="134" who="0" fromWho="2" sc="113,87,362,0,305,-77,210,0" /><INIT seed="4,1,0,4,0,82" ten="200,362,228,210" oya="0" hai0="104,114,78,128,46,47,92,50,48,12,63,134,21" hai1="36,91,74,100,17,30,58,76,108,25,109,106,24" hai2="38,126,98,19,20,39,57,127,97,70,122,116,40" hai3="135,37,86,120,95,55,59,131,99,113,7,35,64"/><T41/><D104/><U73/><E58/><V8/><F70/><W85/><G37/><N who="2" m="13833" /><F40/><W10/><G35/><T22/><D114/><U15/><E91/><V14/><F122/><W84/><G131/><T69/><D128/><U62/><E62/><V107/><F57/><W27/><G135/><T42/><D78/><U80/><E25/><N who="2" m="14495" /><F107/><W13/><G27/><T132/><D92/><U124/><E124/><N who="2" m="47659" /><F116/><W51/><G120/><T96/><D96/><U90/><E36/><V5/><AGARI ba="1,0" hai="5,8,14,97,98" m="47659,14495,13833" machi="5" ten="30,1100,0" yaku="18,1" doraHai="82" who="2" fromWho="2" sc="200,-6,362,-4,228,14,210,-4" /><INIT seed="5,0,0,5,2,5" ten="194,358,242,206" oya="1" hai0="34,112,4,123,76,6,96,125,97,88,57,14,103" hai1="93,42,73,37,22,111,126,38,134,135,58,1,116" hai2="24,0,89,108,114,50,10,127,48,74,77,131,99" hai3="16,110,68,19,64,55,2,117,44,43,27,15,92"/><U109/><E73/><V94/><F108/><N who="1" m="41545" /><E1/><V40/><F131/><W53/><G110/><T52/><D112/><U30/><E93/><V32/><F127/><W31/><G2/><T120/><D34/><U132/><E126/><V79/><F114/><W39/><G117/><T124/><D76/><U121/><E116/><V91/><F74/><W75/><G75/><T62/><D4/><U49/><E30/><V47/><F50/><W18/><G92/><N who="0" m="56327" /><D97/><U70/><E22/><V130/><F130/><W119/><G119/><T67/><D103/><U69/><E121/><N who="0" m="46665" /><D67/><U90/><E90/><V106/><F106/><W66/><G15/><T11/><AGARI ba="0,0" hai="6,11,14,52,57,62,124,125" m="46665,56327" machi="11" ten="30,7900,0" yaku="13,1,52,1,54,2" doraHai="5" who="0" fromWho="0" sc="194,79,358,-39,242,-20,206,-20" /><INIT seed="6,0,0,5,4,123" ten="273,319,222,186" oya="2" hai0="32,50,107,133,10,48,71,84,131,15,44,83,118" hai1="59,114,14,38,54,104,66,79,81,31,40,11,8" hai2="105,77,25,82,111,132,74,2,3,28,103,116,43" hai3="57,67,49,34,99,68,13,102,100,110,0,73,98"/><V7/><F116/><W45/><G68/><T19/><D107/><U117/><E117/><V87/><F132/><W18/><G0/><T86/><D118/><U106/><E66/><V24/><F24/><W113/><G34/><T125/><D32/><U64/><E64/><V97/><F43/><W88/><G73/><T58/><D71/><U78/><E114/><V135/><F135/><W129/><G113/><T128/><D133/><U61/><E11/><N who="2" m="2551" /><F87/><W36/><G36/><T112/><D125/><U90/><E31/><V124/><F124/><W120/><G120/><T5/><D112/><U89/><E40/><V9/><F9/><N who="3" m="6447" /><G129/><N who="0" m="49739" /><D50/><U56/><E38/><V52/><F3/><W33/><G33/><T30/><D30/><U126/><E126/><V122/><F122/><W134/><G134/><T23/><D58/><U62/><E8/><V55/><F28/><W42/><G110/><T22/><D86/><U51/><E51/><V94/><F25/><W85/><G57/><T29/><D29/><U4/><E14/><V93/><F111/><W109/><G67/><T27/><D27/><U80/><REACH who="1" step="1"/><E4/><REACH who="1" ten="273,309,222,186" step="2"/><V75/><F55/><AGARI ba="0,1" hai="54,55,56,59,61,62,78,79,80,81,89,90,104,106" machi="55" ten="25,6400,0" yaku="1,1,2,1,22,2,53,0" doraHai="123" doraHaiUra="16" who="1" fromWho="2" sc="273,0,309,74,222,-64,186,0" /><INIT seed="7,0,0,2,4,67" ten="273,383,158,186" oya="3" hai0="130,109,29,65,119,77,49,20,66,46,61,126,50" hai1="92,105,106,64,28,114,110,25,47,42,27,99,98" hai2="101,103,53,33,19,115,127,32,41,131,63,7,80" hai3="87,78,52,79,124,8,117,62,17,96,132,93,43"/><W104/><G117/><T37/><D20/><U116/><E116/><V13/><F115/><W6/><G124/><T22/><D22/><U2/><E2/><V81/><F41/><W108/><G132/><T90/><D29/><U86/><E64/><V74/><F127/><W100/><G108/><T15/><D15/><U12/><E99/><V97/><F131/><W83/><G43/><N who="0" m="22895" /><D77/><U21/><E27/><V84/><F74/><W128/><G128/><T48/><D90/><U30/><E30/><V11/><F81/><W18/><G104/><T38/><D119/><U70/><E70/><V34/><F7/><W112/><G112/><T122/><D126/><U60/><E60/><V125/><F125/><W58/><REACH who="3" step="1"/><G79/><REACH who="3" ten="273,383,158,176" step="2"/><T40/><D109/><U75/><E106/><V85/><F97/><W121/><G121/><T72/><D122/><U129/><E105/><V69/><F85/><W111/><G111/><T135/><D130/><U10/><E129/><V31/><F31/><W3/><AGARI ba="0,1" hai="3,6,8,17,18,52,58,62,78,83,87,93,96,100" machi="3" ten="20,7800,0" yaku="1,1,0,1,7,1,54,1,53,0" doraHai="67" doraHaiUra="9" who="3" fromWho="3" sc="273,-26,383,-26,158,-26,176,88" /><INIT seed="7,1,0,4,1,64" ten="247,357,132,264" oya="3" hai0="129,133,25,60,110,30,53,26,104,29,38,59,116" hai1="15,58,117,126,98,128,108,107,22,54,10,11,134" hai2="35,1,14,57,94,74,122,39,16,90,127,63,121" hai3="41,42,106,119,105,37,125,65,44,69,70,92,24"/><W33/><G119/><T130/><D104/><N who="3" m="40041" /><G92/><T118/><D38/><U72/><E72/><V123/><F74/><W36/><G125/><T71/><D59/><U68/><E68/><V2/><F35/><W28/><G65/><T17/><D60/><U19/><E128/><N who="0" m="49257" /><D53/><U40/><E40/><V77/><F77/><W21/><G21/><N who="0" m="13487" /><D71/><U120/><E120/><V13/><F39/><W81/><G81/><T89/><D89/><U31/><E117/><N who="0" m="45161" /><D133/><U67/><E67/><V101/><F13/><W91/><G91/><T66/><D66/><U113/><E107/><V132/><F127/><W50/><G50/><T47/><D47/><AGARI ba="1,0" hai="24,28,33,36,37,41,42,44,47,69,70" m="40041" machi="47" ten="30,11600,0" yaku="33,2,52,2" doraHai="64" who="3" fromWho="0" sc="247,-119,357,0,132,0,264,119" owari="128,-37.2,357,15.7,132,-26.8,383,48.3" /></mjloggm>