<mjloggm ver="2.3"><GO type="41" lobby="0"/><UN n0="%E8%B1%B9%E5%A4%AA%E9%83%8E%E4%BE%8D" n1="%E4%B8%89%E5%BA%A6%E7%9B%AE%E3%81%AE%E6%98%AF%E7%A9%BA" n2="%E3%81%8A%E3%81%85%E3%81%93%E3%81%85%E3%81%92" n3="%E2%93%9D%4C%75%63%6B%79%4A" dan="13,14,13,13" rate="1910.05,1944.65,1931.89,1979.92" sx="M,M,M,M"/><TAIKYOKU oya="0"/><INIT seed="0,0,0,0,0,33" ten="250,250,250,250" oya="0" hai0="69,88,85,126,124,6,120,109,66,58,26,105,75" hai1="76,22,23,1,56,61,51,46,70,52,0,53,72" hai2="92,37,74,100,41,29,2,9,38,77,116,127,16" hai3="97,103,86,24,118,122,133,39,84,101,43,130,113"/><T111/><D69/><U71/><E72/><V4/><F116/><W13/><G113/><T106/><D75/><U31/><E76/><V80/><F127/><N who="0" m="48682" /><D6/><U110/><E110/><N who="0" m="41993" /><D26/><U67/><E71/><V95/><F29/><W3/><G24/><T30/><D30/><U115/><E115/><V63/><F63/><W78/><G13/><T40/><D40/><U48/><REACH who="1" step="1"/><E31/><REACH who="1" ten="250,240,250,250" step="2"/><V73/><F74/><W32/><G78/><T123/><D120/><U131/><E131/><V50/><F73/><W54/><G130/><T93/><D123/><U49/><E49/><V15/><F77/><W91/><G122/><T55/><D66/><U117/><E117/><V11/><F38/><W18/><G39/><T121/><D121/><U128/><E128/><V25/><F37/><W12/><G118/><T79/><D79/><U65/><E65/><V82/><F50/><AGARI ba="0,1" hai="50,55,58,85,88,93,105,106" m="41993,48682" machi="50" ten="30,11600,0" yaku="18,1,14,1,10,1,54,1" doraHai="33" who="0" fromWho="2" sc="250,126,240,0,250,-116,250,0" /><INIT seed="0,1,0,4,3,129" ten="376,240,134,250" oya="0" hai0="40,84,124,64,24,41,69,0,111,46,43,61,34" hai1="91,122,109,13,99,15,131,39,115,114,56,32,52" hai2="88,80,18,4,10,66,35,79,11,105,112,89,12" hai3="7,98,77,127,70,62,82,51,1,49,37,123,36"/><T26/><D0/><U135/><E32/><V21/><F112/><N who="1" m="43049" /><E131/><V102/><F35/><W57/><G98/><T31/><D124/><U94/><E39/><V132/><F66/><W53/><G127/><T9/><D9/><U20/><E122/><V45/><F132/><W73/><G123/><T100/><D100/><U14/><E109/><V83/><F105/><W92/><G92/><T68/><D68/><U63/><E20/><V16/><F102/><W118/><G118/><T27/><D111/><U96/><E96/><V6/><F45/><W87/><G73/><T121/><D121/><U104/><E104/><V58/><F58/><W74/><G74/><T133/><D46/><U65/><E65/><V126/><F126/><W60/><G37/><T130/><D130/><U48/><E48/><V50/><F50/><W75/><G36/><T55/><D133/><AGARI ba="1,0" hai="13,14,15,52,56,63,91,94,99,133,135" m="43049" machi="133" ten="40,8000,1" yaku="11,1,52,2,54,1" doraHai="129" who="1" fromWho="0" sc="376,-83,240,83,134,0,250,0" /><INIT seed="1,0,0,0,0,57" ten="293,323,134,250" oya="1" hai0="87,131,108,85,74,22,129,69,124,59,34,126,82" hai1="27,43,90,62,19,70,72,58,44,101,79,24,115" hai2="104,63,100,39,106,14,76,68,111,48,75,122,35" hai3="53,38,21,30,120,112,7,6,117,86,32,64,78"/><U60/><E115/><V95/><F122/><W9/><G38/><T0/><D34/><U77/><E101/><V130/><F39/><W91/><G112/><T119/><D69/><U45/><E70/><V97/><F35/><W114/><G78/><N who="1" m="29706" /><E72/><V67/><F111/><W36/><G36/><T28/><D0/><U99/><E58/><V26/><F130/><N who="0" m="49674" /><D108/><U3/><E3/><V118/><F118/><W65/><G32/><T56/><D74/><U113/><E113/><V55/><F26/><N who="1" m="9769" /><E19/><V73/><F75/><W110/><G110/><T4/><D4/><U51/><E45/><V46/><F14/><W17/><G7/><T89/><D119/><U23/><E23/><V98/><F97/><W33/><G21/><T13/><D87/><U93/><AGARI ba="0,0" hai="43,44,51,60,62,90,93,99" m="9769,29706" machi="93" ten="30,6000,0" yaku="8,1,52,2" doraHai="57" who="1" fromWho="1" sc="293,-20,323,60,134,-20,250,-20" /><INIT seed="1,1,0,2,5,63" ten="273,383,114,230" oya="1" hai0="94,16,0,66,86,82,17,112,90,135,102,22,20" hai1="114,71,9,72,117,52,122,47,80,59,134,1,43" hai2="107,10,69,31,120,84,77,4,105,14,93,87,128" hai3="48,79,111,39,115,26,62,57,68,12,101,124,64"/><U104/><E122/><V130/><F120/><W25/><G115/><T42/><D0/><U89/><E114/><V123/><F123/><W18/><G39/><T81/><D42/><U100/><E117/><V75/><F31/><W33/><G111/><T85/><D135/><U133/><E71/><V76/><F69/><W54/><G124/><T6/><D6/><N who="1" m="1231" /><E100/><V116/><F14/><W119/><G119/><T73/><D73/><U27/><E27/><V37/><F10/><W110/><G110/><T65/><D112/><U70/><E70/><V13/><F13/><W53/><G79/><T29/><D29/><U56/><E104/><N who="2" m="40011" /><F4/><W36/><G36/><T97/><D20/><U3/><E3/><V2/><F2/><W67/><G101/><T30/><D30/><U60/><E56/><V58/><F58/><N who="3" m="35159" /><G33/><T23/><D23/><U45/><E89/><N who="2" m="53415" /><F37/><W46/><G68/><T113/><D113/><U15/><E15/><V125/><F116/><W35/><G35/><T61/><D61/><U109/><E109/><V131/><F125/><W95/><G57/><T98/><D98/><U40/><E40/><V106/><N who="2" m="40019" /><V51/><DORA hai="91" /><F51/><W92/><G26/><N who="0" m="14663" /><D17/><U24/><E24/><V38/><F38/><W19/><G25/><T5/><D5/><U55/><E43/><V50/><F50/><W121/><G121/><T28/><D28/><U74/><E45/><V41/><F41/><W34/><G34/><T126/><D126/><U78/><E47/><V44/><F44/><W99/><G19/><T127/><D127/><U88/><E55/><V103/><F75/><RYUUKYOKU ba="1,0" sc="273,30,383,-10,114,-10,230,-10" hai0="65,66,81,82,85,86,90,94,97,102" /><INIT seed="2,2,0,1,3,73" ten="303,373,104,220" oya="2" hai0="18,67,77,85,53,71,69,88,74,106,21,120,70" hai1="130,2,38,0,3,110,34,46,58,26,41,7,111" hai2="116,83,109,27,66,49,14,90,13,96,61,121,28" hai3="97,127,52,39,40,50,108,132,33,17,20,43,100"/><V81/><F116/><W42/><G33/><T126/><D106/><U102/><E130/><V92/><F121/><W35/><G35/><T128/><D120/><U45/><E102/><V11/><F109/><N who="1" m="41481" /><E58/><V47/><F81/><W51/><G127/><T25/><D128/><U37/><E7/><V24/><F28/><W32/><G32/><T135/><D126/><U1/><E1/><V30/><F30/><W134/><G39/><N who="1" m="14858" /><E41/><V16/><F14/><W4/><G4/><T82/><D53/><U131/><E131/><V114/><F114/><W15/><G108/><T101/><D101/><U98/><E98/><V65/><F65/><W57/><REACH who="3" step="1"/><G51/><REACH who="3" ten="303,373,104,210" step="2"/><T9/><D135/><U64/><E34/><V89/><F61/><W75/><G75/><T112/><D112/><U48/><E48/><V84/><REACH who="2" step="1"/><F66/><REACH who="2" ten="303,373,94,210" step="2"/><W19/><G19/><T6/><D74/><U5/><E64/><V12/><F12/><W129/><G129/><T125/><D67/><U76/><E5/><V86/><F86/><W103/><G103/><T94/><D125/><U59/><E0/><V63/><F63/><W118/><G118/><T44/><D70/><U119/><E2/><V22/><F22/><W68/><G68/><T10/><D69/><U87/><E87/><V62/><F62/><W115/><G115/><T99/><D71/><U93/><E3/><V122/><F122/><W23/><G23/><T95/><D6/><U80/><E119/><V31/><F31/><W91/><G91/><N who="0" m="55775" /><D44/><U56/><E46/><V8/><F8/><W60/><G60/><T133/><D133/><U72/><E45/><RYUUKYOKU ba="2,2" sc="303,10,373,-30,94,10,210,10" hai0="9,10,18,21,25,77,82,85,88,95" hai2="11,13,16,24,27,47,49,83,84,89,90,92,96" hai3="15,17,20,40,42,43,50,52,57,97,100,132,134" /><INIT seed="2,3,2,1,1,93" ten="313,343,104,220" oya="2" hai0="26,25,37,55,97,18,81,41,29,69,39,121,3" hai1="82,100,135,78,10,95,101,24,35,57,44,72,11" hai2="89,42,5,58,52,94,104,134,46,79,7,4,14" hai3="8,115,120,83,123,60,23,48,116,112,22,16,91"/><V111/><F134/><W0/><G60/><T98/><D121/><N who="3" m="46665" /><G48/><T49/><D69/><U125/><E125/><V63/><F104/><W21/><G83/><T113/><D113/><N who="3" m="43593" /><G91/><T17/><D3/><U54/><E135/><V20/><F111/><W62/><G62/><T27/><D81/><U64/><E64/><V129/><F129/><W28/><G28/><T66/><D29/><U6/><E44/><V133/><F133/><W105/><G105/><T73/><D73/><U33/><E54/><V75/><F75/><W84/><G84/><T106/><D66/><U99/><E57/><V107/><F107/><W71/><G71/><T90/><D106/><U43/><E43/><V132/><F132/><W87/><G87/><T126/><D126/><U108/><E101/><V51/><F79/><W1/><G116/><T86/><D39/><U127/><E127/><V80/><F80/><W36/><G36/><T53/><D37/><U114/><E114/><V67/><F67/><W88/><G88/><T47/><D55/><U68/><E100/><V74/><F74/><W13/><AGARI ba="3,2" hai="0,1,8,13,16,21,22,23" m="43593,46665" machi="13" ten="40,8000,1" yaku="11,1,34,2,54,1" doraHai="93" who="3" fromWho="3" sc="313,-23,343,-23,104,-43,220,109" /><INIT seed="3,0,0,3,1,13" ten="290,320,61,329" oya="3" hai0="41,91,44,73,131,92,30,134,89,80,72,59,51" hai1="61,105,54,35,116,126,45,115,40,101,0,24,34" hai2="82,90,47,81,68,133,16,67,27,102,121,15,104" hai3="78,26,130,52,94,118,4,135,113,70,63,39,75"/><W65/><G113/><T110/><D110/><U53/><E116/><V103/><F133/><W109/><G118/><T128/><D30/><U57/><E0/><V14/><F121/><W33/><G39/><T84/><D59/><U124/><E115/><V9/><F104/><W8/><G130/><N who="0" m="49707" /><D134/><U114/><E114/><V37/><F67/><W127/><G127/><N who="1" m="48682" /><E101/><V77/><F68/><W46/><G109/><T125/><D125/><U28/><E105/><V48/><F37/><W119/><G119/><T123/><D123/><U42/><E35/><V86/><F27/><W79/><G26/><T32/><D32/><U23/><E34/><V7/><F81/><W56/><G33/><T96/><AGARI ba="0,0" hai="41,44,51,72,73,80,84,89,91,92,96" m="49707" machi="96" ten="30,1100,0" yaku="19,1" doraHai="13" who="0" fromWho="0" sc="290,11,320,-3,61,-3,329,-5" /><INIT seed="4,0,0,2,1,116" ten="301,317,58,324" oya="0" hai0="43,23,17,69,40,27,94,134,82,119,57,47,108" hai1="127,88,14,12,66,102,24,63,25,75,135,106,133" hai2="5,38,39,76,51,33,96,28,9,3,6,113,131" hai3="49,58,65,84,59,29,60,74,124,55,85,11,110"/><T125/><D69/><U89/><E75/><V97/><F96/><W100/><G110/><T26/><D119/><U35/><E127/><V8/><F113/><W122/><G74/><T34/><D108/><U46/><E46/><V48/><F51/><W112/><G124/><T104/><D104/><U103/><E106/><V50/><F48/><W107/><G29/><T90/><D125/><U79/><E63/><V80/><F50/><W99/><G112/><T42/><D82/><U117/><E117/><V92/><F92/><W7/><REACH who="3" step="1"/><G122/><REACH who="3" ten="301,317,58,314" step="2"/><T115/><D115/><U130/><E35/><V126/><F126/><W67/><G67/><T4/><D34/><U72/><E72/><N who="2" m="43015" /><F131/><W2/><AGARI ba="0,1" hai="2,7,11,49,55,58,59,60,65,84,85,99,100,107" machi="2" ten="20,5200,0" yaku="1,1,0,1,7,1,53,1" doraHai="116" doraHaiUra="62" who="3" fromWho="3" sc="301,-26,317,-13,58,-13,314,62" /><INIT seed="5,0,0,1,3,110" ten="275,304,45,376" oya="1" hai0="2,93,101,119,120,46,90,0,62,69,58,63,47" hai1="52,79,88,44,12,3,107,76,129,59,26,41,95" hai2="130,34,54,49,99,135,87,15,131,128,127,134,8" hai3="65,75,24,56,104,67,122,43,4,22,113,83,37"/><U84/><E3/><V92/><F34/><W9/><G104/><T27/><D119/><U23/><E107/><V40/><F40/><W33/><G122/><T1/><D101/><U96/><E12/><V71/><F87/><W10/><G10/><T68/><D120/><U132/><E132/><V133/><F71/><W6/><G6/><T125/><D27/><U81/><E129/><V115/><F54/><W103/><G103/><T28/><D28/><N who="1" m="17503" /><E44/><V111/><F49/><W35/><G35/><T89/><D125/><U85/><E41/><V118/><F92/><W17/><G33/><T94/><D1/><U13/><E13/><V86/><F86/><N who="1" m="33385" /><E81/><V98/><F118/><W50/><G83/><T53/><D58/><U70/><E70/><V82/><F82/><W91/><G56/><T80/><D80/><U14/><E14/><V32/><F32/><W116/><G43/><T72/><REACH who="0" step="1"/><D53/><REACH who="0" ten="265,304,45,376" step="2"/><U11/><E11/><V39/><F111/><W108/><G9/><T7/><D7/><U21/><E21/><V74/><F74/><AGARI ba="0,1" hai="0,2,46,47,62,63,68,69,72,74,89,90,93,94" machi="74" ten="25,3200,0" yaku="1,1,22,2,53,0" doraHai="110" doraHaiUra="25" who="0" fromWho="2" sc="265,42,304,0,45,-32,376,0" /><INIT seed="6,0,0,1,1,75" ten="307,304,13,376" oya="2" hai0="128,65,50,48,135,29,89,105,11,42,122,134,19" hai1="96,36,90,9,17,62,59,44,20,61,7,97,18" hai2="91,22,21,74,13,130,40,133,121,41,86,104,6" hai3="87,54,109,80,132,95,45,69,76,46,58,2,49"/><V14/><F121/><W23/><G69/><T115/><D105/><U31/><E36/><V47/><F74/><W124/><G109/><T107/><D107/><U67/><E44/><V103/><F130/><W83/><G2/><T15/><D122/><U111/><E111/><V110/><F110/><W39/><G124/><T114/><D65/><U60/><E31/><V78/><F133/><N who="0" m="50698" /><D29/><U70/><E90/><V106/><F104/><W119/><G119/><T100/><D100/><U28/><E28/><V118/><F118/><W81/><G132/><T92/><D128/><U51/><E51/><N who="0" m="19497" /><D42/><N who="2" m="16490" /><F106/><W131/><G39/><T64/><D64/><U82/><E82/><N who="3" m="31274" /><G131/><T10/><D11/><U63/><E70/><V43/><F103/><W25/><G95/><T79/><D79/><U5/><E9/><N who="2" m="4279" /><F14/><W99/><G46/><T123/><D123/><U0/><E0/><V68/><F68/><W88/><G45/><T55/><D55/><U24/><REACH who="1" step="1"/><E18/><REACH who="1" ten="307,294,13,376" step="2"/><V1/><F1/><W120/><G120/><T73/><D73/><U52/><E52/><V30/><F30/><N who="3" m="17727" /><G54/><T101/><D101/><U3/><E3/><V33/><F33/><W27/><G81/><T32/><D32/><U108/><E108/><V56/><F56/><W93/><G58/><T113/><D115/><U37/><E37/><N who="2" m="21999" /><F91/><W125/><G88/><T116/><D116/><U102/><E102/><V72/><F72/><W57/><G57/><T127/><D127/><U38/><E38/><V129/><F129/><W94/><G125/><T77/><D114/><U34/><E34/><V12/><F12/><W85/><G49/><RYUUKYOKU ba="0,1" sc="307,-15,294,15,13,15,376,-15" hai1="5,7,17,20,24,59,60,61,62,63,67,96,97" hai2="21,22,78,86" /><INIT seed="6,1,1,3,1,69" ten="292,309,28,361" oya="2" hai0="122,18,58,17,1,98,37,118,64,86,112,100,70" hai1="124,130,27,60,117,26,54,93,135,113,8,31,56" hai2="116,13,53,62,57,90,108,104,12,47,24,120,82" hai3="39,81,68,21,25,125,10,99,38,9,23,4,89"/><V41/><F116/><W7/><G68/><T84/><D70/><U123/><E117/><V126/><F120/><W59/><G59/><T111/><D122/><U66/><E113/><V110/><F126/><W91/><G99/><T51/><D37/><U3/><E124/><V50/><F104/><W80/><G125/><T65/><D1/><U119/><E119/><V40/><F24/><W44/><G44/><T32/><D32/><U67/><E130/><V16/><F41/><W72/><G25/><T97/><D111/><N who="2" m="42538" /><F90/><W77/><G77/><T29/><D29/><U71/><E123/><V45/><F82/><W0/><G0/><T49/><D58/><U76/><E76/><V101/><F101/><W42/><G42/><T129/><D118/><U73/><E73/><AGARI ba="1,1" hai="4,7,9,10,21,23,38,39,72,73,80,81,89,91" machi="73" ten="25,6400,0" yaku="22,2,52,2" doraHai="69" who="3" fromWho="1" sc="292,0,309,-67,28,0,361,77" /><INIT seed="7,0,0,4,0,67" ten="292,242,28,438" oya="3" hai0="72,65,41,128,49,66,18,3,126,15,91,63,101" hai1="97,80,111,59,61,62,50,131,30,104,134,52,114" hai2="75,105,12,82,54,11,19,34,35,58,69,81,5" hai3="94,2,123,6,113,25,74,118,10,119,60,77,43"/><W71/><G25/><T16/><D3/><U107/><E111/><V89/><F105/><W83/><G94/><T9/><D72/><U46/><E114/><V39/><F39/><W21/><G21/><T99/><D126/><U40/><E131/><V53/><F81/><W7/><G7/><T36/><D36/><U124/><E124/><V64/><F75/><W73/><G74/><T125/><D128/><U55/><E134/><V24/><F69/><W95/><G95/><T127/><D91/><U76/><E97/><V98/><F35/><W32/><G32/><T86/><D86/><U45/><E30/><V28/><F58/><W13/><G13/><T78/><D66/><U121/><E121/><V85/><F98/><W56/><G56/><T20/><D78/><U29/><E29/><V31/><F31/><W14/><G14/><T120/><D120/><U27/><E27/><V112/><F64/><N who="3" m="41351" /><G43/><T4/><D20/><U87/><REACH who="1" step="1"/><E62/><REACH who="1" ten="292,232,28,438" step="2"/><V135/><F112/><W38/><G123/><T133/><D133/><U90/><E90/><V1/><REACH who="2" step="1"/><F135/><REACH who="2" ten="292,232,18,438" step="2"/><W68/><G113/><T96/><D125/><U106/><E106/><V109/><F109/><W103/><G119/><T110/><D99/><U51/><AGARI ba="0,2" hai="40,45,46,50,51,52,55,59,61,76,80,87,104,107" machi="51" ten="20,5200,0" yaku="1,1,0,1,7,1,54,1,53,0" doraHai="67" doraHaiUra="17" who="1" fromWho="1" sc="292,-13,232,72,18,-13,438,-26" owari="279,-12.1,304,10.4,5,-49.5,412,51.2" /></mjloggm>