<mjloggm ver="2.3"><GO type="41" lobby="0"/><UN n0="%52%41%4A%49" n1="%E2%93%9D%4C%75%63%6B%79%4A" n2="%48%65%69%7A%6F" n3="%E5%A4%A9%E9%9D%92%E8%89%B2%E6%98%A0%E8%8A%B1%E6%B5%B7" dan="14,15,14,14" rate="1914.16,2129.30,1920.19,2055.70" sx="M,M,M,M"/><TAIKYOKU oya="0"/><INIT seed="0,0,0,2,1,42" ten="250,250,250,250" oya="0" hai0="33,107,77,125,119,117,37,91,26,78,2,21,84" hai1="114,32,81,58,93,25,1,53,52,86,82,62,43" hai2="100,123,12,5,7,105,41,74,40,13,72,132,61" hai3="60,102,15,46,95,80,55,66,30,113,73,20,54"/><T14/><D107/><U10/><E114/><V112/><F123/><W122/><G113/><T111/><D2/><U27/><E43/><V83/><F112/><W70/><G122/><T88/><D125/><U56/><E32/><V109/><F61/><W65/><G65/><T49/><D37/><U76/><E82/><V67/><F83/><W28/><G102/><T116/><D33/><U51/><E1/><V63/><F63/><W99/><G15/><T44/><D14/><U96/><REACH who="1" step="1"/><E10/><REACH who="1" ten="250,240,250,250" step="2"/><V18/><F132/><W106/><G80/><N who="0" m="49159" /><D119/><U6/><E6/><V50/><F5/><W92/><G20/><T79/><D117/><U97/><E97/><V0/><F7/><W11/><G99/><T48/><D116/><U130/><E130/><V103/><F0/><W69/><G11/><T64/><D111/><U128/><E128/><V87/><F109/><W17/><G73/><T115/><D115/><U31/><E31/><V38/><F41/><W89/><G30/><N who="0" m="17743" /><D64/><U34/><E34/><V24/><F67/><W104/><G66/><T131/><D131/><U110/><E110/><V22/><F74/><W120/><G120/><T19/><D19/><U90/><AGARI ba="0,1" hai="25,27,51,52,53,56,58,62,76,81,86,90,93,96" machi="90" ten="20,12000,2" yaku="1,1,0,1,7,1,8,1,54,1,53,1" doraHai="42" doraHaiUra="94" who="1" fromWho="1" sc="250,-60,240,130,250,-30,250,-30" /><INIT seed="1,0,0,3,0,29" ten="190,370,220,220" oya="1" hai0="117,96,95,63,73,23,40,55,12,61,27,131,119" hai1="134,36,90,6,19,58,30,17,47,21,105,52,68" hai2="106,7,32,20,126,9,10,116,25,92,94,59,70" hai3="49,108,35,102,22,3,43,37,81,69,110,125,75"/><U48/><E105/><V87/><F106/><W101/><G69/><T79/><D131/><U8/><E68/><V16/><F70/><W128/><G3/><T65/><D40/><U56/><E134/><V51/><F116/><W127/><G37/><T72/><D12/><N who="1" m="5143" /><E36/><V124/><F32/><W5/><G5/><T86/><D119/><U50/><E90/><V64/><F64/><W54/><G43/><T104/><D104/><U2/><E2/><V44/><F59/><N who="1" m="22569" /><E50/><V62/><F62/><W122/><G49/><T114/><D117/><U98/><E98/><V84/><F87/><W120/><G54/><T109/><D114/><U71/><E71/><V28/><F84/><W107/><G107/><T129/><D73/><U85/><E85/><V11/><F28/><W26/><G75/><T39/><D72/><U130/><E130/><V121/><F7/><W118/><G118/><T78/><D39/><U135/><E135/><V115/><F121/><W100/><G128/><T41/><D129/><U97/><E97/><V77/><F77/><W66/><G122/><T53/><D86/><U123/><E123/><V4/><F4/><W33/><G120/><T76/><D76/><U15/><E19/><V89/><F89/><W83/><G102/><T38/><D79/><U31/><AGARI ba="0,0" hai="15,17,21,30,31,47,48,52" m="22569,5143" machi="31" ten="30,3000,0" yaku="8,1,54,1" doraHai="29" who="1" fromWho="1" sc="190,-10,370,30,220,-10,220,-10" /><INIT seed="1,1,0,5,2,15" ten="180,400,210,210" oya="1" hai0="60,33,91,96,85,131,74,130,76,77,57,36,6" hai1="122,22,120,110,105,2,26,107,21,7,29,115,12" hai2="31,86,34,82,9,41,62,119,90,72,55,66,3" hai3="127,135,56,126,43,94,45,133,54,124,71,112,97"/><U63/><E107/><V87/><F72/><W17/><G112/><T70/><D70/><U132/><E105/><V10/><F41/><W128/><G71/><T32/><D36/><U79/><E79/><V64/><F3/><W69/><G69/><T114/><D74/><U38/><E63/><V44/><F31/><W53/><G17/><T14/><D114/><U67/><E67/><V108/><F34/><W65/><G94/><T46/><D96/><U88/><E38/><V24/><F24/><W4/><G4/><T37/><D33/><U28/><E132/><N who="3" m="50762" /><G97/><T106/><D32/><U50/><E115/><V73/><F73/><W101/><G101/><T109/><D106/><U100/><E100/><V58/><F108/><W11/><G11/><N who="2" m="4105" /><F44/><W81/><G81/><T47/><D109/><U116/><E110/><V35/><F35/><W59/><G128/><N who="0" m="49195" /><D6/><U95/><E7/><V20/><F119/><W48/><G65/><N who="0" m="39055" /><D14/><U23/><E12/><V1/><F1/><W52/><AGARI ba="1,0" hai="43,45,48,52,53,54,56,59,124,126,127" m="50762" machi="52" ten="40,8000,1" yaku="18,1,20,1,34,2,54,1" doraHai="15" who="3" fromWho="3" sc="180,-21,400,-41,210,-21,210,83" /><INIT seed="2,0,0,0,3,125" ten="159,359,189,293" oya="2" hai0="52,23,1,53,98,36,17,119,124,26,45,0,42" hai1="76,3,130,38,107,78,118,115,105,84,92,132,2" hai2="57,61,117,10,32,8,134,103,39,60,110,37,4" hai3="114,99,20,108,89,106,46,56,43,16,82,135,18"/><V66/><F117/><W86/><G108/><T80/><D124/><U71/><E38/><V5/><F32/><W81/><G135/><T126/><D126/><U7/><E7/><V21/><F110/><W96/><G114/><T59/><D119/><U11/><E11/><V69/><F103/><W116/><G116/><T48/><D98/><U120/><E71/><V128/><F134/><W72/><G56/><T77/><REACH who="0" step="1"/><D53/><REACH who="0" ten="149,359,189,293" step="2"/><U68/><E118/><V6/><F37/><W90/><G99/><T122/><D122/><U54/><E54/><V24/><F39/><W83/><G96/><T44/><D44/><U97/><E97/><V123/><F123/><W9/><G46/><T12/><D12/><U70/><E132/><V113/><F113/><W65/><G43/><T35/><D35/><U25/><E115/><V131/><F61/><W91/><G106/><T95/><D95/><U112/><E92/><V100/><F100/><W22/><G82/><T73/><AGARI ba="0,1" hai="0,1,17,23,26,36,42,45,48,52,59,73,77,80" machi="73" ten="20,5200,0" yaku="1,1,0,1,7,1,54,1,53,0" doraHai="125" doraHaiUra="67" who="0" fromWho="0" sc="149,62,359,-13,189,-26,293,-13" /><INIT seed="3,0,0,5,4,129" ten="211,346,163,280" oya="3" hai0="109,100,121,82,53,86,72,116,28,55,102,124,133" hai1="31,123,35,67,87,26,119,34,114,76,112,56,135" hai2="64,111,18,130,8,13,49,22,77,105,1,21,117" hai3="42,88,44,23,68,0,37,51,99,7,19,93,58"/><W71/><G0/><T89/><D121/><U94/><E123/><V41/><F117/><W52/><REACH who="3" step="1"/><G7/><REACH who="3" ten="211,346,163,270" step="2"/><T3/><D116/><U104/><E119/><V4/><F130/><W132/><G132/><T85/><D133/><U134/><E135/><V63/><F105/><W16/><G16/><T103/><D3/><U75/><E134/><V118/><F118/><W15/><AGARI ba="0,1" hai="15,19,23,37,42,44,51,52,58,68,71,88,93,99" machi="15" ten="20,18000,2" yaku="1,1,0,1,7,1,54,2,53,1" doraHai="129" doraHaiUra="14" who="3" fromWho="3" sc="211,-60,346,-60,163,-60,270,190" /><INIT seed="3,1,0,0,1,89" ten="151,286,103,460" oya="3" hai0="47,131,75,109,67,102,21,124,86,6,80,108,127" hai1="101,104,126,83,46,58,128,38,90,37,92,36,120" hai2="81,55,118,105,134,121,116,61,56,130,33,57,72" hai3="60,132,39,110,32,11,54,135,87,133,17,20,70"/><W35/><G39/><T40/><D67/><U97/><E120/><V2/><F33/><W22/><G87/><T44/><D6/><U112/><E112/><V29/><F2/><W114/><G114/><T93/><D21/><N who="3" m="8297" /><G54/><T12/><D12/><U14/><E126/><N who="0" m="48169" /><D47/><U117/><E128/><V19/><F130/><W45/><G45/><T5/><D5/><U71/><E71/><V48/><F105/><W96/><G96/><N who="0" m="59663" /><D131/><U8/><E46/><V85/><F72/><W125/><G125/><T15/><D15/><U10/><E14/><V100/><F29/><W25/><G60/><T59/><D59/><U24/><E58/><V23/><F121/><W16/><G70/><T95/><D44/><U77/><E38/><V28/><F28/><N who="3" m="19471" /><G35/><T99/><D40/><U4/><E37/><V42/><F57/><W103/><G103/><N who="0" m="60927" /><D75/><U50/><E36/><V106/><F42/><W31/><G31/><T115/><D115/><U41/><E41/><V1/><F61/><W62/><G62/><T84/><D84/><U18/><E97/><V53/><F53/><W107/><G11/><T69/><D69/><U98/><E10/><V68/><F68/><W129/><G129/><T13/><D13/><U7/><E8/><V94/><F56/><W79/><G17/><T74/><D74/><N who="1" m="43447" /><E18/><V51/><F19/><W0/><G16/><T49/><D49/><U119/><E50/><V123/><F51/><W113/><G113/><T91/><AGARI ba="1,0" hai="80,86,91,108,109" m="60927,59663,48169" machi="91" ten="30,8000,1" yaku="18,1,34,2,52,2" doraHai="89" who="0" fromWho="0" sc="151,83,286,-21,103,-21,460,-41" /><INIT seed="4,0,0,1,1,116" ten="234,265,82,419" oya="0" hai0="78,52,100,135,99,26,19,121,66,106,10,97,95" hai1="1,32,88,73,20,40,8,122,101,102,11,4,13" hai2="71,63,68,109,64,28,72,104,53,70,50,103,55" hai3="3,128,119,96,84,37,91,76,48,2,93,41,130"/><T124/><D124/><U42/><E32/><V111/><F72/><W54/><G119/><T43/><D43/><U120/><E73/><V25/><F55/><W114/><G114/><T0/><D135/><U22/><E13/><V134/><F134/><W47/><G76/><T21/><D78/><U59/><E59/><V74/><F74/><W92/><G37/><T89/><D66/><U123/><E88/><V65/><F71/><W15/><G15/><T30/><D121/><U27/><E27/><V85/><F85/><W125/><G41/><N who="1" m="15978" /><E4/><V12/><F12/><W118/><G125/><T24/><D0/><U57/><E57/><V83/><F83/><W117/><G117/><T38/><D38/><U98/><E98/><N who="2" m="61559" /><F65/><W23/><G23/><N who="1" m="8746" /><E1/><V36/><F36/><W31/><G118/><T87/><D10/><AGARI ba="0,0" hai="8,10,11,101,102,120,122,123" m="8746,15978" machi="10" ten="40,8000,1" yaku="28,2,52,3" doraHai="116" who="1" fromWho="0" sc="234,-80,265,80,82,0,419,0" /><INIT seed="5,0,0,4,5,107" ten="154,345,82,419" oya="1" hai0="30,33,74,93,108,49,28,78,48,14,69,23,20" hai1="43,85,50,54,39,29,5,109,122,120,64,129,114" hai2="15,36,106,99,35,2,98,105,10,103,72,21,34" hai3="123,66,8,81,126,70,41,94,101,110,77,111,104"/><U44/><E29/><V40/><F2/><W56/><G70/><T96/><D69/><U46/><E5/><V119/><F21/><W127/><G41/><T0/><D0/><U82/><E129/><V128/><F119/><W79/><G8/><T12/><D108/><N who="3" m="41513" /><G56/><T32/><D78/><N who="3" m="29705" /><G66/><T116/><D93/><U38/><E114/><V87/><F87/><W51/><G51/><T45/><D45/><U75/><E75/><V76/><F40/><W117/><G123/><T80/><D96/><U60/><E82/><V118/><F36/><N who="1" m="13865" /><E85/><V22/><F22/><W84/><G104/><T1/><D1/><U19/><E19/><V7/><F128/><W59/><G59/><T125/><D80/><U58/><E109/><V31/><F31/><W61/><G61/><T37/><D37/><AGARI ba="0,0" hai="37,43,44,46,50,54,58,60,64,120,122" m="13865" machi="37" ten="30,2900,0" yaku="34,2" doraHai="107" who="1" fromWho="0" sc="154,-29,345,29,82,0,419,0" /><INIT seed="5,1,0,0,0,121" ten="125,374,82,419" oya="1" hai0="66,19,28,0,22,32,93,79,65,99,16,72,70" hai1="50,126,111,118,75,12,60,77,104,67,83,134,94" hai2="26,49,110,107,97,98,58,125,90,11,89,34,54" hai3="86,8,133,14,109,128,73,7,55,91,20,29,105"/><U9/><E118/><V95/><F125/><W43/><G109/><T129/><D0/><U4/><E126/><V117/><F117/><W46/><G73/><T27/><D129/><U59/><E104/><V40/><F40/><W114/><G105/><T24/><D19/><U52/><E134/><V23/><F11/><W10/><G114/><T17/><D17/><U103/><E111/><V127/><F34/><W119/><G128/><T38/><D38/><U57/><E94/><V69/><F69/><W123/><G123/><T131/><D131/><U116/><E116/><V82/><F107/><W31/><G55/><T41/><D41/><U13/><REACH who="1" step="1"/><E103/><REACH who="1" ten="125,364,82,419" step="2"/><V18/><F110/><W53/><G133/><T21/><D93/><U1/><AGARI ba="1,1" hai="1,4,9,12,13,50,52,57,59,60,67,75,77,83" machi="1" ten="20,12000,1" yaku="1,1,2,1,0,1,7,1,54,1,53,0" doraHai="121" doraHaiUra="85" who="1" fromWho="1" sc="125,-41,364,133,82,-41,419,-41" /><INIT seed="5,2,0,4,2,22" ten="84,497,41,378" oya="1" hai0="125,62,87,51,1,8,52,37,43,126,96,130,74" hai1="66,24,80,21,48,53,47,49,67,131,20,12,97" hai2="68,7,36,17,124,64,101,11,46,122,119,55,86" hai3="82,58,123,6,116,2,91,133,34,59,61,5,19"/><U83/><E131/><V70/><F119/><W105/><G123/><T72/><D130/><U84/><E97/><V39/><F122/><W26/><G105/><T65/><D96/><U92/><E21/><V50/><F101/><W9/><G133/><T115/><D115/><U63/><E12/><V93/><F124/><N who="0" m="47722" /><D43/><U88/><E49/><V111/><F111/><W27/><G116/><T120/><D37/><U57/><E67/><V10/><F64/><W18/><G34/><T54/><D120/><U90/><E90/><V100/><F100/><W135/><G135/><T69/><D87/><U13/><E13/><V102/><F102/><W45/><G45/><N who="0" m="27759" /><D54/><U16/><AGARI ba="2,0" hai="16,20,24,47,48,53,57,63,66,80,83,84,88,92" machi="16" ten="20,18000,2" yaku="0,1,7,1,8,1,52,1,54,2" doraHai="22" who="1" fromWho="1" sc="84,-62,497,186,41,-62,378,-62" owari="22,-37.8,683,78.3,-21,-52.1,316,11.6" /></mjloggm>