<mjloggm ver="2.3"><GO type="41" lobby="0"/><UN n0="%61%72%69%75%6D%61%35%39" n1="%6B%65%69%73%68%69%72%6F" n2="%E2%93%9D%4C%75%63%6B%79%4A" n3="%E3%83%96%E3%83%A9%E3%83%83%E3%82%AF%E3%83%9E" dan="14,13,13,13" rate="1964.50,1835.43,1808.63,1820.27" sx="M,M,M,M"/><TAIKYOKU oya="0"/><INIT seed="0,0,0,1,2,70" ten="250,250,250,250" oya="0" hai0="107,120,127,101,54,106,104,123,34,117,94,40,52" hai1="42,14,88,65,29,91,124,99,129,51,86,76,23" hai2="7,37,98,35,110,133,0,49,134,66,44,102,55" hai3="60,32,89,62,82,8,3,72,87,108,56,128,27"/><T25/><D117/><U1/><E1/><V97/><F35/><W121/><G128/><T79/><D127/><U69/><E76/><V135/><F66/><W20/><G108/><T67/><D67/><U12/><E129/><V33/><F33/><W114/><G114/><T58/><D40/><U92/><E69/><V78/><F78/><W15/><G32/><T73/><D54/><U28/><E65/><V85/><F85/><W53/><G3/><T36/><D36/><U13/><E23/><V39/><F110/><W100/><G72/><T74/><D74/><U130/><E124/><V18/><F18/><W57/><G100/><T80/><D94/><U17/><E17/><V93/><F98/><W61/><G121/><T111/><D111/><U105/><E105/><V125/><F125/><W68/><G68/><T50/><REACH who="0" step="1"/><D101/><REACH who="0" ten="240,250,250,250" step="2"/><U132/><E130/><V113/><F113/><W109/><G109/><T26/><D26/><U83/><REACH who="1" step="1"/><E132/><REACH who="1" ten="240,240,250,250" step="2"/><V81/><F81/><W75/><G82/><T21/><D21/><U47/><AGARI ba="0,2" hai="12,13,14,28,29,42,47,51,83,86,88,91,92,99" machi="47" ten="30,8000,1" yaku="1,1,2,1,0,1,8,1,54,1,53,0" doraHai="70" doraHaiUra="4" who="1" fromWho="1" sc="240,-40,240,100,250,-20,250,-20" /><INIT seed="1,0,0,5,4,5" ten="200,340,230,230" oya="1" hai0="100,103,4,35,129,33,130,37,126,30,76,17,75" hai1="135,60,21,9,55,86,87,18,10,14,69,64,45" hai2="131,96,114,26,20,1,81,29,111,15,13,54,42" hai3="24,59,68,11,72,53,79,16,118,49,19,132,62"/><U119/><E119/><V120/><F120/><W46/><G118/><T43/><D126/><U6/><E135/><V125/><F42/><W98/><G132/><T48/><D48/><U113/><E113/><V22/><F125/><W82/><G68/><T133/><D133/><U127/><E127/><V102/><F1/><W52/><G24/><T12/><D4/><U3/><REACH who="1" step="1"/><E21/><REACH who="1" ten="200,330,230,230" step="2"/><V57/><F22/><W34/><G34/><T108/><D35/><U88/><E88/><V65/><F114/><W95/><REACH who="3" step="1"/><G11/><REACH who="3" ten="200,330,230,220" step="2"/><N who="0" m="6303" /><D33/><U7/><E7/><V78/><F20/><W97/><G97/><T134/><D134/><U63/><E63/><V25/><F96/><W90/><AGARI ba="0,2" hai="16,19,46,49,52,53,59,62,72,79,82,90,95,98" machi="90" ten="20,8000,1" yaku="1,1,0,1,7,1,54,2,53,0" doraHai="5" doraHaiUra="110" who="3" fromWho="3" sc="200,-20,330,-40,230,-20,220,100" /><INIT seed="2,0,0,3,2,1" ten="180,290,210,320" oya="2" hai0="34,67,131,36,26,25,112,41,54,123,14,28,64" hai1="49,7,72,20,8,100,70,46,114,102,47,128,61" hai2="82,2,108,3,90,125,132,48,133,126,9,83,115" hai3="117,44,109,105,80,84,31,86,76,127,52,104,73"/><V111/><F115/><W66/><G117/><T95/><D123/><U11/><E114/><V24/><F48/><W106/><G109/><N who="2" m="42057" /><F24/><W71/><G127/><N who="2" m="48649" /><F90/><W42/><G31/><T98/><D131/><U91/><E72/><V29/><F29/><W57/><G71/><T38/><D112/><U33/><E33/><V43/><F43/><W78/><G66/><T130/><D130/><U99/><E91/><V18/><F18/><W39/><REACH who="3" step="1"/><G78/><REACH who="3" ten="180,290,210,310" step="2"/><T68/><D68/><U110/><E70/><V53/><F53/><W17/><G17/><T129/><D129/><U19/><E110/><V12/><F83/><W58/><G58/><T65/><D54/><U97/><E128/><V56/><F56/><W15/><G15/><T40/><D14/><U118/><E19/><N who="2" m="8591" /><F82/><W55/><G55/><T21/><D41/><U16/><E16/><V45/><F45/><W124/><G124/><T93/><D40/><U60/><E47/><V13/><F13/><W134/><G134/><AGARI ba="0,1" hai="2,3,132,133,134" m="8591,48649,42057" machi="134" ten="40,18000,2" yaku="20,1,14,1,10,1,18,1,34,2" doraHai="1" who="2" fromWho="3" sc="180,0,290,0,210,190,310,-180" /><INIT seed="2,1,0,3,4,30" ten="180,290,400,130" oya="2" hai0="105,115,11,84,112,97,72,87,113,79,39,89,12" hai1="135,132,27,130,74,9,100,71,24,102,35,122,104" hai2="81,76,63,33,14,80,1,37,0,66,21,110,19" hai3="55,109,133,47,118,90,49,62,56,93,69,34,129"/><V54/><F37/><W18/><G118/><T29/><D39/><U75/><E9/><V121/><F121/><W107/><G109/><T4/><D29/><U6/><E6/><V46/><F81/><W65/><G107/><T101/><REACH who="0" step="1"/><D89/><REACH who="0" ten="170,290,400,130" step="2"/><U17/><E122/><V91/><F91/><W114/><G114/><T82/><AGARI ba="1,1" hai="4,11,12,72,79,82,84,87,97,101,105,112,113,115" machi="82" ten="40,5200,0" yaku="1,1,2,1,0,1,53,0" doraHai="30" doraHaiUra="48" who="0" fromWho="0" sc="170,65,290,-14,400,-27,130,-14" /><INIT seed="3,0,0,3,4,13" ten="235,276,373,116" oya="3" hai0="83,67,21,53,35,128,45,40,80,37,70,122,78" hai1="7,129,100,72,2,105,96,3,24,52,65,38,47" hai2="91,71,39,84,126,93,9,5,10,29,26,27,81" hai3="92,34,118,112,113,60,51,79,102,41,124,125,28"/><W132/><G118/><T98/><D122/><U58/><E65/><V131/><F39/><W62/><G79/><T46/><D128/><U119/><E129/><V82/><F71/><W114/><G34/><T22/><D35/><U109/><E109/><V23/><F126/><N who="3" m="48747" /><G28/><T43/><D53/><U120/><E120/><V4/><F27/><W15/><G15/><T95/><D70/><U123/><E123/><V99/><F82/><W87/><G87/><T1/><D1/><U19/><E72/><V16/><F131/><W106/><G106/><T63/><D63/><N who="3" m="24105" /><G92/><T6/><D6/><N who="2" m="2666" /><F29/><W101/><G101/><AGARI ba="0,0" hai="9,10,16,23,26,81,84,91,93,99,101" m="2666" machi="101" ten="30,3900,0" yaku="8,1,52,1,54,1" doraHai="13" who="2" fromWho="3" sc="235,0,276,0,373,39,116,-39" /><INIT seed="4,0,0,0,1,90" ten="235,276,412,77" oya="0" hai0="88,110,9,52,84,13,65,47,25,24,134,105,112" hai1="116,87,74,118,5,29,130,115,69,127,48,92,15" hai2="27,57,60,64,46,95,59,111,83,22,12,76,58" hai3="91,97,44,78,121,30,26,125,10,56,102,126,49"/><T40/><D105/><U51/><E69/><V72/><F111/><W131/><G131/><T55/><D110/><U85/><E29/><V123/><F123/><W86/><G78/><T68/><D134/><U62/><E62/><V106/><F106/><W23/><G121/><T36/><D112/><U103/><E115/><V17/><F46/><W1/><G56/><T63/><D25/><U128/><E15/><V6/><F6/><W28/><G10/><T82/><D24/><U114/><E114/><V53/><F53/><W11/><G11/><T133/><D133/><U20/><E20/><V38/><F38/><W50/><G1/><T39/><D39/><U0/><E5/><AGARI ba="0,0" hai="5,9,13,36,40,47,52,55,63,65,68,82,84,88" machi="5" ten="30,5800,0" yaku="7,1,54,2" doraHai="90" who="0" fromWho="1" sc="235,58,276,-58,412,0,77,0" /><INIT seed="4,1,0,5,5,50" ten="293,218,412,77" oya="0" hai0="129,132,88,0,20,73,38,58,45,90,34,39,1" hai1="32,60,96,112,36,68,37,14,101,63,75,41,99" hai2="23,13,110,55,80,18,2,27,67,78,21,22,79" hai3="108,30,81,8,6,11,119,7,46,44,52,135,69"/><T25/><D73/><U126/><E75/><V26/><F110/><W70/><G108/><T49/><D34/><U62/><E126/><V47/><F67/><W9/><G119/><T121/><D121/><U48/><E14/><V94/><F2/><W97/><G135/><T91/><D132/><U122/><E122/><V28/><F94/><W124/><G124/><T100/><D129/><U114/><E32/><V113/><F113/><N who="1" m="43625" /><E68/><N who="3" m="26218" /><G30/><T61/><D100/><U53/><E41/><V116/><F80/><W19/><G97/><N who="1" m="37450" /><E101/><V93/><F93/><W57/><G81/><T3/><D25/><U123/><E123/><V102/><F102/><W12/><G12/><T131/><D20/><U125/><E125/><V103/><F103/><W98/><G98/><T24/><D24/><U29/><E29/><N who="2" m="17663" /><F116/><W40/><G40/><T76/><D76/><U134/><E134/><V106/><F106/><W5/><G19/><T64/><REACH who="0" step="1"/><D131/><REACH who="0" ten="283,218,412,77" step="2"/><U65/><E65/><V86/><F28/><W42/><G42/><AGARI ba="1,1" hai="0,1,3,38,39,42,45,49,58,61,64,88,90,91" machi="42" ten="50,9600,0" yaku="1,1,2,1,54,1,53,0" doraHai="50" doraHaiUra="133" who="0" fromWho="3" sc="283,109,218,0,412,0,77,-99" owari="392,19.2,218,-18.2,412,51.2,-22,-52.2" /></mjloggm>