<mjloggm ver="2.3"><GO type="41" lobby="0"/><UN n0="%E3%83%A4%E3%83%A2%E3%83%AA%E3%81%95%E3%82%93" n1="%E3%83%8D%E3%82%AF%E3%83%AD%E3%83%BB%E3%83%AA%E3%83%B3%E3%82%AB" n2="%6F%72%64%65%72%50" n3="%E2%93%9D%4C%75%63%6B%79%4A" dan="13,14,13,18" rate="1829.36,1937.08,1885.23,2219.33" sx="M,M,M,M"/><TAIKYOKU oya="0"/><INIT seed="0,0,0,0,0,117" ten="250,250,250,250" oya="0" hai0="88,109,120,37,95,27,135,10,127,9,112,7,102" hai1="87,106,73,107,54,38,20,98,56,39,89,128,114" hai2="18,133,63,113,5,44,25,28,130,75,103,105,19" hai3="77,85,8,96,36,86,116,118,48,81,52,2,104"/><T42/><D120/><U70/><E70/><V16/><F75/><W119/><G36/><T94/><D112/><U3/><E3/><V123/><F113/><W57/><G104/><T90/><D27/><U6/><E6/><V68/><F130/><W53/><G96/><T61/><D61/><U26/><E73/><V64/><F133/><W29/><G29/><T45/><D102/><U60/><E128/><V100/><F5/><W80/><G53/><T22/><D22/><U46/><E46/><V71/><F71/><W4/><REACH who="3" step="1"/><G119/><REACH who="3" ten="250,250,250,240" step="2"/><T122/><D135/><U43/><E114/><V23/><F105/><W99/><G99/><T111/><D127/><U129/><E98/><V50/><F103/><W97/><G97/><T66/><D66/><U49/><E38/><V32/><F100/><W24/><G24/><T82/><D37/><U35/><E39/><V55/><REACH who="2" step="1"/><F123/><REACH who="2" ten="250,250,240,240" step="2"/><W76/><AGARI ba="0,2" hai="2,4,8,48,52,57,76,77,80,81,85,86,116,118" machi="76" ten="20,12000,2" yaku="1,1,0,1,7,1,9,1,54,1,53,2" doraHai="117" doraHaiUra="83" who="3" fromWho="3" sc="250,-60,250,-30,240,-30,240,140" /><INIT seed="1,0,0,1,3,72" ten="190,220,210,380" oya="1" hai0="125,31,132,20,40,16,64,61,68,53,127,113,83" hai1="45,131,26,79,66,109,112,130,59,65,95,3,77" hai2="35,70,120,30,28,23,48,12,69,129,114,96,14" hai3="56,111,101,1,29,103,55,73,19,54,71,27,118"/><U41/><E3/><V122/><F129/><N who="1" m="49161" /><E112/><V108/><F114/><W5/><G71/><T97/><D113/><U124/><E124/><N who="0" m="47689" /><D132/><U62/><E109/><V119/><F119/><W37/><G55/><T81/><D31/><U46/><E26/><V18/><F108/><W89/><G73/><T44/><D53/><U17/><E17/><V57/><F96/><W78/><G19/><T2/><D97/><U51/><E66/><V7/><F23/><W50/><G118/><T128/><D2/><U80/><E80/><V93/><F93/><W104/><G1/><T21/><D128/><U135/><E95/><V92/><F92/><W126/><G111/><T58/><D21/><U67/><E67/><V86/><F86/><W4/><G5/><T24/><D68/><U11/><E11/><V0/><F18/><W88/><G4/><T84/><D84/><U22/><E22/><V60/><F7/><W115/><G115/><T85/><D85/><U99/><E99/><V8/><F0/><W6/><G6/><T117/><D117/><U74/><E74/><V110/><F110/><W25/><G27/><T134/><D134/><U100/><E100/><V105/><F69/><W76/><G103/><T102/><D102/><U43/><E135/><V42/><F70/><W52/><G126/><T123/><D123/><U49/><AGARI ba="0,0" hai="41,43,45,46,49,51,59,62,65,77,79" m="49161" machi="49" ten="30,6000,0" yaku="19,1,52,2" doraHai="72" who="1" fromWho="1" sc="190,-20,220,60,210,-20,380,-20" /><INIT seed="1,1,0,5,1,86" ten="170,280,190,360" oya="1" hai0="102,28,40,64,27,129,25,77,45,72,0,80,3" hai1="51,16,66,124,71,79,78,47,95,22,54,46,6" hai2="56,38,130,105,18,118,109,122,85,61,112,55,125" hai3="20,89,21,81,11,94,17,4,5,35,2,103,111"/><U90/><E6/><V74/><RYUUKYOKU type="yao9" ba="1,0" sc="170,0,280,0,190,0,360,0" hai2="18,38,55,56,61,74,85,105,109,112,118,122,125,130" /><INIT seed="1,2,0,4,0,108" ten="170,280,190,360" oya="1" hai0="130,77,3,65,37,84,132,22,25,34,5,6,118" hai1="85,58,53,123,105,80,92,30,54,48,50,83,35" hai2="91,79,13,43,96,38,115,103,81,39,129,93,68" hai3="78,94,122,64,101,28,69,66,110,15,8,33,2"/><U61/><E105/><V133/><F68/><W40/><G2/><T87/><D37/><U124/><E124/><V119/><F119/><W32/><G110/><T57/><D118/><U55/><E123/><V21/><F129/><W19/><G122/><T106/><D106/><U49/><E35/><V128/><F128/><W67/><G69/><T45/><D34/><U131/><E30/><V7/><F133/><W70/><G70/><T9/><D6/><U31/><E31/><V125/><F125/><W99/><G78/><T36/><D132/><U114/><E114/><V62/><F115/><W18/><G40/><T73/><D57/><U12/><E12/><V29/><F43/><W107/><G28/><T86/><D65/><U82/><E131/><V1/><F62/><W98/><REACH who="3" step="1"/><G19/><REACH who="3" ten="170,280,190,350" step="2"/><T76/><D130/><U52/><REACH who="1" step="1"/><E92/><REACH who="1" ten="170,270,190,350" step="2"/><V95/><F95/><W134/><G134/><T44/><D3/><U109/><E109/><V26/><F1/><W46/><G46/><T23/><D45/><U20/><E20/><V74/><F29/><W112/><G112/><T17/><D23/><U111/><E111/><V24/><F93/><W0/><G0/><T51/><D44/><U97/><E97/><V41/><F21/><W88/><AGARI ba="2,2" hai="8,15,18,32,33,64,66,67,88,94,98,99,101,107" machi="88" ten="30,4000,0" yaku="1,1,0,1,54,1,53,0" doraHai="108" doraHaiUra="71" who="3" fromWho="3" sc="170,-12,270,-22,190,-12,350,66" /><INIT seed="2,0,0,4,5,82" ten="158,248,178,416" oya="2" hai0="56,126,24,100,8,49,109,38,77,128,132,119,48" hai1="112,84,57,42,7,20,58,61,66,47,120,54,53" hai2="45,97,10,125,79,89,60,67,30,72,106,28,118" hai3="11,0,111,14,104,93,99,36,26,3,13,78,115"/><V40/><F118/><W134/><G36/><T37/><D109/><U51/><E7/><V50/><F125/><W12/><G104/><T130/><D77/><U63/><E112/><V4/><F79/><W32/><G93/><T35/><D100/><U46/><E20/><V131/><F72/><W17/><G99/><T65/><D8/><U70/><E84/><V39/><F131/><N who="0" m="50218" /><D24/><U16/><E16/><V85/><F97/><W105/><G105/><T69/><D35/><U95/><E95/><V133/><F106/><W43/><G43/><T19/><D19/><U31/><E31/><V80/><F133/><W74/><G115/><T21/><D21/><U110/><E120/><V102/><F102/><W52/><G134/><T1/><D1/><N who="3" m="585" /><G52/><N who="0" m="31751" /><D119/><U116/><E110/><V71/><REACH who="2" step="1"/><F39/><REACH who="2" ten="158,248,168,416" step="2"/><N who="0" m="14858" /><D126/><U101/><E101/><V55/><F55/><W121/><G78/><T90/><D132/><U44/><E116/><V22/><F22/><N who="3" m="13647" /><G74/><T25/><D90/><U75/><E75/><V124/><F124/><W122/><G111/><T127/><D127/><U86/><E86/><V6/><F6/><N who="3" m="3447" /><G32/><T27/><D49/><AGARI ba="0,1" hai="42,44,46,47,49,51,53,54,57,58,61,63,66,70" machi="49" ten="30,12000,2" yaku="7,1,35,6" doraHai="82" who="1" fromWho="0" sc="158,-120,248,130,168,0,416,0" /><INIT seed="3,0,0,0,0,3" ten="38,378,168,416" oya="3" hai0="31,20,0,78,17,76,45,46,79,54,29,128,122" hai1="27,19,6,112,119,92,7,135,11,16,32,117,82" hai2="126,101,13,96,134,63,93,58,87,30,23,80,116" hai3="60,35,71,2,4,75,85,57,107,102,95,89,132"/><W130/><G71/><T52/><D122/><U26/><E82/><V133/><F116/><W49/><G35/><T65/><D0/><U81/><E81/><V59/><F126/><W115/><G115/><T42/><D42/><U41/><E41/><V18/><F30/><W120/><G130/><T21/><D65/><U53/><E53/><V108/><F108/><W100/><G75/><T90/><D90/><U74/><E92/><V97/><F97/><W67/><G132/><N who="2" m="50793" /><F63/><W5/><G2/><T109/><D109/><U127/><E74/><V36/><F36/><W77/><G77/><AGARI ba="0,0" hai="13,18,23,58,59,77,80,87,93,96,101" m="50793" machi="77" ten="30,1000,0" yaku="20,1" doraHai="3" who="2" fromWho="3" sc="38,0,378,0,168,10,416,-10" /><INIT seed="4,0,0,5,3,123" ten="38,378,178,406" oya="0" hai0="53,121,115,16,2,23,80,32,114,77,109,133,78" hai1="102,65,124,79,64,14,47,81,107,117,61,134,99" hai2="82,96,56,131,127,116,60,63,46,92,41,86,33" hai3="101,88,26,103,44,72,31,73,50,74,49,91,55"/><T84/><D2/><U36/><E65/><V20/><F33/><W7/><G7/><T9/><D32/><U94/><E117/><V6/><F131/><W87/><G50/><T70/><D70/><U83/><E14/><V90/><F127/><W8/><G8/><T22/><D121/><U120/><E81/><V66/><F116/><W35/><REACH who="3" step="1"/><G91/><REACH who="3" ten="38,378,178,396" step="2"/><T5/><D133/><U45/><E134/><V37/><F6/><W130/><G130/><T0/><D78/><U76/><E79/><V62/><F20/><W52/><G52/><T108/><D53/><U110/><E120/><V129/><F129/><W97/><G97/><T113/><REACH who="0" step="1"/><D23/><REACH who="0" ten="28,378,178,396" step="2"/><U28/><E76/><AGARI ba="0,2" hai="37,41,46,56,60,62,63,66,76,82,86,90,92,96" machi="76" ten="30,1000,0" yaku="7,1" doraHai="123" who="2" fromWho="1" sc="28,0,378,-10,178,30,396,0" /><INIT seed="5,0,0,0,2,112" ten="28,368,208,396" oya="1" hai0="95,64,42,109,65,20,73,116,105,22,91,76,60" hai1="17,106,27,21,125,41,40,35,118,104,78,103,97" hai2="54,119,1,77,126,37,111,23,48,79,38,49,86" hai3="74,28,72,93,18,56,25,0,70,90,130,52,3"/><U67/><E125/><V100/><F23/><W124/><G70/><T15/><D116/><U39/><E118/><V59/><F1/><W84/><G124/><T113/><D113/><U43/><E78/><V135/><F126/><W24/><G130/><T110/><D105/><U121/><E121/><V117/><F59/><W12/><G3/><T120/><D73/><U94/><E39/><V129/><F86/><W26/><G0/><T114/><D120/><U33/><REACH who="1" step="1"/><E67/><REACH who="1" ten="28,358,208,396" step="2"/><V30/><F129/><W92/><G74/><T85/><D114/><U82/><E82/><V123/><F123/><W31/><G72/><T108/><D110/><U5/><E5/><V55/><F111/><W133/><G133/><T69/><D109/><U50/><E50/><V36/><F135/><W45/><G45/><T6/><D108/><U115/><E115/><V7/><F7/><W81/><G81/><T89/><D76/><U107/><AGARI ba="0,1" hai="17,21,27,33,35,40,41,43,94,97,103,104,106,107" machi="107" ten="40,12000,1" yaku="1,1,0,1,53,3" doraHai="112" doraHaiUra="102" who="1" fromWho="1" sc="28,-40,358,130,208,-40,396,-40" owari="-12,-51.2,488,58.8,168,-23.2,356,15.6" /></mjloggm>