<mjloggm ver="2.3"><GO type="41" lobby="0"/><UN n0="%E6%95%91%E6%B8%88%E3%81%AE%E6%8A%80%E6%B3%95" n1="%E2%93%9D%4C%75%63%6B%79%4A" n2="%6D%6F%6E%74%61%67" n3="%E3%82%8D%E3%81%B1%E3%81%A1%E3%82%87" dan="13,16,13,13" rate="1972.69,2165.66,1906.69,1884.82" sx="M,M,M,M"/><TAIKYOKU oya="0"/><INIT seed="0,0,0,0,3,27" ten="250,250,250,250" oya="0" hai0="121,99,80,60,133,33,25,95,18,67,76,32,8" hai1="52,46,15,53,51,31,9,26,72,131,98,132,35" hai2="77,73,92,104,57,50,126,83,82,47,96,74,4" hai3="71,108,34,117,12,40,28,61,54,30,62,70,16"/><T88/><D121/><U119/><E119/><V105/><F4/><W6/><G117/><T90/><D133/><U1/><E132/><V89/><F57/><W134/><G34/><T7/><D90/><U3/><E72/><N who="2" m="43303" /><F50/><W101/><G134/><T112/><D112/><U21/><E131/><V36/><F47/><W58/><G101/><T114/><D114/><U118/><E118/><V43/><F43/><W11/><G108/><T19/><D33/><U78/><E78/><V45/><F45/><W106/><G106/><N who="2" m="41065" /><F36/><W5/><G5/><T63/><D32/><U115/><E115/><V59/><F59/><W38/><G70/><T103/><D63/><U48/><E98/><V84/><F126/><W79/><G79/><AGARI ba="0,0" hai="73,74,79,83,84,89,92,96" m="41065,43303" machi="79" ten="30,8000,1" yaku="35,5" doraHai="27" who="2" fromWho="3" sc="250,0,250,0,250,80,250,-80" /><INIT seed="1,0,0,1,1,112" ten="250,250,330,170" oya="1" hai0="133,44,66,96,51,33,82,120,71,41,26,22,77" hai1="32,119,90,103,99,113,102,105,73,57,67,17,76" hai2="83,3,48,117,50,110,69,106,24,70,100,88,43" hai3="55,42,46,129,79,23,89,101,132,19,121,7,56"/><U16/><E113/><V34/><F3/><W9/><G121/><T38/><D133/><U37/><E37/><V111/><F100/><W30/><G132/><T10/><D33/><U128/><E32/><V84/><F106/><W6/><G129/><T52/><D120/><U92/><E128/><V4/><F4/><W86/><G101/><T131/><D131/><U13/><E119/><V95/><F43/><W45/><G30/><T49/><D96/><U58/><E67/><V25/><F83/><W107/><G107/><T61/><D10/><U53/><E58/><V126/><F126/><W54/><G55/><T98/><D98/><U27/><E73/><V135/><F135/><W124/><G79/><T81/><D77/><U2/><E2/><V122/><F122/><W87/><G86/><T115/><D51/><U18/><E76/><V123/><F123/><W108/><G108/><N who="2" m="41513" /><F34/><W11/><G7/><T35/><D35/><U134/><E134/><V5/><F5/><W60/><G6/><T93/><D93/><U59/><E59/><V21/><F25/><W125/><G125/><T40/><D115/><U109/><E109/><V85/><F85/><W104/><G104/><T80/><REACH who="0" step="1"/><D38/><REACH who="0" ten="240,250,330,170" step="2"/><U20/><E105/><V62/><F62/><W97/><G97/><T63/><D63/><N who="1" m="36271" /><E18/><AGARI ba="0,1" hai="18,22,26,40,41,44,49,52,61,66,71,80,81,82" machi="18" ten="40,2600,0" yaku="1,1,54,1,53,0" doraHai="112" doraHaiUra="114" who="0" fromWho="1" sc="240,36,250,-26,330,0,170,0" /><INIT seed="2,0,0,2,1,117" ten="276,224,330,170" oya="2" hai0="92,34,107,49,96,8,31,50,10,58,99,105,119" hai1="4,35,66,27,74,83,130,131,111,39,44,52,13" hai2="12,1,124,90,123,61,132,82,89,40,65,3,25" hai3="81,45,63,53,19,20,69,41,14,77,127,85,29"/><V26/><F40/><W87/><G127/><T76/><D119/><U97/><E66/><V60/><F124/><W86/><G29/><T64/><D76/><U108/><E97/><V91/><F82/><W24/><G69/><T30/><D34/><U121/><E4/><V11/><F132/><W0/><G0/><N who="2" m="73" /><F65/><W62/><G53/><T129/><D64/><U128/><E13/><V67/><F67/><W46/><G45/><T126/><D92/><U9/><E9/><V57/><F12/><W135/><G135/><T101/><D126/><U73/><E83/><V71/><F71/><W56/><G56/><T51/><D129/><U23/><E39/><V122/><F57/><W112/><G112/><T114/><D58/><U16/><E35/><V95/><F95/><W38/><REACH who="3" step="1"/><G24/><REACH who="3" ten="276,224,330,160" step="2"/><N who="2" m="9321" /><F11/><W106/><G106/><T21/><D114/><U42/><E42/><V125/><F125/><W109/><G109/><T22/><D50/><U59/><E111/><V78/><F78/><W36/><G36/><T54/><D54/><U134/><E108/><V33/><F33/><W5/><G5/><T15/><D15/><U28/><E134/><V68/><F68/><W70/><G70/><T102/><AGARI ba="0,1" hai="8,10,21,22,30,31,49,51,96,99,101,102,105,107" machi="102" ten="25,3200,0" yaku="0,1,22,2" doraHai="117" who="0" fromWho="0" sc="276,42,224,-8,330,-16,160,-8" /><INIT seed="3,0,0,2,4,104" ten="318,216,314,152" oya="3" hai0="107,126,48,114,58,7,116,17,68,72,4,130,2" hai1="13,112,124,82,113,83,73,49,102,8,10,88,92" hai2="69,117,36,20,119,128,59,120,101,110,30,108,111" hai3="95,64,76,14,57,31,71,11,35,75,66,63,85"/><W81/><G35/><T18/><D116/><N who="2" m="44618" /><F101/><W41/><G41/><T94/><D107/><U38/><E38/><V65/><F30/><W123/><G123/><T132/><D68/><U54/><E124/><V91/><F91/><W0/><G0/><T32/><D32/><U15/><E102/><V40/><F20/><W118/><G118/><T129/><D126/><U100/><E100/><V103/><F103/><W56/><G31/><T6/><D2/><U87/><E73/><V51/><F120/><W24/><G24/><T52/><D132/><U96/><E113/><V44/><F128/><N who="0" m="49258" /><D114/><U135/><E135/><V27/><F27/><W47/><G47/><T98/><D72/><U21/><E21/><V19/><F19/><W33/><G33/><T43/><D43/><U78/><E83/><V134/><F134/><W45/><G66/><T86/><D86/><U1/><E112/><V80/><F80/><W109/><G45/><T55/><D55/><U77/><E1/><V29/><F29/><W12/><G109/><N who="2" m="27905" /><V67/><DORA hai="99" /><F69/><W93/><G14/><T16/><D18/><U84/><E15/><V133/><F133/><W90/><REACH who="3" step="1"/><G93/><REACH who="3" ten="318,216,314,142" step="2"/><T25/><D25/><U127/><E13/><V60/><F67/><W122/><G122/><T105/><D105/><U70/><E127/><V3/><F3/><W106/><G106/><T9/><D9/><U131/><E10/><V23/><F23/><W53/><G53/><T121/><D121/><U34/><E34/><V62/><F36/><W115/><G115/><T39/><D39/><U97/><E131/><V46/><F46/><RYUUKYOKU ba="0,1" sc="318,10,216,-30,314,10,142,10" hai0="4,6,7,16,17,48,52,58,94,98" hai2="40,44,51,59,60,62,65" hai3="11,12,56,57,63,64,71,75,76,81,85,90,95" /><INIT seed="3,1,1,5,1,10" ten="328,186,324,152" oya="3" hai0="110,72,71,86,83,1,120,7,0,69,37,133,36" hai1="43,74,9,2,119,21,104,132,24,95,77,96,124" hai2="90,17,30,70,61,88,33,75,66,50,8,18,53" hai3="22,125,26,54,47,84,20,62,80,45,114,79,4"/><W108/><G114/><T51/><D120/><U121/><E121/><V97/><F75/><W25/><G125/><T89/><D110/><U14/><E104/><V123/><F123/><W92/><G108/><T78/><D133/><U46/><E2/><V40/><F40/><W42/><G4/><T56/><D56/><U38/><E124/><V99/><F99/><W12/><G92/><T34/><D34/><U35/><E35/><V49/><F49/><W55/><G62/><T128/><D51/><U93/><E119/><V112/><F112/><W16/><G47/><T23/><D128/><U27/><E95/><V5/><F30/><W101/><G101/><T58/><D58/><U82/><E21/><V41/><F33/><W67/><G67/><T102/><D102/><U134/><E134/><V11/><F41/><W68/><G68/><T48/><D48/><U94/><E94/><V115/><F115/><W113/><G113/><T135/><D23/><U60/><E60/><V39/><F97/><W100/><G100/><T117/><D135/><U106/><E106/><V130/><F39/><N who="0" m="14922" /><D117/><U65/><E65/><V13/><F130/><W3/><G3/><N who="0" m="1099" /><D7/><U32/><E32/><V126/><F126/><W116/><G116/><T129/><D129/><U91/><REACH who="1" step="1"/><E132/><REACH who="1" ten="328,176,324,152" step="2"/><V64/><F64/><W118/><G118/><T85/><D69/><U52/><E52/><N who="3" m="20010" /><G22/><T131/><D71/><U19/><AGARI ba="1,2" hai="9,14,19,24,27,38,43,46,74,77,82,91,93,96" machi="19" ten="20,8000,1" yaku="1,1,0,1,7,1,52,1,53,1" doraHai="10" doraHaiUra="105" who="1" fromWho="1" sc="328,-21,176,103,324,-21,152,-41" /><INIT seed="4,0,0,5,5,70" ten="307,279,303,111" oya="0" hai0="51,22,82,43,75,20,28,18,89,47,133,54,64" hai1="29,106,4,105,98,130,17,121,92,131,56,37,62" hai2="57,32,88,79,102,124,23,27,33,36,26,42,34" hai3="1,110,97,74,7,31,58,68,39,93,86,108,61"/><T103/><D133/><U5/><E29/><V15/><F124/><W116/><G116/><T30/><D64/><U21/><E121/><V99/><F79/><W3/><G74/><T111/><D111/><U40/><E5/><V8/><F57/><W44/><G68/><T41/><D103/><U123/><E4/><V100/><F27/><W127/><G86/><N who="0" m="50391" /><D75/><U120/><E123/><V109/><F109/><W71/><G71/><T126/><D126/><U10/><E10/><V77/><F77/><W52/><G127/><T55/><D22/><U25/><E120/><V128/><F128/><N who="1" m="49193" /><E92/><V6/><F99/><W84/><G84/><T65/><D65/><N who="1" m="39111" /><E98/><V94/><F23/><W49/><G31/><N who="0" m="11819" /><D43/><U46/><AGARI ba="0,0" hai="17,21,25,37,40,46,105,106" m="39111,49193" machi="46" ten="30,2000,0" yaku="19,1,52,1" doraHai="70" who="1" fromWho="1" sc="307,-10,279,20,303,-5,111,-5" /><INIT seed="5,0,0,2,4,43" ten="297,299,298,106" oya="1" hai0="85,36,67,119,10,25,111,50,6,32,37,110,14" hai1="35,132,1,51,20,9,73,105,48,89,96,12,22" hai2="75,44,26,135,129,91,107,60,66,76,8,17,103" hai3="115,116,56,13,121,5,134,46,112,24,65,45,128"/><U100/><E35/><V0/><F135/><W42/><G121/><T27/><D119/><U104/><E1/><V34/><F129/><W33/><G134/><T71/><D27/><U7/><E132/><V57/><F91/><W108/><G108/><T47/><D111/><U63/><E73/><V59/><F17/><W106/><G106/><T19/><D110/><U82/><E105/><V70/><F59/><W92/><G128/><T94/><D67/><U53/><E51/><V97/><F57/><W109/><G109/><T18/><D71/><U98/><E63/><V123/><F123/><W87/><G116/><T124/><D124/><U122/><E122/><V126/><F126/><W2/><G2/><T125/><D125/><U40/><E40/><V23/><F23/><W101/><G101/><T52/><D37/><U95/><REACH who="1" step="1"/><E82/><REACH who="1" ten="297,289,298,106" step="2"/><N who="2" m="45343" /><F8/><W99/><G33/><T114/><D36/><U80/><E80/><V72/><F72/><W79/><G42/><T120/><D120/><U54/><E54/><V64/><F64/><W29/><G65/><T30/><REACH who="0" step="1"/><D114/><REACH who="0" ten="287,289,298,106" step="2"/><U55/><E55/><V74/><F74/><W62/><G115/><T78/><D78/><U130/><E130/><V3/><F3/><W61/><G79/><T86/><D86/><U133/><E133/><V84/><F84/><W88/><G87/><T69/><D69/><U127/><E127/><V68/><F68/><W41/><G112/><T16/><D16/><U93/><E93/><V102/><F0/><W4/><G92/><T15/><D15/><U39/><E39/><V117/><F117/><W38/><G13/><RYUUKYOKU ba="0,2" sc="287,15,289,15,298,-15,106,-15" hai0="6,10,14,18,19,25,30,32,47,50,52,85,94" hai1="7,9,12,20,22,48,53,89,95,96,98,100,104" /><INIT seed="5,1,2,0,0,57" ten="302,304,283,91" oya="1" hai0="7,93,85,51,86,69,79,42,48,30,8,23,106" hai1="41,61,33,75,21,119,60,108,78,90,59,28,132" hai2="124,120,10,53,115,130,49,24,39,101,40,36,5" hai3="95,76,64,15,127,121,134,104,135,55,72,18,1"/><U34/><E119/><V128/><F120/><W74/><G1/><T116/><D116/><U62/><E75/><V133/><F101/><W46/><G121/><T73/><D106/><U29/><E78/><V54/><F24/><W26/><G26/><N who="0" m="16735" /><D69/><U0/><E0/><V58/><F10/><W32/><G32/><T125/><D73/><U123/><E123/><V112/><F5/><W6/><G6/><T82/><D125/><U81/><E132/><N who="3" m="50730" /><G104/><T71/><D71/><U4/><E41/><V102/><F102/><W114/><G114/><N who="2" m="43561" /><F133/><W65/><G76/><T47/><D51/><U99/><E4/><V52/><F124/><W63/><G127/><T70/><D70/><U2/><E2/><V22/><F22/><N who="3" m="11615" /><G65/><T117/><D117/><U131/><E34/><V110/><F110/><W44/><G55/><N who="2" m="21065" /><F40/><W14/><G14/><N who="0" m="5407" /><D85/><U84/><E84/><V13/><F13/><W100/><G74/><T11/><D11/><U89/><E33/><V109/><F109/><W25/><G25/><T96/><D93/><U38/><E108/><V45/><F45/><W68/><G72/><T67/><D67/><U113/><E113/><V105/><F105/><W103/><G103/><T80/><D96/><AGARI ba="1,2" hai="44,46,63,64,68,95,96,100" m="11615,50730" machi="96" ten="30,2000,0" yaku="20,1,52,1" doraHai="57" who="3" fromWho="0" sc="302,-23,304,0,283,0,91,43" /><INIT seed="6,0,0,0,5,71" ten="279,304,283,134" oya="2" hai0="78,22,112,8,124,29,110,57,47,59,13,108,126" hai1="76,5,36,94,90,93,48,16,86,83,91,65,33" hai2="123,106,122,11,14,70,105,82,85,102,101,38,25" hai3="128,107,60,133,52,54,89,88,100,9,79,111,69"/><V80/><F70/><W97/><G111/><N who="0" m="42539" /><D78/><U66/><E33/><V121/><F25/><W99/><G128/><T30/><D112/><U31/><E5/><V103/><F14/><W67/><G133/><T12/><D47/><U3/><E3/><V37/><F11/><W130/><G130/><T55/><D22/><U40/><E36/><N who="2" m="13931" /><F85/><W96/><G9/><T6/><D13/><U4/><E31/><N who="0" m="11785" /><D55/><U81/><E4/><V92/><F92/><W53/><G79/><T51/><D51/><U20/><E48/><V42/><F42/><W61/><G61/><T73/><D73/><U114/><E114/><V1/><F1/><W118/><G118/><T63/><D63/><U26/><E40/><V75/><F75/><W35/><G35/><T84/><D84/><N who="1" m="48231" /><E94/><V87/><F87/><AGARI ba="0,0" hai="16,20,26,65,66,81,86,87,90,91,93" m="48231" machi="87" ten="30,2000,0" yaku="8,1,54,1" doraHai="71" who="1" fromWho="2" sc="279,0,304,20,283,-20,134,0" /><INIT seed="7,0,0,2,4,78" ten="279,324,263,134" oya="3" hai0="7,22,84,122,79,61,130,52,16,58,6,69,80" hai1="14,1,8,88,124,27,93,55,25,2,65,92,18" hai2="35,4,53,125,31,77,118,24,44,66,132,133,13" hai3="90,96,116,112,0,103,101,30,131,119,10,128,40"/><W76/><G40/><T67/><D130/><N who="3" m="49705" /><G30/><T134/><D134/><U33/><E65/><V32/><F118/><N who="3" m="45099" /><G10/><T57/><D122/><U43/><E93/><V17/><F66/><W91/><G0/><T71/><D69/><U135/><E135/><N who="2" m="51787" /><F44/><W38/><G38/><T114/><D114/><U97/><E124/><V100/><F53/><W105/><G112/><T56/><REACH who="0" step="1"/><D52/><REACH who="0" ten="269,324,263,134" step="2"/><U64/><E55/><V82/><F125/><W23/><G23/><T115/><D115/><U48/><E64/><V39/><F39/><W106/><G76/><T117/><D117/><U51/><E43/><V37/><F37/><W50/><G50/><T47/><D47/><U129/><E129/><V60/><F60/><W12/><G12/><AGARI ba="0,1" hai="6,7,12,16,22,56,57,58,61,67,71,79,80,84" machi="12" ten="40,5200,0" yaku="1,1,52,1,54,1,53,0" doraHai="78" doraHaiUra="98" who="0" fromWho="3" sc="269,62,324,0,263,0,134,-52" owari="331,43.1,324,12.4,263,-13.7,82,-41.8" /></mjloggm>