<mjloggm ver="2.3"><GO type="41" lobby="0"/><UN n0="%E2%93%9D%4C%75%63%6B%79%4A" n1="%69%72%6F%68%61%6E%69" n2="%E3%82%BF%E3%82%A4%E3%83%A0%E3%83%9E%E3%83%8C" n3="%E3%81%BE%E3%81%BC%E3%81%BC" dan="18,13,14,14" rate="2169.74,1923.37,1924.82,2022.83" sx="M,M,M,M"/><TAIKYOKU oya="0"/><INIT seed="0,0,0,1,5,28" ten="250,250,250,250" oya="0" hai0="8,78,68,41,1,70,135,46,43,59,115,7,30" hai1="64,51,26,84,23,72,48,118,71,76,44,107,49" hai2="122,0,96,42,98,113,91,128,31,109,125,61,134" hai3="124,129,104,20,54,102,83,69,106,112,16,85,105"/><T100/><D115/><U47/><E118/><V63/><F96/><W121/><G112/><T133/><D43/><U29/><E72/><V119/><F98/><W86/><G124/><T131/><D59/><U11/><E107/><V33/><F63/><W73/><G69/><T80/><D30/><U58/><E71/><V39/><F61/><W82/><G129/><T123/><D123/><U60/><E11/><V66/><F66/><W88/><G73/><N who="0" m="43087" /><D100/><U117/><E117/><V132/><F91/><W12/><G121/><T6/><D7/><U13/><E13/><V62/><F62/><W127/><G127/><T55/><D55/><U5/><E5/><V81/><F31/><W57/><G102/><T87/><D87/><U79/><E79/><V21/><F42/><W108/><G108/><T77/><D77/><U22/><E22/><V45/><F21/><W36/><G36/><N who="0" m="21799" /><D131/><U74/><E74/><V65/><F65/><W34/><G34/><T38/><D38/><U35/><E35/><V10/><F45/><W50/><REACH who="3" step="1"/><G105/><REACH who="3" ten="250,250,250,240" step="2"/><T89/><D89/><AGARI ba="0,1" hai="12,16,20,50,54,57,82,83,85,86,88,89,104,106" machi="89" ten="30,12000,2" yaku="1,1,2,1,7,1,9,1,54,2,53,0" doraHai="28" doraHaiUra="27" who="3" fromWho="0" sc="250,-120,250,0,250,0,240,130" /><INIT seed="1,0,0,1,5,57" ten="130,250,250,370" oya="1" hai0="44,65,84,123,52,58,9,88,124,106,80,36,74" hai1="107,61,30,71,98,111,64,13,101,134,117,32,105" hai2="33,40,94,90,114,70,92,51,45,24,34,132,116" hai3="27,135,59,35,89,110,50,91,104,15,56,54,29"/><U5/><E117/><V28/><F116/><W11/><G104/><T66/><D106/><U7/><E107/><V75/><F132/><W47/><G110/><T38/><D74/><U100/><E100/><V82/><F114/><W25/><G25/><T112/><D112/><U1/><E1/><V12/><F70/><W81/><G135/><T128/><D128/><U108/><E134/><V86/><F34/><W113/><G113/><T93/><D124/><U17/><E7/><V115/><F115/><W85/><REACH who="3" step="1"/><G89/><REACH who="3" ten="130,250,250,360" step="2"/><T21/><D88/><U43/><E5/><AGARI ba="0,1" hai="5,11,15,27,29,35,47,50,54,56,59,81,85,91" machi="5" ten="30,3900,0" yaku="1,1,2,1,7,1,53,0" doraHai="57" doraHaiUra="120" who="3" fromWho="1" sc="130,0,250,-39,250,0,360,49" /><INIT seed="2,0,0,2,0,87" ten="130,211,250,409" oya="2" hai0="4,125,117,1,70,56,65,128,108,39,58,121,66" hai1="129,10,45,74,98,84,52,99,93,16,105,115,126" hai2="76,49,77,18,30,8,41,48,46,119,124,36,29" hai3="42,67,120,88,112,0,63,75,90,62,20,109,7"/><V19/><F119/><W85/><G75/><T102/><D1/><U33/><E115/><V40/><F124/><W97/><G120/><T96/><D4/><U123/><E74/><V54/><F36/><W57/><G109/><T25/><D121/><U92/><E123/><V133/><F133/><W107/><G112/><T26/><D39/><U5/><E33/><V50/><F50/><W72/><G72/><T53/><D70/><U9/><E105/><V47/><F54/><W110/><G110/><T101/><D108/><U131/><E126/><V83/><F83/><W23/><G42/><T130/><D96/><U122/><E84/><V15/><F18/><W38/><G38/><T37/><D37/><U80/><E80/><V114/><REACH who="2" step="1"/><F114/><REACH who="2" ten="130,211,240,409" step="2"/><W134/><G134/><T127/><REACH who="0" step="1"/><D53/><REACH who="0" ten="120,211,240,409" step="2"/><U13/><E122/><V89/><F89/><W31/><G90/><T68/><D68/><U44/><E129/><V113/><F113/><W100/><G88/><T94/><D94/><U60/><E131/><V34/><F34/><W95/><G95/><T55/><D55/><U21/><E93/><V3/><F3/><W104/><G0/><T86/><D86/><U78/><E78/><AGARI ba="0,2" hai="8,15,19,29,30,40,41,46,47,48,49,76,77,78" machi="78" ten="40,7700,0" yaku="1,1,9,1,8,1,53,0" doraHai="87" doraHaiUra="32" who="2" fromWho="1" sc="120,0,211,-77,240,97,409,0" /><INIT seed="2,1,0,4,0,118" ten="120,134,337,409" oya="2" hai0="35,124,40,51,105,18,86,52,62,90,114,79,66" hai1="123,22,87,99,129,83,43,91,48,57,44,111,2" hai2="77,23,1,42,19,20,88,60,3,94,26,53,106" hai3="109,29,78,73,14,71,68,80,63,61,31,122,134"/><V76/><F106/><W41/><G109/><T12/><D114/><U33/><E33/><V39/><F3/><W104/><G104/><T59/><D124/><U5/><E111/><V130/><F1/><W38/><G134/><T54/><D35/><U65/><E129/><V24/><F130/><W133/><G133/><T97/><D79/><U103/><E2/><V84/><F39/><W45/><G122/><T126/><D126/><U81/><E5/><V92/><F92/><W102/><G102/><T28/><D28/><U128/><E128/><V93/><F93/><W0/><G14/><T98/><D40/><U72/><E123/><V7/><F7/><W67/><G0/><T64/><D54/><U10/><E10/><V113/><F42/><W8/><G8/><T121/><D66/><AGARI ba="1,0" hai="29,31,38,41,45,61,63,66,67,68,71,73,78,80" machi="66" ten="40,1300,0" yaku="9,1" doraHai="118" who="3" fromWho="0" sc="120,-16,134,0,337,0,409,16" /><INIT seed="3,0,0,2,3,118" ten="104,134,337,425" oya="3" hai0="26,125,75,76,104,21,36,117,90,70,110,56,51" hai1="64,55,39,128,121,68,37,108,98,48,62,7,41" hai2="13,102,4,34,17,57,126,134,3,123,85,115,78" hai3="53,35,119,89,71,33,22,88,72,81,101,60,92"/><W31/><G119/><T69/><D117/><U83/><E7/><V135/><F102/><W106/><G106/><T11/><D36/><N who="1" m="13899" /><E83/><V95/><F57/><W10/><G101/><T28/><D125/><U114/><E98/><V124/><F78/><W24/><G10/><T30/><D110/><U59/><E108/><V29/><F85/><W50/><G72/><T54/><D104/><U58/><E114/><V14/><F95/><W46/><G81/><T32/><D32/><U129/><E41/><V65/><F65/><W97/><REACH who="3" step="1"/><G89/><REACH who="3" ten="104,134,337,415" step="2"/><T133/><D90/><U120/><E68/><V25/><F126/><W52/><G52/><T0/><D54/><U49/><E49/><V47/><F124/><W79/><G79/><T12/><D76/><U5/><E5/><V38/><F4/><W45/><G45/><T15/><D75/><U93/><E93/><V73/><F47/><W91/><G91/><T66/><D11/><U116/><E116/><V20/><F73/><W84/><G84/><T27/><D66/><AGARI ba="0,1" hai="22,24,31,33,35,46,50,53,60,66,71,88,92,97" machi="66" ten="40,7700,0" yaku="1,1,54,1,53,1" doraHai="118" doraHaiUra="42" who="3" fromWho="0" sc="104,-77,134,0,337,0,415,87" /><INIT seed="3,1,0,3,5,7" ten="27,134,337,502" oya="3" hai0="53,11,76,61,62,42,89,69,29,58,20,106,21" hai1="80,112,56,115,35,65,30,131,28,16,118,107,6" hai2="25,48,90,117,10,72,17,54,129,32,50,103,93" hai3="127,5,37,63,22,75,18,26,60,39,113,98,77"/><W101/><G113/><T68/><D106/><U19/><E107/><V41/><F117/><W133/><G133/><T119/><D119/><U9/><E118/><V13/><F129/><W27/><G127/><T64/><D76/><U87/><E131/><V134/><F134/><W12/><G77/><T57/><D29/><U1/><E115/><V40/><F72/><W91/><G75/><T66/><D89/><U125/><E125/><V100/><F32/><W3/><G91/><T59/><D21/><U71/><E71/><N who="0" m="27209" /><D20/><U116/><E116/><V114/><F25/><W70/><G3/><T86/><D86/><U123/><E123/><V132/><F114/><W51/><G26/><T15/><D15/><U73/><E73/><V96/><F132/><W85/><G85/><T45/><D11/><U130/><E130/><V55/><F100/><W120/><G120/><T121/><D121/><U94/><E94/><V36/><F90/><W109/><G109/><T0/><D0/><U31/><E35/><V92/><F92/><W88/><G88/><T47/><D42/><U81/><E112/><V108/><F108/><W102/><G27/><T83/><D83/><U84/><E87/><V111/><F111/><W124/><G5/><T135/><D135/><U33/><E33/><V14/><F14/><W126/><G124/><T34/><D34/><U24/><E84/><V2/><F2/><W79/><G126/><T104/><D104/><U38/><E24/><V97/><F97/><W78/><G98/><T122/><D122/><U67/><E80/><V44/><F41/><W105/><G105/><RYUUKYOKU ba="1,0" sc="27,15,134,-15,337,15,502,-15" hai0="45,47,53,57,58,59,61,62,64,66" hai2="10,13,17,36,40,44,48,50,54,55,93,96,103" /><INIT seed="4,2,0,0,3,73" ten="42,119,352,487" oya="0" hai0="133,17,72,89,82,122,75,43,132,34,103,66,47" hai1="71,55,45,99,12,128,85,1,37,106,11,5,65" hai2="44,118,7,70,125,111,96,68,129,98,97,62,110" hai3="100,35,101,130,76,102,16,15,36,57,14,91,18"/><T0/><D122/><U121/><E121/><V134/><F7/><W56/><G36/><T81/><D34/><U22/><E128/><V74/><F74/><N who="0" m="28202" /><D66/><U117/><E117/><V119/><F44/><W116/><G35/><T26/><D103/><U31/><E65/><V78/><F62/><W41/><G41/><T52/><D0/><U90/><E71/><V9/><F9/><W6/><G6/><T113/><D113/><U104/><E99/><V67/><F67/><W58/><G130/><T108/><D89/><U23/><E23/><V40/><F129/><W83/><G91/><T27/><D108/><U10/><E37/><V105/><F40/><W86/><G116/><T126/><D126/><U29/><E104/><V69/><F105/><W8/><G102/><T127/><D127/><U24/><E106/><V64/><F125/><W25/><G25/><N who="0" m="9227" /><D17/><U112/><E112/><V123/><F64/><W13/><G13/><T114/><D114/><U109/><E109/><V87/><F123/><W19/><G19/><T88/><D52/><U115/><E115/><V94/><F111/><W28/><G28/><T63/><D63/><U3/><E31/><V84/><F110/><W42/><G42/><T120/><D120/><U61/><E11/><AGARI ba="2,0" hai="8,11,14,15,16,18,56,57,58,76,83,86,100,101" machi="11" ten="40,8000,1" yaku="9,1,8,1,52,1,54,1" doraHai="73" who="3" fromWho="1" sc="42,0,119,-86,352,0,487,86" /><INIT seed="5,0,0,1,0,50" ten="42,33,352,573" oya="1" hai0="80,109,122,86,72,115,125,35,89,29,20,61,36" hai1="14,135,91,4,18,97,62,41,103,34,9,33,77" hai2="21,133,30,66,42,95,60,49,27,58,118,87,79" hai3="114,112,39,113,22,73,0,78,88,98,76,25,5"/><U94/><E135/><V2/><F133/><W54/><G39/><T43/><D109/><U12/><E77/><V44/><F118/><W93/><G73/><T10/><D35/><U55/><E41/><V130/><F2/><W70/><G70/><T40/><D115/><U121/><E121/><V131/><REACH who="2" step="1"/><F95/><REACH who="2" ten="42,33,342,573" step="2"/><W124/><G0/><T127/><D122/><U120/><E120/><V11/><F11/><W28/><G124/><T63/><D10/><N who="1" m="4167" /><E34/><V81/><AGARI ba="0,1" hai="21,27,30,42,44,49,58,60,66,79,81,87,130,131" machi="81" ten="30,2000,0" yaku="1,1,0,1,53,0" doraHai="50" doraHaiUra="92" who="2" fromWho="2" sc="42,-5,33,-10,342,30,573,-5" /><INIT seed="6,0,0,0,3,0" ten="37,23,372,568" oya="2" hai0="28,35,53,134,127,4,58,71,78,30,107,83,98" hai1="126,113,1,105,72,29,118,119,70,110,45,84,49" hai2="31,99,43,120,135,16,2,50,46,41,12,77,33" hai3="59,96,9,121,32,93,132,81,60,128,25,57,64"/><V69/><F120/><W114/><G121/><T3/><D71/><U48/><E72/><V102/><F135/><W63/><G128/><T65/><D65/><U109/><E105/><V111/><F69/><W56/><G132/><T97/><D134/><U42/><E1/><V62/><F111/><N who="1" m="42505" /><E29/><V89/><F77/><W37/><G37/><T87/><D127/><U91/><E126/><V10/><F62/><W15/><G114/><T47/><D47/><N who="1" m="25719" /><E91/><V74/><F74/><W129/><G129/><T100/><D98/><U122/><E84/><V17/><F2/><W40/><G40/><T14/><D35/><U8/><E8/><V80/><F43/><W95/><G81/><T6/><D3/><U22/><E22/><V124/><F124/><W92/><G96/><T90/><D78/><U23/><E23/><V79/><F33/><W82/><G82/><T18/><D30/><U117/><E70/><V130/><F31/><W85/><G85/><T66/><D66/><U68/><E68/><V61/><F130/><W123/><G123/><T125/><D28/><U133/><E122/><V104/><F61/><W75/><G63/><T26/><D26/><U131/><E133/><V11/><F89/><W76/><G76/><T116/><D125/><U94/><E131/><V101/><F101/><W7/><G75/><T86/><D87/><U13/><E94/><V54/><F79/><W103/><G103/><T106/><D107/><U5/><E113/><V73/><F80/><W112/><G112/><T44/><D83/><U34/><E34/><V39/><F73/><W108/><G108/><RYUUKYOKU ba="0,0" sc="37,-10,23,-10,372,-10,568,30" hai3="7,9,15,25,32,56,57,59,60,64,92,93,95" /><INIT seed="7,1,0,2,3,128" ten="27,13,362,598" oya="3" hai0="4,1,19,17,65,42,9,29,14,131,53,133,23" hai1="41,12,2,22,87,127,75,8,111,115,6,58,79" hai2="57,55,130,95,123,64,85,63,121,91,107,13,66" hai3="20,18,132,48,117,37,69,86,103,16,39,73,80"/><W67/><G18/><T27/><D65/><U135/><E111/><V77/><F130/><W119/><G16/><T72/><D72/><U113/><E75/><V110/><F107/><W112/><G20/><N who="0" m="11383" /><D42/><U54/><E41/><V60/><F110/><W114/><G48/><T96/><D96/><U49/><E127/><V124/><F124/><W32/><G103/><T7/><D53/><U129/><E129/><V28/><F28/><W34/><G73/><T98/><D98/><U61/><E22/><V88/><F13/><W82/><G67/><T44/><D44/><U97/><E2/><V25/><F25/><W62/><G86/><T89/><D89/><U108/><E108/><V104/><F104/><W70/><G62/><T134/><D131/><U10/><E10/><V101/><F63/><W81/><G81/><T52/><D52/><N who="1" m="33991" /><E97/><V21/><F101/><W109/><G109/><T106/><D106/><U45/><E135/><AGARI ba="1,0" hai="32,34,37,39,69,70,80,82,112,114,117,119,132,135" machi="135" ten="25,9600,0" yaku="22,2,52,2" doraHai="128" who="3" fromWho="1" sc="27,0,13,-99,362,0,598,99" owari="27,-37.3,-86,-58.6,362,16.2,697,79.7" /></mjloggm>