<mjloggm ver="2.3"><GO type="41" lobby="0"/><UN n0="%E3%83%A2%E3%83%A2%E3%83%B4" n1="%E2%93%9D%4C%75%63%6B%79%4A" n2="%E5%BF%83%E8%98%AD%E7%9B%B8%E9%9A%8F" n3="%2D%4E%6F%73%74%79%2D" dan="14,17,13,15" rate="1928.52,2133.56,1918.03,1993.74" sx="M,M,M,M"/><TAIKYOKU oya="0"/><INIT seed="0,0,0,0,1,62" ten="250,250,250,250" oya="0" hai0="64,49,104,10,2,118,44,135,45,18,65,15,52" hai1="80,77,106,13,88,38,28,86,110,96,70,43,61" hai2="56,115,75,3,132,34,48,51,60,50,8,97,16" hai3="54,1,103,92,116,93,74,58,120,114,127,9,41"/><T20/><D118/><U119/><E119/><V91/><F115/><W111/><G116/><T55/><D104/><U4/><E28/><V17/><F34/><W99/><G114/><T98/><D135/><U5/><E38/><V59/><F75/><W25/><G74/><T129/><D129/><U47/><E110/><V78/><F78/><W121/><G111/><T76/><D76/><U12/><E70/><V117/><F117/><W87/><G127/><T83/><D83/><U113/><E61/><V102/><F91/><W125/><G125/><T85/><D85/><U32/><E32/><V57/><F132/><W67/><G41/><T46/><D98/><U37/><E113/><V68/><F3/><W6/><G25/><N who="0" m="14487" /><D2/><U14/><REACH who="1" step="1"/><E77/><REACH who="1" ten="250,240,250,250" step="2"/><V108/><F108/><W21/><G121/><T112/><D112/><U42/><E42/><V0/><F68/><W133/><G120/><T131/><D131/><U33/><E33/><V89/><F60/><W105/><G133/><T109/><D109/><U71/><E71/><V22/><F50/><W7/><G1/><T24/><D24/><U19/><E19/><V36/><F17/><W101/><G7/><N who="0" m="3551" /><D55/><U95/><E95/><N who="2" m="58687" /><F36/><W26/><G54/><T79/><D79/><U90/><E90/><V72/><F89/><W63/><G93/><T126/><D126/><U27/><E27/><N who="2" m="14791" /><F72/><W53/><G26/><T40/><D40/><U130/><E130/><V69/><F69/><W35/><G35/><T31/><D31/><U107/><E107/><V122/><F122/><W82/><G105/><T123/><D123/><U100/><AGARI ba="0,1" hai="4,5,12,13,14,37,43,47,80,86,88,96,100,106" machi="100" ten="30,7900,0" yaku="1,1,5,1,0,1,54,1,53,0" doraHai="62" doraHaiUra="23" who="1" fromWho="1" sc="250,-39,240,89,250,-20,250,-20" /><INIT seed="1,0,0,5,0,53" ten="211,329,230,230" oya="1" hai0="17,3,121,33,56,80,4,32,72,34,22,62,130" hai1="120,88,65,26,43,19,9,119,0,126,101,77,15" hai2="28,51,112,47,29,116,78,13,38,50,123,39,103" hai3="24,67,12,134,16,11,74,73,107,55,96,41,76"/><U92/><E119/><V83/><F116/><W37/><G134/><T35/><D72/><U95/><E120/><V66/><F123/><W79/><G67/><T131/><D121/><U70/><E0/><V18/><F112/><W31/><G74/><T97/><D80/><U42/><E126/><V1/><F1/><W46/><G73/><T64/><D97/><N who="1" m="59583" /><E70/><V81/><F103/><W27/><G55/><T25/><N who="0" m="8192" /><DORA hai="127" /><T68/><REACH who="0" step="1"/><D68/><REACH who="0" ten="201,329,230,230" step="2"/><U122/><E122/><V132/><F81/><W100/><REACH who="3" step="1"/><G27/><REACH who="3" ten="201,329,230,220" step="2"/><T21/><D21/><AGARI ba="0,2" hai="11,12,16,21,24,31,37,41,46,76,79,96,100,107" machi="21" ten="30,8000,1" yaku="1,1,2,1,7,1,54,1,53,1" doraHai="53,127" doraHaiUra="99,111" who="3" fromWho="0" sc="201,-80,329,0,230,0,220,100" /><INIT seed="2,0,0,0,5,35" ten="121,329,230,320" oya="2" hai0="92,17,43,73,70,108,44,21,41,105,54,120,22" hai1="79,42,51,5,81,49,90,99,26,129,88,91,23" hai2="66,123,47,14,2,85,64,134,78,27,126,52,80" hai3="11,58,46,82,94,132,3,63,106,67,87,68,117"/><V38/><F123/><W10/><G117/><T114/><D105/><U112/><E112/><V40/><F126/><W98/><G132/><T1/><D114/><U109/><E109/><V0/><F134/><W96/><G106/><T8/><D120/><U20/><E129/><V116/><F116/><W89/><G68/><T102/><D73/><U29/><E5/><V57/><F14/><W39/><G98/><T24/><D108/><U130/><E130/><V7/><F27/><W45/><G39/><T71/><D43/><U33/><E99/><V55/><F55/><W124/><G124/><T48/><D102/><U83/><E83/><V30/><F30/><W77/><REACH who="3" step="1"/><G3/><REACH who="3" ten="121,329,230,310" step="2"/><T50/><D71/><U86/><REACH who="1" step="1"/><E42/><REACH who="1" ten="121,319,230,310" step="2"/><V75/><F75/><W19/><G19/><T60/><D17/><U97/><E97/><V65/><REACH who="2" step="1"/><F7/><REACH who="2" ten="121,319,220,310" step="2"/><W9/><AGARI ba="0,3" hai="9,10,11,45,46,58,63,67,77,82,87,89,94,96" machi="9" ten="30,4000,0" yaku="1,1,0,1,8,1,53,0" doraHai="35" doraHaiUra="118" who="3" fromWho="3" sc="121,-10,319,-10,220,-20,310,70" /><INIT seed="3,0,0,0,1,135" ten="111,309,200,380" oya="3" hai0="26,85,68,113,33,49,119,98,1,106,54,80,30" hai1="88,92,31,14,102,7,29,134,58,19,45,12,16" hai2="64,36,37,129,105,131,94,59,101,100,48,91,39" hai3="116,79,22,124,55,38,11,43,3,24,107,121,67"/><W86/><G116/><T117/><D1/><U122/><E122/><V77/><F77/><W78/><G121/><T108/><D108/><U52/><E102/><V35/><F35/><W9/><G107/><T72/><D113/><U32/><E45/><V93/><F105/><W114/><G114/><T20/><D20/><N who="1" m="11383" /><E7/><V63/><F48/><W51/><G67/><T125/><D125/><U127/><E127/><V61/><F61/><W103/><G103/><T69/><D98/><N who="1" m="57607" /><E134/><V53/><F64/><W133/><G3/><T27/><D106/><U50/><E32/><V132/><F132/><W47/><G124/><T23/><D72/><U83/><E83/><V8/><F8/><AGARI ba="0,0" hai="8,12,16,29,31,50,52,58" m="57607,11383" machi="8" ten="30,7700,0" yaku="8,1,54,3" doraHai="135" who="1" fromWho="2" sc="111,0,309,77,200,-77,380,0" /><INIT seed="4,0,0,2,3,51" ten="111,386,123,380" oya="0" hai0="3,6,129,101,28,109,98,114,130,74,120,66,0" hai1="26,97,37,49,93,71,117,9,89,105,17,33,128" hai2="123,87,83,131,55,104,42,32,134,100,20,5,2" hai3="106,24,12,59,34,56,84,60,21,15,86,14,90"/><T35/><D120/><U82/><E37/><V122/><F32/><W94/><G106/><T38/><D38/><U103/><E71/><V79/><F42/><W7/><G34/><T65/><D74/><U54/><E117/><V80/><F131/><N who="0" m="50186" /><D114/><U18/><E128/><V113/><F113/><W133/><G133/><T40/><D40/><U75/><E9/><V91/><F134/><W70/><G70/><T126/><D126/><U41/><E41/><V92/><F20/><W36/><G36/><T43/><D43/><U16/><E75/><N who="2" m="43135" /><F5/><W10/><G86/><T85/><D85/><N who="1" m="50359" /><E105/><V62/><F2/><N who="0" m="554" /><D6/><U46/><E33/><V81/><F122/><W107/><G107/><N who="0" m="63927" /><D109/><U45/><E46/><V39/><F123/><W8/><G59/><T67/><D28/><U76/><E76/><V102/><F39/><W47/><G47/><T118/><D35/><U19/><E19/><V13/><F102/><W99/><G7/><T69/><D118/><U116/><E116/><V119/><F119/><W95/><G21/><AGARI ba="0,0" hai="16,17,18,21,26,45,49,54,93,97,103" m="50359" machi="21" ten="30,3900,0" yaku="8,1,52,1,54,1" doraHai="51" who="1" fromWho="3" sc="111,0,386,39,123,0,380,-39" /><INIT seed="5,0,0,3,2,5" ten="111,425,123,341" oya="1" hai0="102,94,8,72,64,59,4,79,35,66,71,97,38" hai1="89,40,25,12,135,103,111,42,107,75,27,26,86" hai2="132,53,123,121,46,49,78,50,54,21,110,114,0" hai3="43,116,98,39,80,92,119,14,10,106,115,22,129"/><U1/><E1/><V131/><F0/><W93/><G115/><T60/><D35/><U48/><E75/><V69/><F78/><W90/><G129/><T77/><D38/><U9/><E135/><V117/><F21/><W130/><G130/><T62/><REACH who="0" step="1"/><D72/><REACH who="0" ten="101,425,123,341" step="2"/><U44/><E111/><V113/><F131/><W125/><G39/><T6/><D6/><U104/><E42/><V57/><F110/><W47/><G43/><T108/><D108/><U23/><E103/><V41/><F132/><W118/><G118/><T105/><D105/><U128/><E128/><V19/><F117/><W18/><G106/><T3/><AGARI ba="0,1" hai="3,4,8,59,60,62,64,66,71,77,79,94,97,102" machi="3" ten="20,5200,0" yaku="1,1,0,1,7,1,52,1,53,0" doraHai="5" doraHaiUra="84" who="0" fromWho="0" sc="101,62,425,-26,123,-13,341,-13" /><INIT seed="6,0,0,0,1,22" ten="163,399,110,328" oya="2" hai0="131,93,44,83,95,1,110,29,71,33,4,19,121" hai1="70,40,127,68,67,13,82,98,30,72,32,51,64" hai2="39,103,38,60,55,102,36,134,118,56,97,21,15" hai3="9,3,135,11,106,25,115,66,129,49,24,94,114"/><V85/><F118/><W80/><G106/><T63/><D121/><U74/><E13/><V17/><F134/><W23/><G135/><T45/><D110/><U20/><E20/><V73/><F73/><W100/><G66/><T0/><D83/><U41/><E30/><V59/><F97/><N who="3" m="59447" /><G80/><T75/><D75/><U50/><E82/><V53/><REACH who="2" step="1"/><F85/><REACH who="2" ten="163,399,100,328" step="2"/><W120/><G120/><T79/><D131/><U62/><E98/><V86/><F86/><W5/><G129/><T2/><D0/><U31/><E74/><V46/><F46/><W113/><G3/><T34/><D44/><U87/><E87/><V18/><F18/><W125/><G115/><T90/><D45/><U123/><E72/><V10/><F10/><W37/><G11/><T105/><D19/><U116/><E116/><V47/><F47/><W35/><G9/><T91/><D2/><U54/><E123/><V132/><F132/><W43/><G114/><T101/><D1/><U104/><E41/><V128/><F128/><W58/><G43/><T14/><D4/><U109/><E40/><V6/><F6/><W28/><G5/><T124/><D29/><U65/><E31/><V108/><F108/><W126/><G113/><T122/><D122/><U112/><E112/><V130/><F130/><W8/><G8/><T12/><D124/><U117/><E127/><V48/><AGARI ba="0,1" hai="15,17,21,36,38,39,48,53,55,56,59,60,102,103" machi="48" ten="30,3000,0" yaku="1,1,0,1,53,0" doraHai="22" doraHaiUra="61" who="2" fromWho="2" sc="163,-10,399,-10,100,40,328,-10" /><INIT seed="6,1,0,3,4,64" ten="153,389,140,318" oya="2" hai0="73,128,48,37,44,10,76,60,9,28,106,13,135" hai1="115,96,54,132,91,61,0,56,38,87,99,21,83" hai2="94,107,113,114,105,111,5,26,2,88,98,122,74" hai3="4,6,75,32,22,30,71,110,103,133,1,104,81"/><V101/><F26/><W27/><G110/><T29/><D106/><N who="2" m="40458" /><F5/><W23/><G104/><T46/><D128/><U77/><E132/><V120/><F2/><W14/><G103/><T62/><D135/><U19/><E115/><N who="2" m="44043" /><F111/><W127/><G133/><T118/><D118/><U72/><E38/><V112/><N who="2" m="44051" /><V95/><DORA hai="7" /><F74/><W8/><G6/><T68/><D37/><U86/><E0/><V129/><F129/><W131/><G131/><T69/><D73/><U108/><E108/><V59/><F59/><W116/><G1/><T15/><REACH who="0" step="1"/><D48/><REACH who="0" ten="143,389,140,318" step="2"/><U47/><E72/><V33/><F33/><W84/><G32/><T24/><D24/><N who="1" m="14399" /><E47/><V70/><F70/><W123/><G71/><T89/><D89/><U20/><E91/><V41/><F41/><W134/><G134/><T93/><D93/><U3/><E3/><V121/><F121/><W130/><G123/><T34/><D34/><U100/><E100/><V90/><F90/><W12/><G75/><T16/><D16/><U102/><E102/><V18/><F18/><W40/><G130/><T57/><D57/><U45/><E56/><V124/><F124/><W92/><G127/><T78/><AGARI ba="1,1" hai="9,10,13,15,28,29,44,46,60,62,68,69,76,78" machi="78" ten="25,16000,3" yaku="1,1,0,1,22,2,52,4,53,2" doraHai="64,7" doraHaiUra="25,117" who="0" fromWho="0" sc="143,173,389,-41,140,-81,318,-41" /><INIT seed="7,0,0,0,1,21" ten="316,348,59,277" oya="3" hai0="76,33,97,103,19,50,7,63,117,132,30,34,62" hai1="88,120,0,58,126,75,4,98,64,3,106,68,101" hai2="82,129,49,32,110,107,53,38,79,85,108,121,71" hai3="42,39,73,96,115,35,92,52,54,43,45,18,77"/><W15/><G35/><T95/><D117/><U6/><E120/><V8/><F38/><W123/><G123/><T26/><D132/><U113/><E58/><V27/><F71/><W14/><G115/><T20/><D7/><U1/><E113/><V114/><F114/><W48/><G39/><T9/><D76/><U57/><E57/><V100/><F121/><W23/><G15/><T17/><D33/><U125/><E75/><V56/><F129/><W91/><REACH who="3" step="1"/><G43/><REACH who="3" ten="316,348,59,267" step="2"/><T116/><D34/><U22/><E3/><V5/><F107/><W28/><G28/><T102/><D30/><U134/><E1/><V11/><F100/><W72/><G72/><T67/><D103/><U90/><E0/><V2/><F11/><W10/><G10/><T12/><D116/><U70/><E101/><V81/><F32/><W46/><G46/><T55/><D67/><U25/><E64/><V89/><F110/><W80/><AGARI ba="0,1" hai="14,18,23,42,45,48,52,54,73,77,80,91,92,96" machi="80" ten="30,6000,0" yaku="1,1,0,1,54,1,53,0" doraHai="21" doraHaiUra="118" who="3" fromWho="3" sc="316,-20,348,-20,59,-20,267,70" owari="296,-10.4,328,12.8,39,-46.1,337,43.7" /></mjloggm>