<mjloggm ver="2.3"><GO type="41" lobby="0"/><UN n0="%52%41%44%49%41%4E%43%45" n1="%E3%83%8F%E3%82%B2%E3%82%B9%E3%83%AD" n2="%E7%99%BD%E3%81%84%E7%8D%85%E5%AD%90" n3="%E2%93%9D%4C%75%63%6B%79%4A" dan="14,15,15,18" rate="1921.12,2028.91,1972.14,2222.66" sx="M,M,M,M"/><TAIKYOKU oya="0"/><INIT seed="0,0,0,5,0,65" ten="250,250,250,250" oya="0" hai0="3,92,112,19,32,73,76,80,89,131,83,63,16" hai1="52,91,24,128,121,67,38,30,115,74,41,88,47" hai2="81,113,51,12,95,34,127,11,15,90,93,86,6" hai3="116,31,40,54,57,123,0,2,59,5,122,79,126"/><T118/><D112/><U35/><E121/><N who="3" m="46090" /><G5/><T87/><D118/><U58/><E115/><V60/><F113/><W25/><G116/><T102/><D131/><U119/><E119/><V70/><F34/><W78/><G40/><T37/><D37/><U107/><E128/><V103/><F127/><W36/><G36/><T134/><D134/><U1/><E1/><N who="3" m="618" /><G126/><T9/><D32/><U49/><E74/><V98/><F51/><N who="3" m="31199" /><G57/><T85/><D63/><U129/><E129/><V50/><F50/><W99/><G99/><T132/><D132/><U62/><REACH who="1" step="1"/><E107/><REACH who="1" ten="250,240,250,250" step="2"/><V44/><F44/><AGARI ba="0,1" hai="24,30,35,38,41,44,47,49,52,58,62,67,88,91" machi="44" ten="30,8000,1" yaku="1,1,2,1,7,1,54,2,53,0" doraHai="65" doraHaiUra="133" who="1" fromWho="2" sc="250,0,240,90,250,-80,250,0" /><INIT seed="1,0,0,2,0,13" ten="250,330,170,250" oya="1" hai0="81,3,133,45,101,11,9,5,107,130,117,23,88" hai1="47,87,46,40,55,36,1,39,42,97,67,44,2" hai2="118,63,96,103,34,56,52,60,69,106,78,116,54" hai3="129,119,95,98,123,43,113,127,32,10,57,109,20"/><U99/><E87/><V62/><F34/><W79/><G113/><T72/><D117/><U73/><E73/><V111/><F111/><W50/><G32/><T65/><D130/><U89/><E67/><V68/><F78/><W4/><G127/><T71/><D9/><U114/><E114/><V21/><F21/><W64/><G123/><T105/><D133/><U17/><E89/><V37/><F37/><W94/><G109/><T93/><D45/><U115/><E115/><V110/><F110/><W53/><G43/><T104/><D101/><U131/><E131/><V134/><F134/><W7/><G119/><T0/><D0/><U25/><E55/><V61/><REACH who="2" step="1"/><F54/><REACH who="2" ten="250,330,160,250" step="2"/><W14/><G53/><T124/><D23/><U41/><E25/><V31/><F31/><W6/><G20/><T8/><D124/><U85/><E39/><V27/><F27/><W26/><G26/><T92/><D8/><U29/><E36/><V91/><F91/><W24/><G24/><T125/><D125/><U75/><E29/><V102/><F102/><W132/><G79/><T30/><D30/><U84/><E75/><V108/><F108/><W15/><G132/><T82/><D72/><U16/><E2/><V51/><F51/><W49/><G50/><T120/><D120/><U38/><E1/><V33/><F33/><W135/><G135/><T35/><D35/><U58/><E38/><V77/><F77/><W86/><G49/><T83/><D88/><U28/><E28/><V59/><F59/><W80/><G57/><T48/><D48/><U100/><E58/><V19/><F19/><RYUUKYOKU ba="0,1" sc="250,15,330,-15,160,15,250,-15" hai0="3,5,11,65,71,81,82,83,92,93,104,105,107" hai2="52,56,60,61,62,63,68,69,96,103,106,116,118" /><INIT seed="2,1,1,0,3,39" ten="265,315,175,235" oya="2" hai0="112,44,108,5,99,45,89,124,23,123,80,54,29" hai1="46,57,42,49,92,64,65,93,17,40,71,98,90" hai2="110,20,132,22,122,88,84,73,8,75,102,106,66" hai3="67,1,33,116,19,18,36,82,126,14,61,0,15"/><V53/><F122/><W25/><G36/><T97/><D123/><U38/><E71/><V68/><F132/><W28/><G82/><T24/><D112/><U101/><E17/><N who="3" m="6154" /><G61/><T85/><D108/><U115/><E115/><V12/><F110/><W76/><G76/><T16/><D5/><U129/><E129/><V96/><F68/><W60/><G60/><T55/><D124/><U81/><E81/><V72/><F66/><N who="1" m="25705" /><E57/><V79/><F53/><W83/><G83/><T30/><D55/><N who="1" m="30135" /><E38/><V134/><F134/><W6/><G116/><T7/><D7/><U58/><E58/><V114/><F114/><W91/><G91/><T51/><D44/><U111/><E111/><V125/><F125/><W43/><G67/><T121/><D121/><U56/><E56/><V13/><F79/><W59/><G59/><T48/><D48/><U128/><E128/><V35/><F35/><W50/><G50/><T26/><REACH who="0" step="1"/><D30/><REACH who="0" ten="255,315,175,235" step="2"/><U86/><AGARI ba="1,2" hai="40,42,86,90,92,93,98,101" m="30135,25705" machi="86" ten="30,4000,0" yaku="8,1,52,2" doraHai="39" who="1" fromWho="1" sc="255,-11,315,63,175,-21,235,-11" /><INIT seed="3,0,0,0,5,26" ten="244,378,154,224" oya="3" hai0="12,42,91,79,126,30,65,36,129,66,4,123,124" hai1="59,61,108,135,67,113,69,84,46,47,122,34,63" hai2="103,33,131,100,92,53,115,20,15,28,109,64,89" hai3="106,76,14,27,60,49,62,128,134,19,8,13,57"/><W0/><G106/><T111/><D123/><U118/><E122/><V98/><F115/><W116/><G116/><T119/><D119/><U29/><E118/><V99/><F109/><W120/><G120/><T125/><D79/><U45/><E113/><V88/><F131/><W48/><G0/><T9/><D111/><U130/><E130/><V2/><F2/><W95/><G128/><T132/><D129/><U110/><E110/><V83/><F64/><W11/><G134/><T68/><D132/><U87/><E108/><V121/><F121/><W1/><G1/><T22/><D68/><U52/><REACH who="1" step="1"/><E135/><REACH who="1" ten="244,368,154,224" step="2"/><V51/><F33/><W7/><G76/><T104/><D124/><U35/><E35/><V50/><F103/><W90/><G27/><AGARI ba="0,1" hai="27,29,34,45,46,47,52,59,61,63,67,69,84,87" machi="27" ten="40,5200,0" yaku="1,1,52,1,54,1,53,0" doraHai="26" doraHaiUra="86" who="1" fromWho="3" sc="244,0,368,62,154,0,224,-52" /><INIT seed="4,0,0,0,0,46" ten="244,430,154,172" oya="0" hai0="20,118,108,4,43,37,41,114,14,53,117,57,125" hai1="86,40,113,92,24,15,72,82,71,29,90,130,135" hai2="51,6,13,91,1,127,111,78,22,17,83,115,107" hai3="123,30,19,88,99,110,31,67,50,33,52,112,126"/><T25/><D114/><U60/><E113/><V68/><F111/><W66/><G112/><T131/><D108/><U18/><E40/><V10/><F115/><W28/><G110/><T80/><D131/><U84/><E72/><V94/><F107/><W45/><G33/><T76/><D125/><U63/><E71/><V62/><F127/><W121/><G19/><T8/><D118/><U134/><E130/><V77/><F83/><W58/><G126/><T102/><D102/><U70/><E70/><V7/><F7/><W104/><G45/><T89/><D117/><U116/><E116/><V96/><REACH who="2" step="1"/><F51/><REACH who="2" ten="244,430,144,172" step="2"/><W87/><G104/><T129/><D129/><U48/><E82/><V47/><F47/><W74/><G74/><T23/><D37/><U109/><E48/><V119/><F119/><W100/><G123/><T34/><D43/><U26/><E109/><V120/><F120/><W3/><G121/><T98/><D41/><U128/><E128/><V36/><F36/><W0/><G3/><T133/><D80/><U106/><E106/><V56/><F56/><W2/><G2/><T42/><D42/><U101/><E134/><V85/><F85/><W38/><G0/><T35/><D57/><U81/><E86/><V79/><F79/><W54/><G38/><T59/><D76/><U75/><E84/><V49/><F49/><W64/><G50/><N who="0" m="31159" /><D133/><U16/><E81/><V5/><F5/><W124/><G124/><T11/><D4/><U122/><E135/><V132/><F132/><W32/><G58/><T65/><D98/><U95/><E122/><V39/><F39/><RYUUKYOKU ba="0,1" sc="244,-10,430,-10,144,30,172,-10" hai2="1,6,10,13,17,22,62,68,77,78,91,94,96" /><INIT seed="5,1,1,4,5,74" ten="234,420,174,162" oya="1" hai0="38,32,70,130,16,25,134,103,117,20,26,78,18" hai1="27,0,50,69,34,5,120,135,100,40,6,115,43" hai2="86,111,22,93,84,21,3,53,33,79,102,133,68" hai3="118,82,87,101,29,131,114,128,2,125,57,77,66"/><U89/><E120/><V99/><F111/><W119/><G2/><T45/><D117/><N who="3" m="44553" /><G29/><T64/><D130/><N who="3" m="49705" /><G114/><T28/><D134/><U13/><E100/><V4/><F33/><W76/><G125/><T85/><D103/><U63/><E89/><V44/><F68/><W127/><G127/><T46/><D18/><U110/><E69/><V92/><F133/><W54/><G66/><T104/><D104/><U105/><E105/><V129/><F129/><W15/><G15/><T96/><D96/><U97/><E13/><V88/><F3/><W62/><G101/><T19/><D19/><U12/><E12/><V67/><F4/><W35/><G35/><T14/><D26/><U58/><E27/><V71/><F71/><W60/><G62/><T108/><D108/><U49/><E63/><V36/><F67/><W61/><G61/><T81/><D70/><U8/><E34/><V17/><F17/><W47/><G47/><T132/><D132/><U80/><E6/><V126/><F126/><W113/><G113/><T30/><D64/><U83/><E5/><V48/><F36/><W39/><G39/><T10/><D30/><U109/><E0/><V37/><F37/><W72/><G72/><T107/><D107/><U122/><E115/><V123/><F123/><W56/><G57/><T31/><D31/><U1/><E122/><V121/><F121/><W124/><G124/><T116/><D116/><U11/><E1/><V98/><F98/><W73/><G73/><T112/><D112/><U55/><E135/><V94/><F94/><W75/><G75/><T51/><D32/><RYUUKYOKU ba="1,1" sc="234,-15,420,-15,174,15,162,15" hai2="21,22,44,48,53,79,84,86,88,92,93,99,102" hai3="54,56,60,76,77,82,87" /><INIT seed="6,2,1,2,5,11" ten="219,405,189,177" oya="2" hai0="90,61,69,17,93,27,78,101,14,3,81,4,134" hai1="47,51,88,113,121,24,65,7,94,18,38,53,25" hai2="103,39,37,64,66,41,68,52,128,46,13,129,34" hai3="110,132,105,80,23,48,111,119,9,15,133,84,35"/><V63/><F34/><W31/><G105/><T104/><D134/><N who="3" m="51817" /><G48/><T5/><D27/><U16/><E38/><N who="2" m="21815" /><F103/><W26/><G119/><T12/><D3/><U109/><E109/><N who="3" m="41482" /><G84/><N who="0" m="48183" /><D69/><U95/><E7/><N who="0" m="2633" /><D104/><U29/><E113/><V22/><F22/><W86/><G86/><N who="0" m="52439" /><D101/><U135/><E135/><V73/><F73/><W62/><G80/><T116/><D116/><U96/><E121/><V125/><F13/><N who="0" m="5226" /><D61/><U122/><E122/><V60/><F125/><W55/><G62/><T91/><D91/><U67/><E95/><V127/><F127/><W44/><G35/><T77/><D77/><U108/><E108/><V98/><F98/><W118/><G118/><T19/><AGARI ba="2,1" hai="17,19" m="5226,52439,2633,48183" machi="19" ten="30,7900,0" yaku="8,1,52,3" doraHai="11" who="0" fromWho="0" sc="219,95,405,-22,189,-41,177,-22" /><INIT seed="7,0,0,4,2,94" ten="314,383,148,155" oya="3" hai0="93,123,78,69,11,125,112,46,128,103,79,126,105" hai1="87,8,73,70,127,5,80,120,20,68,135,10,28" hai2="96,121,65,38,55,114,34,30,50,15,24,95,37" hai3="83,2,16,91,132,98,85,131,77,102,49,14,108"/><W129/><G2/><T45/><D69/><U122/><E73/><V7/><F114/><W26/><G26/><T17/><D123/><U75/><E75/><V72/><F72/><W27/><G27/><T99/><D112/><U104/><E104/><V86/><F121/><W12/><G108/><T76/><D128/><N who="3" m="49225" /><G49/><T41/><D105/><U51/><E70/><V113/><F113/><W44/><G44/><T118/><D118/><U53/><E68/><V6/><F65/><W32/><G32/><T21/><D11/><U57/><E127/><V62/><F86/><W119/><G119/><T31/><D31/><U82/><E135/><V97/><F62/><W56/><G56/><T54/><D54/><U90/><E10/><V59/><F96/><W35/><G35/><T22/><D46/><U74/><E82/><V42/><F42/><W0/><G0/><T23/><REACH who="0" step="1"/><D17/><REACH who="0" ten="304,383,148,155" step="2"/><U134/><E120/><V84/><F6/><W110/><G110/><T107/><D107/><U61/><E122/><V47/><F47/><W33/><G132/><T48/><AGARI ba="0,1" hai="21,22,23,41,45,48,76,78,79,93,99,103,125,126" machi="48" ten="40,5200,0" yaku="1,1,0,1,52,1,53,0" doraHai="94" doraHaiUra="60" who="0" fromWho="0" sc="304,62,383,-13,148,-13,155,-26" owari="366,16.6,370,47.0,135,-26.5,129,-37.1" /></mjloggm>