<mjloggm ver="2.3"><GO type="137" lobby="0"/><UN n0="%E4%BC%8A%E5%9C%B0%E7%9F%A5%E8%99%B9%E5%A4%8F%CE%94" n1="%E2%93%9D%4C%75%63%6B%79%4A" n2="%6F%6B%36%35%35%33%36" n3="%E6%9C%BD%E6%9C%A8%E5%86%AC%E5%AD%90" dan="11,10,12,11" rate="1721.04,1806.36,1710.27,1814.18" sx="M,M,M,F"/><TAIKYOKU oya="0"/><INIT seed="0,0,0,0,5,100" ten="250,250,250,250" oya="0" hai0="97,4,89,8,81,118,70,28,91,102,49,1,10" hai1="87,72,68,126,120,27,86,59,94,80,30,104,121" hai2="42,123,119,7,88,117,56,106,15,52,48,26,125" hai3="6,43,75,14,63,101,34,69,85,129,135,46,133"/><T38/><D38/><U45/><E68/><V58/><F123/><N who="1" m="47177" /><E59/><V41/><F26/><W90/><G34/><T92/><D118/><U105/><E45/><V65/><F106/><N who="1" m="41065" /><E27/><V62/><F88/><W50/><G69/><T71/><D28/><U12/><E12/><V98/><F98/><W73/><G14/><T13/><D49/><U20/><E20/><V103/><F103/><W128/><G101/><T67/><D67/><U99/><E126/><V22/><F7/><W19/><G6/><T134/><D134/><U64/><E64/><V83/><F22/><W35/><G135/><T74/><D89/><N who="1" m="55759" /><E30/><V16/><F16/><W0/><G19/><T24/><D24/><U23/><E23/><V127/><F83/><W33/><G46/><T2/><D2/><U39/><E39/><V122/><F15/><W40/><G0/><T115/><D71/><U113/><E113/><V95/><F95/><W76/><G133/><T31/><D70/><U17/><E17/><V116/><F122/><W11/><G11/><T112/><D31/><U108/><E108/><V25/><F25/><W60/><G33/><T77/><REACH who="0" step="1"/><D102/><REACH who="0" ten="240,250,250,250" step="2"/><U9/><E9/><V57/><REACH who="2" step="1"/><F57/><REACH who="2" ten="240,250,240,250" step="2"/><W132/><G132/><T37/><D37/><U36/><E36/><V21/><F21/><W130/><G35/><T29/><D29/><U96/><E96/><V51/><F51/><W84/><G50/><T61/><D61/><U110/><E110/><V82/><F82/><N who="3" m="47175" /><G60/><T131/><D131/><U78/><AGARI ba="0,2" hai="72,78,80,86,87" m="55759,41065,47177" machi="78" ten="40,8000,1" yaku="34,2,52,3" doraHai="100" who="1" fromWho="1" sc="240,-40,250,100,240,-20,250,-20" /><INIT seed="1,0,0,2,0,41" ten="200,350,220,230" oya="1" hai0="55,49,38,53,15,22,75,40,32,58,122,86,0" hai1="13,35,9,84,17,2,129,71,54,69,88,21,90" hai2="1,105,101,59,112,46,132,7,73,11,20,119,106" hai3="68,31,118,108,102,99,74,133,62,43,81,100,51"/><U128/><E35/><V67/><F119/><W134/><G118/><T82/><D32/><U91/><E84/><V79/><F101/><W104/><G102/><T77/><D0/><U113/><E113/><V97/><F112/><W80/><G108/><T42/><D122/><U72/><E72/><V29/><F97/><W27/><G43/><T61/><D38/><U33/><E33/><V25/><F59/><W89/><G51/><T124/><D124/><U96/><E96/><V103/><F67/><N who="3" m="41079" /><G89/><T109/><D109/><U70/><REACH who="1" step="1"/><E54/><REACH who="1" ten="200,340,220,230" step="2"/><V60/><F103/><W125/><G74/><T8/><D75/><U111/><E111/><V44/><F60/><W64/><G99/><T135/><D135/><U36/><E36/><V14/><F132/><W6/><G134/><T66/><D53/><U76/><E76/><V23/><F79/><W26/><G133/><T52/><D55/><U107/><E107/><V16/><F73/><W117/><G104/><T116/><D116/><U34/><E34/><V10/><F106/><W37/><G37/><T48/><D86/><U115/><E115/><V95/><F95/><W130/><G117/><T114/><D114/><U56/><E56/><V123/><F105/><W127/><G127/><T19/><D77/><U12/><E12/><V92/><F92/><W39/><G125/><T3/><D15/><U4/><AGARI ba="0,1" hai="2,4,9,13,17,21,69,70,71,88,90,91,128,129" machi="4" ten="40,7800,0" yaku="1,1,0,1,54,1,53,0" doraHai="41" doraHaiUra="47" who="1" fromWho="1" sc="200,-26,340,88,220,-26,230,-26" /><INIT seed="1,1,0,0,1,37" ten="174,428,194,204" oya="1" hai0="75,123,73,106,116,122,41,57,83,87,125,71,131" hai1="42,60,100,43,58,93,51,102,130,117,118,64,27" hai2="120,24,7,77,109,66,97,50,45,89,61,98,74" hai3="21,68,78,53,12,35,1,3,30,34,80,63,59"/><U17/><E118/><V13/><F120/><N who="0" m="46122" /><D71/><U85/><E117/><V133/><F109/><W38/><G38/><T95/><D116/><U105/><E105/><V5/><F133/><W126/><G126/><T72/><D125/><U29/><E17/><V134/><F134/><W44/><G68/><T127/><D127/><U128/><E51/><V65/><F24/><W90/><G90/><N who="0" m="53727" /><D106/><U47/><E47/><V36/><F36/><W82/><G44/><T49/><D131/><N who="1" m="50219" /><E85/><V28/><F74/><W67/><G67/><T115/><D115/><U86/><E86/><V91/><F77/><W94/><G78/><N who="0" m="44487" /><D57/><U25/><E27/><V129/><F28/><W99/><G30/><T135/><D135/><U14/><E14/><V39/><F39/><W23/><G1/><T52/><D41/><N who="1" m="15371" /><E93/><V81/><F129/><W15/><G3/><T121/><D121/><U69/><E69/><V92/><F13/><W10/><G15/><T2/><D2/><U108/><E108/><V40/><F92/><W119/><G94/><T107/><D107/><U84/><E84/><V26/><F26/><W20/><G119/><T16/><D16/><U124/><E124/><V0/><F0/><W62/><G12/><T76/><D76/><U112/><E112/><V9/><F50/><W70/><G70/><T19/><D19/><U55/><E64/><V4/><F5/><W46/><G46/><T48/><D48/><U101/><E25/><V18/><F45/><W103/><G35/><T113/><D113/><U96/><E29/><V79/><F66/><W33/><G33/><T104/><D104/><RYUUKYOKU ba="1,0" sc="174,15,428,15,194,-15,204,-15" hai0="49,52,73,75" hai1="55,58,60,96,100,101,102" /><INIT seed="1,2,0,4,2,112" ten="189,443,179,189" oya="1" hai0="62,60,109,29,37,83,70,14,55,21,128,69,51" hai1="12,99,133,5,45,67,132,39,63,126,4,124,117" hai2="91,89,86,54,85,24,73,25,88,43,121,48,34" hai3="72,18,79,84,11,108,90,26,6,33,36,75,131"/><U77/><E77/><V8/><F73/><W122/><G122/><T120/><D37/><U46/><E99/><V80/><F121/><W82/><G108/><T32/><D120/><U76/><E76/><V93/><F43/><W31/><G131/><T101/><D109/><U92/><E92/><V104/><F34/><W7/><G36/><T28/><D128/><U41/><E12/><V71/><F71/><W1/><G7/><T23/><D101/><U78/><E78/><V17/><F104/><W22/><REACH who="3" step="1"/><G79/><REACH who="3" ten="189,443,179,179" step="2"/><T119/><D69/><N who="1" m="42239" /><E5/><V64/><F91/><W61/><G61/><T13/><D70/><U135/><E4/><V19/><F64/><W47/><G47/><T125/><D60/><U16/><E46/><V134/><F8/><W87/><G87/><T65/><D62/><U105/><E105/><V35/><F80/><W50/><G50/><T44/><D65/><U111/><E111/><V95/><F35/><W113/><G113/><T107/><D83/><U57/><E57/><V40/><F48/><W110/><G110/><T100/><D107/><U98/><E39/><V103/><F103/><W56/><G56/><T9/><D100/><U0/><E135/><V52/><F40/><W10/><G10/><T20/><D9/><U114/><E114/><V127/><F134/><W74/><G74/><T30/><D32/><U49/><E133/><V59/><REACH who="2" step="1"/><F59/><REACH who="2" ten="189,443,169,179" step="2"/><W118/><G118/><T68/><D119/><U102/><E117/><V66/><F66/><W96/><G96/><T53/><D68/><U42/><E132/><V15/><F15/><AGARI ba="2,2" hai="1,6,11,15,18,22,26,31,33,72,75,82,84,90" machi="15" ten="30,8000,1" yaku="1,1,7,1,24,2,53,1" doraHai="112" doraHaiUra="3" who="3" fromWho="2" sc="189,0,443,0,169,-86,179,106" /><INIT seed="2,0,0,0,3,105" ten="189,443,83,285" oya="2" hai0="97,26,130,75,20,18,57,6,11,61,132,7,54" hai1="112,79,49,35,90,99,33,0,126,34,81,51,55" hai2="73,72,88,111,114,125,116,15,131,121,30,91,53" hai3="93,107,59,21,89,104,128,80,28,113,14,123,19"/><V3/><F30/><W29/><G123/><T36/><D36/><U24/><E112/><V41/><F3/><W27/><G113/><T66/><D130/><U37/><E37/><V67/><F114/><W117/><G117/><T94/><D132/><U68/><E68/><V50/><F121/><W58/><G128/><T32/><D75/><U95/><E0/><V115/><F115/><W85/><G29/><T45/><D32/><U16/><E126/><V120/><F120/><W44/><G44/><T12/><D45/><U106/><E106/><V119/><F67/><W52/><G59/><T39/><D39/><U82/><E82/><V102/><F41/><W77/><G77/><T74/><D74/><U92/><E95/><V78/><F15/><W31/><G31/><T83/><D83/><U40/><E55/><V76/><F53/><W43/><G43/><T129/><D129/><U13/><E24/><V9/><F50/><W69/><G69/><T96/><D96/><U2/><E2/><V71/><F9/><W8/><REACH who="3" step="1"/><G80/><REACH who="3" ten="189,443,83,275" step="2"/><T23/><D23/><U86/><REACH who="1" step="1"/><E40/><REACH who="1" ten="189,433,83,275" step="2"/><V103/><F71/><W122/><G122/><T48/><D54/><U98/><E98/><V110/><REACH who="2" step="1"/><F131/><REACH who="2" ten="189,433,73,275" step="2"/><W56/><G56/><T100/><D57/><U65/><E65/><V70/><F70/><W63/><AGARI ba="0,3" hai="8,14,19,21,27,28,52,58,63,85,89,93,104,107" machi="63" ten="20,12000,2" yaku="1,1,0,1,7,1,54,1,53,2" doraHai="105" doraHaiUra="101" who="3" fromWho="3" sc="189,-30,433,-30,73,-60,275,150" /><INIT seed="3,0,0,5,4,117" ten="159,403,13,425" oya="3" hai0="119,9,114,27,62,75,54,8,121,17,51,86,24" hai1="12,77,32,41,34,45,89,35,101,128,127,36,3" hai2="61,56,125,63,73,104,49,122,10,68,11,7,42" hai3="29,110,71,55,69,116,134,28,6,2,39,132,102"/><W120/><G116/><T18/><D119/><U84/><E3/><V31/><F73/><W23/><G39/><T124/><D75/><U52/><E101/><V25/><F104/><W64/><G110/><T76/><D124/><U72/><E127/><V106/><F106/><W126/><G126/><T123/><D62/><U80/><E12/><V38/><F125/><W99/><G55/><T50/><D54/><U130/><REACH who="1" step="1"/><E52/><REACH who="1" ten="159,393,13,425" step="2"/><V21/><F7/><W19/><G2/><T15/><D15/><U129/><E129/><V40/><F56/><W43/><G6/><T44/><D44/><U108/><E108/><V60/><F68/><W115/><G69/><T95/><D114/><U111/><E111/><V66/><F66/><W85/><G115/><T90/><D121/><U57/><E57/><V82/><F122/><W88/><G120/><T65/><D123/><U93/><AGARI ba="0,1" hai="32,34,35,36,41,45,72,77,80,84,89,93,128,130" machi="93" ten="40,2700,0" yaku="1,1,0,1,53,0" doraHai="117" doraHaiUra="46" who="1" fromWho="1" sc="159,-7,393,37,13,-7,425,-13" /><INIT seed="4,0,0,4,1,69" ten="152,430,6,412" oya="0" hai0="22,40,63,61,92,3,44,67,14,47,26,55,114" hai1="56,127,95,128,9,51,18,130,110,33,118,75,107" hai2="38,32,101,125,54,134,62,112,1,30,97,74,113" hai3="70,116,57,102,103,27,126,66,8,87,15,23,24"/><T29/><D3/><U105/><E33/><V121/><F1/><W73/><G73/><T117/><D117/><U64/><E118/><V31/><F74/><W4/><G116/><T17/><D114/><N who="2" m="44138" /><F121/><W108/><G108/><T68/><D92/><U81/><E95/><V11/><F32/><W90/><G126/><T58/><D40/><U79/><E64/><V104/><F125/><W131/><G70/><T46/><D47/><U98/><E98/><V94/><F11/><AGARI ba="0,0" hai="11,14,17,22,26,29,44,46,55,58,61,63,67,68" machi="11" ten="30,1500,0" yaku="7,1" doraHai="69" who="0" fromWho="2" sc="152,15,430,0,6,-15,412,0" owari="167,-23.3,430,53.0,-9,-50.9,412,21.2" /></mjloggm>