<mjloggm ver="2.3"><GO type="41" lobby="0"/><UN n0="%62%6F%62%30%32%30%39" n1="%45%2E%53%48%49%52%41%49" n2="%E2%93%9D%4C%75%63%6B%79%4A" n3="%E3%83%88%E3%83%AA%E3%83%83%E3%82%AB%E3%83%BC%E3%82%BA" dan="13,15,15,14" rate="1848.54,1960.54,2108.04,1885.18" sx="M,M,M,M"/><TAIKYOKU oya="0"/><INIT seed="0,0,0,1,0,128" ten="250,250,250,250" oya="0" hai0="13,32,127,45,71,11,6,108,69,57,131,129,22" hai1="56,59,61,12,134,0,47,87,124,42,116,40,38" hai2="101,135,54,82,39,48,29,4,5,78,105,26,35" hai3="103,121,75,9,74,24,43,95,19,133,126,23,7"/><T53/><D32/><U73/><E0/><V97/><F39/><W15/><G121/><T67/><D108/><U63/><E73/><V114/><F114/><W76/><G43/><T102/><D102/><U132/><E12/><V111/><F111/><W14/><G76/><T106/><D106/><U17/><E17/><V79/><F79/><W36/><G36/><T112/><D112/><U115/><E87/><V98/><F98/><W31/><G103/><T96/><D96/><U27/><E27/><V122/><F135/><N who="1" m="51753" /><E115/><V104/><F122/><W49/><G133/><T52/><D127/><U85/><E116/><V86/><REACH who="2" step="1"/><F105/><REACH who="2" ten="250,250,240,250" step="2"/><W119/><G126/><T77/><D77/><U50/><E124/><V110/><F110/><W72/><G119/><T93/><D131/><U1/><E1/><V33/><F33/><W64/><G75/><T88/><D129/><U94/><E38/><V51/><F51/><W37/><G49/><N who="0" m="28719" /><D71/><U65/><E40/><V113/><F113/><W91/><G74/><T130/><D69/><N who="1" m="42159" /><E63/><V34/><F34/><W118/><G72/><T70/><D70/><U21/><E21/><V18/><F18/><W55/><G118/><T92/><D22/><U58/><E85/><V41/><F41/><W109/><G37/><T123/><D130/><U60/><E60/><V8/><F8/><W89/><G109/><T25/><D123/><U20/><E20/><V28/><F28/><W10/><G23/><T81/><D67/><U68/><E68/><V66/><F66/><W84/><G64/><T80/><D11/><U90/><E42/><V120/><F120/><RYUUKYOKU ba="0,1" sc="250,-10,250,-10,240,30,250,-10" hai2="4,5,26,29,35,48,54,78,82,86,97,101,104" /><INIT seed="1,1,1,3,1,3" ten="240,240,270,240" oya="1" hai0="106,78,15,24,52,64,57,113,128,79,21,90,129" hai1="39,38,22,48,63,66,98,119,88,37,13,67,123" hai2="97,41,28,92,60,46,76,127,70,112,71,6,120" hai3="30,82,80,9,7,133,20,8,4,100,110,59,135"/><U95/><E123/><V118/><F120/><W104/><G104/><T69/><D106/><U17/><E119/><V14/><F118/><W18/><G100/><T77/><D113/><U68/><E66/><V105/><F105/><W99/><G99/><T49/><D90/><U134/><REACH who="1" step="1"/><E48/><REACH who="1" ten="240,230,270,240" step="2"/><V101/><F112/><W53/><G135/><AGARI ba="1,2" hai="13,17,22,37,38,39,63,67,68,88,95,98,134,135" machi="135" ten="50,12000,1" yaku="1,1,2,1,54,1,53,1" doraHai="3" doraHaiUra="89" who="1" fromWho="3" sc="240,0,230,143,270,0,240,-123" /><INIT seed="1,2,0,5,5,130" ten="240,373,270,117" oya="1" hai0="20,7,110,118,28,114,102,4,38,91,89,111,32" hai1="78,108,6,2,19,101,83,104,103,115,93,13,29" hai2="134,18,69,133,36,116,76,56,106,41,54,26,81" hai3="97,47,109,71,44,123,59,37,90,73,79,117,126"/><U21/><E115/><V96/><F69/><W121/><G71/><T135/><D32/><U34/><E104/><V51/><F116/><W12/><G117/><T1/><D1/><U70/><E70/><V65/><F65/><W43/><G109/><N who="0" m="41483" /><D38/><U112/><E112/><V25/><F18/><W100/><G126/><T22/><D118/><U122/><E122/><V64/><F64/><W50/><G59/><T62/><D62/><U98/><E108/><V131/><F131/><W40/><G12/><T8/><D102/><U10/><E101/><N who="2" m="62759" /><F41/><W53/><G53/><T86/><D114/><U14/><E13/><V33/><F36/><W52/><G43/><T42/><D42/><U57/><E57/><V66/><F66/><W11/><G11/><T105/><D105/><U58/><E58/><V3/><F3/><W80/><REACH who="3" step="1"/><G90/><REACH who="3" ten="240,373,270,107" step="2"/><N who="0" m="34315" /><D8/><U60/><E60/><V27/><F54/><W124/><G124/><T39/><D39/><U82/><REACH who="1" step="1"/><E78/><REACH who="1" ten="240,363,270,107" step="2"/><V125/><F76/><W74/><G74/><T31/><D86/><U119/><E119/><V67/><F125/><W68/><G68/><T132/><D7/><U92/><E92/><AGARI ba="2,2" hai="37,40,44,47,50,52,73,79,80,92,97,100,121,123" machi="92" ten="30,7700,0" yaku="1,1,7,1,54,1,53,1" doraHai="130" doraHaiUra="88" who="3" fromWho="1" sc="240,0,363,-83,270,0,107,103" /><INIT seed="2,0,0,4,2,24" ten="240,280,270,210" oya="2" hai0="33,128,16,93,134,22,7,116,135,61,132,129,19" hai1="66,112,34,73,15,80,98,30,104,102,82,99,5" hai2="39,29,17,44,43,119,86,59,60,126,8,42,78" hai3="89,48,58,31,35,12,36,63,74,95,55,90,107"/><V41/><F119/><W40/><G74/><T87/><D61/><U88/><E112/><V85/><F126/><W111/><G107/><T32/><D93/><U124/><E124/><V81/><F17/><N who="0" m="6730" /><D87/><U54/><E54/><V127/><F127/><W11/><G111/><T67/><D67/><U20/><E66/><V72/><F8/><W133/><G133/><N who="0" m="34051" /><T106/><DORA hai="123" /><D106/><U71/><E71/><V70/><F70/><W57/><G36/><T14/><D116/><U108/><E108/><V23/><F86/><W10/><G40/><T120/><D120/><U50/><E50/><V52/><REACH who="2" step="1"/><F72/><REACH who="2" ten="240,280,260,210" step="2"/><W131/><G11/><N who="0" m="4479" /><D22/><U56/><E20/><V65/><F65/><W64/><G64/><T18/><N who="0" m="6738" /><T0/><DORA hai="130" /><D0/><U118/><E73/><V105/><F105/><W26/><G10/><T83/><D83/><U49/><E82/><V25/><AGARI ba="0,1" hai="23,25,29,39,41,42,43,44,52,59,60,78,81,85" machi="25" ten="30,11700,0" yaku="1,1,0,1,52,1,54,1,53,0" doraHai="24,123,130" doraHaiUra="117,45,96" who="2" fromWho="2" sc="240,-39,280,-39,260,127,210,-39" /><INIT seed="2,1,0,5,5,57" ten="201,241,387,171" oya="2" hai0="90,52,74,107,83,30,117,112,5,134,133,38,75" hai1="14,92,10,84,7,126,15,122,86,98,8,115,127" hai2="129,69,31,110,61,131,121,89,40,130,32,109,97" hai3="25,82,22,63,34,35,106,27,36,87,55,20,67"/><V123/><F40/><W39/><G106/><T59/><D107/><U9/><E115/><V94/><F31/><W26/><G55/><T96/><D38/><U95/><E122/><N who="2" m="46603" /><F32/><W80/><G87/><T33/><D117/><U108/><E108/><N who="2" m="41579" /><F69/><W125/><G27/><T113/><D5/><U4/><E9/><V44/><F44/><W1/><G67/><T128/><D30/><U114/><E114/><N who="0" m="44137" /><D33/><U118/><REACH who="1" step="1"/><E98/><REACH who="1" ten="201,231,387,171" step="2"/><V60/><AGARI ba="1,1" hai="60,61,89,94,97,129,130,131" m="41579,46603" machi="60" ten="40,12000,1" yaku="19,1,14,1,10,1,52,2" doraHai="57" who="2" fromWho="2" sc="201,-41,231,-41,387,133,171,-41" /><INIT seed="2,2,0,1,1,86" ten="160,190,520,130" oya="2" hai0="43,48,9,128,74,22,70,71,109,36,19,123,83" hai1="16,102,108,33,131,13,82,65,40,45,132,38,110" hai2="76,105,37,103,84,120,30,68,98,95,122,34,97" hai3="127,42,54,107,119,41,23,7,64,18,130,39,3"/><V10/><F37/><W56/><G119/><T72/><D9/><N who="1" m="6191" /><E33/><V92/><F68/><W55/><G107/><T60/><D83/><U89/><E102/><N who="2" m="62679" /><F30/><W121/><G121/><N who="2" m="46697" /><F34/><W118/><G118/><T75/><D48/><U24/><E24/><V2/><F2/><W114/><G114/><T88/><D60/><U134/><E65/><V115/><F10/><W133/><G64/><T61/><D61/><U63/><E63/><V57/><F57/><W117/><G117/><T78/><D123/><U80/><E131/><V58/><F58/><W91/><G130/><T79/><D128/><U73/><E80/><N who="2" m="47111" /><F115/><W0/><G0/><T50/><D70/><U15/><E15/><V31/><F31/><W32/><G32/><T5/><D71/><U1/><E1/><V67/><F67/><W125/><G3/><T17/><D50/><U106/><E45/><V25/><F25/><W66/><G66/><T47/><D36/><U8/><E8/><V100/><F103/><W99/><G39/><T101/><D47/><U59/><E59/><V12/><F12/><W6/><G56/><T29/><D101/><U51/><E51/><V44/><F44/><W52/><G42/><T69/><D43/><U77/><E40/><V35/><F35/><W46/><G46/><T62/><D69/><U4/><E38/><V96/><F97/><W116/><G41/><T90/><D62/><U20/><E20/><V135/><F135/><N who="1" m="51753" /><E4/><V26/><F26/><W21/><G133/><T27/><D5/><U49/><E49/><V129/><F129/><W94/><G116/><T111/><D19/><RYUUKYOKU ba="2,0" sc="160,-10,190,-10,520,30,130,-10" hai2="92,95,96,100" /><INIT seed="2,3,0,5,0,4" ten="150,180,550,120" oya="2" hai0="83,19,56,76,116,120,30,65,36,82,125,8,15" hai1="29,135,3,107,34,77,134,26,131,88,128,1,39" hai2="129,91,93,54,9,68,79,55,7,28,12,31,23" hai3="78,41,42,46,113,20,126,95,53,127,101,75,124"/><V106/><F106/><W35/><G35/><T50/><D36/><U121/><E39/><V99/><F68/><W92/><G20/><T87/><D120/><U44/><E107/><V45/><F129/><N who="1" m="49737" /><E44/><V32/><F32/><W16/><G16/><T86/><D30/><U117/><E77/><V27/><F31/><W72/><G53/><N who="0" m="31799" /><D125/><U97/><E117/><V118/><F118/><W13/><G13/><T132/><D116/><U71/><E71/><V84/><REACH who="2" step="1"/><F45/><REACH who="2" ten="150,180,540,120" step="2"/><W14/><G46/><T0/><D132/><N who="1" m="50731" /><E121/><V51/><F51/><W18/><G127/><T49/><D49/><U98/><E98/><V10/><F10/><W57/><G126/><T66/><D0/><U2/><E2/><V110/><F110/><W73/><G124/><T40/><D40/><U103/><E103/><V119/><F119/><W22/><G101/><T33/><D33/><U74/><E74/><V24/><F24/><W60/><G42/><T6/><D6/><U62/><E62/><V100/><F100/><W52/><G41/><T81/><D76/><U43/><E43/><V38/><F38/><W21/><G78/><T85/><AGARI ba="3,1" hai="8,15,19,65,66,81,82,83,85,86,87" m="31799" machi="85" ten="30,2000,0" yaku="8,1,52,1" doraHai="4" who="0" fromWho="0" sc="150,39,180,-8,540,-13,120,-8" /><INIT seed="3,0,0,5,2,60" ten="189,172,527,112" oya="3" hai0="20,5,121,133,134,9,19,35,91,110,70,4,59" hai1="28,55,124,26,40,72,3,98,135,2,80,46,73" hai2="128,104,131,51,94,113,30,64,68,115,86,65,63" hai3="12,10,32,71,31,0,44,111,56,92,25,18,42"/><W117/><G71/><T84/><D70/><U106/><E124/><V15/><F104/><W38/><G117/><T85/><D35/><U14/><E135/><N who="0" m="51721" /><D121/><U100/><E55/><V39/><F30/><W47/><G111/><T126/><D110/><U36/><E14/><V116/><F15/><W21/><G47/><T76/><D126/><U127/><E127/><V61/><F94/><W49/><G92/><T125/><D76/><U90/><E90/><V87/><F68/><W109/><G109/><T52/><D125/><U101/><E100/><V69/><F69/><W11/><G38/><T16/><D20/><U37/><E36/><V132/><F132/><W62/><REACH who="3" step="1"/><G0/><REACH who="3" ten="189,172,527,102" step="2"/><N who="0" m="135" /><D5/><U77/><REACH who="1" step="1"/><E73/><REACH who="1" ten="189,162,527,102" step="2"/><V7/><F39/><W67/><AGARI ba="0,2" hai="10,11,12,18,21,25,31,32,42,44,49,56,62,67" machi="67" ten="20,7800,0" yaku="1,1,0,1,7,1,52,1,53,0" doraHai="60" doraHaiUra="1" who="3" fromWho="3" sc="189,-26,162,-26,527,-26,102,98" /><INIT seed="3,1,0,4,3,18" ten="163,136,501,200" oya="3" hai0="102,118,68,3,84,104,96,14,58,127,77,95,114" hai1="28,5,128,46,113,90,21,15,129,60,62,45,81" hai2="89,53,54,56,52,6,59,73,13,55,12,32,66" hai3="101,110,44,80,41,1,108,106,17,10,37,93,131"/><W38/><G80/><T25/><D68/><U31/><E113/><V91/><F32/><W99/><G93/><T103/><D3/><U23/><E15/><V119/><F119/><W130/><G38/><T36/><D14/><U134/><E81/><V117/><F73/><W33/><G33/><T121/><D58/><U63/><E90/><N who="2" m="34315" /><F117/><W4/><G17/><T61/><D61/><U109/><E5/><V20/><F66/><W27/><G27/><T122/><D36/><U76/><E76/><V111/><F111/><AGARI ba="1,0" hai="1,4,10,37,41,44,99,101,106,108,110,111,130,131" machi="111" ten="40,12000,1" yaku="14,1,10,1,23,2" doraHai="18" who="3" fromWho="2" sc="163,0,136,0,501,-123,200,123" /><INIT seed="3,2,0,0,1,61" ten="163,136,378,323" oya="3" hai0="17,135,126,3,108,55,76,101,32,122,114,110,0" hai1="88,74,9,44,57,123,81,117,26,64,65,23,91" hai2="105,58,82,48,62,134,25,70,90,13,121,95,103" hai3="120,54,7,6,60,66,20,79,85,83,24,87,75"/><W131/><G120/><T125/><D32/><U19/><E123/><V97/><F121/><W128/><G54/><T8/><D101/><U5/><E117/><V59/><F134/><W127/><G127/><N who="0" m="48651" /><D76/><U42/><E74/><V99/><F13/><W93/><G75/><T68/><D68/><U45/><E57/><V11/><F11/><W96/><G87/><T77/><D77/><U84/><E91/><V39/><F39/><W98/><G98/><T50/><D122/><U30/><E30/><V94/><F105/><W106/><G106/><T56/><D114/><U130/><E130/><N who="3" m="49706" /><G93/><T107/><D107/><U78/><E78/><V37/><F37/><W86/><G86/><T133/><D17/><U40/><E44/><V116/><F116/><W35/><G96/><T72/><D8/><U49/><REACH who="1" step="1"/><E42/><REACH who="1" ten="163,126,378,323" step="2"/><V100/><F103/><W34/><G34/><T92/><D72/><U71/><E71/><V132/><F70/><N who="3" m="42311" /><G35/><T22/><D22/><U1/><AGARI ba="2,1" hai="1,5,9,19,23,26,40,45,49,64,65,81,84,88" machi="1" ten="20,12000,2" yaku="1,1,0,1,7,1,52,2,54,1,53,0" doraHai="61" doraHaiUra="51" who="1" fromWho="1" sc="163,-32,126,136,378,-32,323,-62" /><INIT seed="4,0,0,0,1,54" ten="131,262,346,261" oya="0" hai0="106,135,110,109,80,76,19,112,114,101,111,3,32" hai1="9,123,94,22,124,47,43,89,28,63,10,52,90" hai2="48,133,17,99,127,14,4,92,57,27,130,117,13" hai3="102,16,18,12,121,103,11,104,49,8,79,96,64"/><T87/><D3/><U62/><E123/><V7/><F133/><W126/><G126/><T25/><D32/><U91/><E124/><V118/><F127/><W73/><G121/><T21/><D135/><U134/><E134/><V70/><F70/><W65/><G103/><T1/><D1/><U125/><E125/><V75/><F75/><W15/><REACH who="3" step="1"/><G49/><REACH who="3" ten="131,262,346,251" step="2"/><T61/><D61/><U100/><E63/><V85/><F48/><W93/><G93/><T88/><D76/><U105/><E105/><V132/><F92/><W74/><G74/><T77/><D77/><U36/><E100/><V67/><F132/><W42/><G42/><T81/><D81/><AGARI ba="0,1" hai="8,11,12,15,16,18,64,65,73,79,81,96,102,104" machi="81" ten="40,8000,1" yaku="1,1,9,1,54,1,53,2" doraHai="54" doraHaiUra="5" who="3" fromWho="0" sc="131,-80,262,0,346,0,251,90" /><INIT seed="5,0,0,2,5,50" ten="51,262,346,341" oya="1" hai0="0,99,103,104,96,84,102,132,49,94,20,101,51" hai1="76,22,63,54,115,11,70,33,108,123,78,80,35" hai2="44,36,32,110,116,109,74,89,131,24,43,29,62" hai3="92,130,64,77,45,4,85,13,112,87,60,75,30"/><U38/><E38/><V118/><F89/><W34/><G112/><T57/><D0/><U41/><E123/><V7/><F131/><W52/><G130/><T93/><D20/><U117/><E41/><V134/><F134/><W42/><G75/><T48/><D132/><U121/><E117/><V14/><F74/><W3/><G3/><T53/><D104/><U19/><E115/><V106/><F106/><W114/><G114/><T12/><D12/><U79/><E121/><V127/><F127/><W97/><G77/><T129/><D129/><U86/><E108/><V46/><F46/><W21/><G34/><T8/><D8/><U65/><E11/><V90/><F90/><W72/><G72/><T71/><D71/><U40/><E40/><V16/><F7/><W56/><G64/><T31/><D31/><U69/><E70/><V1/><F1/><W2/><G2/><T111/><D111/><U128/><E128/><V122/><F122/><W119/><G119/><T26/><D26/><U28/><E28/><V23/><F118/><W133/><G133/><T61/><REACH who="0" step="1"/><D103/><REACH who="0" ten="41,262,346,341" step="2"/><U9/><E9/><V91/><F116/><W68/><G68/><T124/><D124/><U55/><E33/><V73/><F32/><W10/><G30/><T47/><D47/><U18/><E35/><V98/><F29/><W125/><G21/><T27/><D27/><N who="1" m="14807" /><E19/><V107/><F16/><W120/><G120/><T58/><D58/><U17/><E17/><V15/><F24/><W5/><G125/><T67/><D67/><U83/><E78/><V100/><F110/><W66/><G66/><RYUUKYOKU ba="0,1" sc="41,15,262,15,346,-15,341,-15" hai0="48,49,51,53,57,61,84,93,94,96,99,101,102" hai1="54,55,63,65,69,76,79,80,83,86" /><INIT seed="5,1,1,5,0,110" ten="56,277,331,326" oya="1" hai0="8,123,91,27,114,25,11,49,31,122,15,90,21" hai1="82,38,50,78,75,126,34,69,83,80,127,89,88" hai2="79,108,93,77,30,22,99,14,23,135,26,84,35" hai3="6,40,3,111,58,65,61,115,119,109,104,9,87"/><U67/><E38/><V85/><F108/><W57/><G104/><T101/><D101/><U70/><E34/><V16/><F135/><W28/><G119/><T45/><D45/><U118/><E118/><V60/><F35/><W63/><G40/><T107/><D107/><U125/><E50/><V36/><F36/><W13/><G28/><T100/><D100/><U134/><E134/><V131/><F131/><W4/><G87/><N who="2" m="33353" /><F60/><W86/><G86/><T117/><D49/><U56/><E78/><V124/><F124/><W66/><G115/><T132/><D91/><AGARI ba="1,1" hai="14,16,22,23,26,30,77,79,91,93,99" m="33353" machi="91" ten="30,2000,0" yaku="8,1,54,1" doraHai="110" who="2" fromWho="0" sc="56,-23,277,0,331,33,326,0" /><INIT seed="6,0,0,4,0,99" ten="33,277,364,326" oya="2" hai0="109,33,1,34,12,85,62,75,3,135,32,96,17" hai1="115,110,81,23,95,48,106,50,86,111,14,7,8" hai2="113,112,127,25,39,117,29,128,49,0,36,131,124" hai3="53,103,66,11,41,130,133,84,94,88,105,30,114"/><V21/><F49/><W92/><G41/><T78/><D96/><U55/><E106/><V91/><F117/><W45/><G66/><T119/><D62/><U18/><E115/><N who="2" m="44107" /><F0/><W120/><G114/><T129/><D85/><U44/><E50/><V80/><F80/><W65/><G65/><T70/><D70/><U54/><E95/><V27/><F91/><W118/><G118/><T35/><D119/><U67/><E67/><V16/><F39/><W93/><G30/><T72/><N who="0" m="8192" /><DORA hai="82" /><T69/><D69/><U89/><REACH who="1" step="1"/><E54/><REACH who="1" ten="33,267,364,326" step="2"/><V9/><F36/><W10/><G105/><T60/><D109/><U107/><E107/><V122/><F122/><W56/><G120/><T104/><D104/><U59/><E59/><V90/><F90/><W132/><G56/><T121/><D60/><U83/><E83/><V52/><F52/><W63/><G53/><T98/><D121/><U116/><E116/><V37/><F37/><W38/><G38/><T6/><D135/><U108/><E108/><V102/><F102/><W20/><G103/><T47/><D129/><N who="2" m="49738" /><F27/><AGARI ba="0,1" hai="7,8,14,18,23,27,44,48,55,81,86,89,110,111" machi="27" ten="30,7700,0" yaku="1,1,7,1,52,1,53,1" doraHai="99,82" doraHaiUra="24,46" who="1" fromWho="2" sc="33,0,267,87,364,-77,326,0" /><INIT seed="7,0,0,1,3,29" ten="33,354,287,326" oya="3" hai0="55,13,23,72,35,90,97,56,37,108,6,84,75" hai1="25,85,5,132,119,46,43,111,128,14,107,10,109" hai2="112,28,2,63,11,89,50,67,102,81,49,58,44" hai3="41,39,106,30,115,96,121,15,80,123,82,125,88"/><W48/><G39/><T64/><D37/><U27/><E107/><V71/><F102/><W21/><G115/><T38/><D38/><U120/><E120/><V24/><F112/><W7/><BYE who="0" /><G125/><T18/><D18/><U135/><E85/><V130/><F130/><W34/><G82/><T8/><D8/><U51/><E128/><V110/><F110/><N who="1" m="41993" /><E119/><V114/><F114/><W59/><G34/><T31/><D31/><U33/><E33/><V20/><F71/><W98/><G106/><T32/><D32/><U22/><E22/><V78/><F89/><W4/><G123/><T19/><D19/><U122/><E122/><V0/><F11/><N who="3" m="4583" /><G7/><T61/><D61/><U117/><E117/><V12/><F12/><W131/><G131/><T40/><D40/><U45/><E46/><V101/><F101/><W87/><G121/><T3/><D3/><U16/><E5/><V100/><F100/><W62/><G48/><T57/><D57/><U113/><E113/><V129/><F129/><W70/><G41/><T74/><D74/><U103/><E103/><V95/><F95/><W36/><G70/><T1/><D1/><U94/><E94/><V116/><F116/><W53/><G36/><T76/><D76/><U9/><E9/><V52/><REACH who="2" step="1"/><F50/><REACH who="2" ten="33,354,277,326" step="2"/><W105/><G105/><T134/><D134/><AGARI ba="0,1" hai="10,14,16,25,27,43,45,51,132,134,135" m="41993" machi="134" ten="30,2000,0" yaku="20,1,54,1" doraHai="29" who="1" fromWho="0" sc="33,-20,354,30,277,0,326,0" owari="13,-48.7,384,48.4,277,-12.3,326,12.6" /></mjloggm>