<mjloggm ver="2.3"><GO type="41" lobby="0"/><UN n0="%E2%93%9D%4C%75%63%6B%79%4A" n1="%59%75%6B%69%6B%61%6E" n2="%E3%83%97%E3%83%AC%E3%82%AF%E3%83%A9%E3%82%B9%E3%83%8B%E3%83%BC" n3="%6D%6F%6E%69%6E%6F%6D%6F" dan="17,14,15,15" rate="2160.28,1802.83,2018.09,1985.56" sx="M,M,M,M"/><TAIKYOKU oya="0"/><INIT seed="0,0,0,5,5,100" ten="250,250,250,250" oya="0" hai0="133,97,91,51,53,130,131,111,106,121,124,27,39" hai1="47,14,0,46,108,36,132,22,3,5,122,102,69" hai2="113,80,58,135,20,82,127,115,59,30,65,13,118" hai3="110,109,40,12,92,77,16,78,26,120,123,64,54"/><T81/><D39/><U18/><E69/><V67/><F118/><W66/><G40/><T83/><D121/><N who="3" m="46665" /><G26/><T116/><D116/><U37/><E122/><V6/><F6/><W85/><G54/><T90/><D124/><U2/><E132/><V70/><F30/><W112/><G112/><T24/><D133/><U21/><E108/><N who="3" m="41578" /><G92/><T55/><D111/><U125/><E125/><V101/><F135/><W8/><G85/><T33/><D51/><U28/><E102/><V60/><F20/><W129/><G129/><T63/><D63/><U96/><E96/><V73/><F127/><W31/><G31/><T4/><D4/><U1/><E5/><V117/><F117/><W98/><G98/><T93/><D97/><U79/><E79/><AGARI ba="0,0" hai="8,12,16,64,66,77,78,79" m="41578,46665" machi="79" ten="30,3900,0" yaku="13,1,14,1,54,1" doraHai="100" who="3" fromWho="1" sc="250,0,250,-39,250,0,250,39" /><INIT seed="1,0,0,1,3,121" ten="250,211,250,289" oya="1" hai0="106,48,14,101,128,43,46,7,57,120,108,130,62" hai1="95,110,94,56,37,81,125,65,35,27,80,75,19" hai2="79,99,89,5,32,102,74,90,122,29,61,114,63" hai3="15,124,73,126,117,26,39,11,92,115,71,131,119"/><U69/><E69/><V25/><F122/><W42/><G73/><T4/><D120/><U12/><E37/><V17/><F114/><W107/><G107/><T98/><D14/><U13/><E125/><N who="3" m="48234" /><G71/><T40/><D43/><U103/><E75/><V55/><F5/><W113/><G92/><N who="1" m="35370" /><E35/><V76/><F74/><W23/><G131/><N who="0" m="50219" /><D108/><U53/><E65/><AGARI ba="0,0" hai="4,7,40,46,48,57,62,65,98,101,106" m="50219" machi="65" ten="30,1000,0" yaku="19,1" doraHai="121" who="0" fromWho="1" sc="250,10,211,-10,250,0,289,0" /><INIT seed="2,0,0,2,5,99" ten="260,201,250,289" oya="2" hai0="60,78,108,11,79,35,13,84,62,129,37,72,105" hai1="112,131,75,54,28,51,42,132,50,29,7,41,96" hai2="82,59,101,33,91,124,16,115,103,127,92,77,66" hai3="71,76,95,68,120,9,80,100,57,65,119,90,18"/><V134/><F115/><W21/><G119/><T25/><D37/><U23/><E75/><V10/><F33/><W63/><G9/><T113/><D113/><U61/><E112/><V88/><F134/><W56/><G120/><T123/><D105/><U34/><E34/><V104/><F104/><W130/><G130/><T98/><D72/><U128/><E7/><V14/><F66/><W106/><G57/><T5/><D108/><U116/><E96/><N who="2" m="57351" /><F91/><W117/><G117/><T89/><D123/><U87/><E116/><V70/><F70/><W69/><G106/><T125/><D125/><N who="2" m="48202" /><F59/><W114/><G76/><T81/><D79/><U97/><E97/><V111/><F111/><W32/><G32/><T74/><D129/><U15/><E132/><V40/><F40/><W8/><G80/><T55/><D98/><U26/><E131/><V1/><F1/><W126/><G126/><T44/><D78/><U94/><E128/><V109/><F109/><W102/><G114/><T38/><D74/><AGARI ba="0,0" hai="10,14,16,74,77,82,101,103" m="48202,57351" machi="74" ten="30,12000,1" yaku="18,1,52,2,54,2" doraHai="99" who="2" fromWho="0" sc="260,-120,201,0,250,120,289,0" /><INIT seed="2,1,0,3,2,43" ten="140,201,370,289" oya="2" hai0="23,132,100,110,29,62,48,69,61,20,17,26,54" hai1="101,116,85,59,73,10,97,2,65,125,46,79,92" hai2="81,16,80,22,34,108,133,135,21,8,130,13,109" hai3="51,0,89,58,99,63,84,60,68,70,112,67,42"/><V131/><F34/><W6/><G112/><T35/><D110/><N who="2" m="42602" /><F81/><W113/><G113/><T93/><D132/><N who="2" m="50762" /><F80/><W111/><G111/><T1/><D1/><U127/><E116/><V117/><F117/><W75/><G75/><T32/><D69/><U124/><E73/><V88/><F88/><W86/><G99/><T106/><D106/><U18/><E85/><V91/><F91/><W96/><G96/><T126/><D126/><U83/><E83/><V77/><F77/><W134/><G89/><T41/><D35/><U37/><E79/><V30/><F30/><W115/><G115/><T39/><D32/><U128/><E128/><AGARI ba="1,0" hai="8,13,16,21,22,128,130,131" m="50762,42602" machi="128" ten="40,18000,2" yaku="19,1,14,1,10,1,20,1,34,2,54,1" doraHai="43" who="2" fromWho="1" sc="140,0,201,-183,370,183,289,0" /><INIT seed="2,2,0,3,0,70" ten="140,18,553,289" oya="2" hai0="24,119,79,81,27,15,74,120,33,14,118,105,97" hai1="95,10,1,53,111,125,107,18,85,82,31,68,54" hai2="38,102,86,43,30,65,6,3,92,4,58,76,51" hai3="28,90,84,16,75,7,57,121,77,42,5,64,32"/><V46/><F30/><W67/><G121/><T19/><D120/><U59/><E68/><V130/><F130/><W128/><G128/><T12/><D33/><U48/><E107/><V20/><F20/><W37/><G32/><T62/><D62/><U41/><E111/><V89/><F102/><W34/><G77/><T93/><D105/><U47/><E125/><V129/><F129/><W61/><G75/><T50/><D50/><U83/><E95/><V22/><F22/><W106/><G64/><T39/><D39/><U104/><E104/><V66/><F76/><W71/><G106/><T36/><D36/><U96/><E96/><V9/><REACH who="2" step="1"/><F6/><REACH who="2" ten="140,18,543,289" step="2"/><W134/><G5/><T40/><D19/><U126/><E31/><V87/><F87/><W123/><G16/><T110/><D110/><U0/><E126/><V72/><F72/><W112/><G7/><T73/><D74/><U91/><E83/><V117/><F117/><N who="0" m="44554" /><D40/><U101/><E101/><AGARI ba="2,1" hai="12,14,15,24,27,73,79,81,93,97,101" m="44554" machi="101" ten="30,1000,0" yaku="12,1" doraHai="70" who="0" fromWho="1" sc="140,26,18,-16,543,0,289,0" /><INIT seed="3,0,0,2,5,17" ten="166,2,543,289" oya="3" hai0="41,0,94,102,92,101,62,89,78,6,40,51,65" hai1="95,29,128,57,76,27,52,105,24,104,21,97,123" hai2="130,88,1,71,121,117,91,2,81,38,135,122,31" hai3="68,18,86,15,50,125,119,75,22,47,100,79,126"/><W54/><G68/><T34/><D34/><U127/><E128/><V96/><F130/><W16/><G75/><T80/><D0/><U77/><E123/><V129/><F129/><W46/><G119/><T30/><D6/><U85/><E127/><V60/><F38/><W63/><G100/><T5/><D5/><U45/><E45/><V20/><F117/><W9/><G63/><T72/><D30/><U109/><E109/><V87/><F135/><W4/><G18/><T133/><D133/><U56/><E56/><V70/><F70/><W43/><G86/><T131/><D94/><U13/><E13/><V58/><F71/><W7/><G79/><T66/><D102/><U48/><E105/><V28/><F2/><W55/><G55/><T67/><D101/><U99/><E104/><V90/><F1/><W83/><G83/><T19/><D62/><U10/><E10/><V112/><F112/><W113/><G113/><T98/><D131/><U134/><E134/><V82/><F82/><W23/><G7/><T42/><REACH who="0" step="1"/><D19/><REACH who="0" ten="156,2,543,289" step="2"/><U107/><E107/><V14/><F121/><W11/><G4/><T53/><D53/><U32/><E85/><V111/><F122/><W8/><REACH who="3" step="1"/><G23/><REACH who="3" ten="156,2,543,279" step="2"/><T64/><N who="0" m="16384" /><DORA hai="106" /><T39/><D39/><AGARI ba="0,2" hai="8,9,11,15,16,22,39,43,46,47,50,54,125,126" machi="39" ten="40,7700,0" yaku="1,1,52,1,54,1,53,0" doraHai="17,106" doraHaiUra="59,118" who="3" fromWho="0" sc="156,-77,2,0,543,0,279,97" /><INIT seed="3,1,0,5,0,2" ten="79,2,543,376" oya="3" hai0="81,47,128,134,79,78,92,89,54,4,26,49,133" hai1="70,42,56,118,100,121,125,127,106,130,67,29,99" hai2="60,123,104,66,114,9,46,94,32,73,41,63,34" hai3="59,109,24,102,68,55,23,7,33,131,62,115,17"/><W20/><G115/><T87/><D128/><U51/><E121/><V14/><F123/><W105/><G131/><T103/><D103/><U72/><E130/><V119/><F119/><W0/><G68/><T15/><D26/><U69/><E118/><V36/><F104/><W86/><G109/><T77/><D134/><U96/><E72/><V126/><F73/><W39/><G39/><T50/><D133/><U53/><E42/><V122/><F122/><W101/><G33/><T80/><REACH who="0" step="1"/><D50/><REACH who="0" ten="69,2,543,376" step="2"/><U93/><E29/><V57/><F114/><W8/><G105/><T38/><D38/><U44/><E127/><V82/><F126/><W58/><G86/><T16/><D16/><U28/><E125/><V64/><F36/><W13/><REACH who="3" step="1"/><G58/><REACH who="3" ten="69,2,543,366" step="2"/><T129/><D129/><U37/><E37/><V74/><F74/><W18/><AGARI ba="1,2" hai="0,7,8,13,17,18,20,23,24,55,59,62,101,102" machi="18" ten="20,18000,2" yaku="1,1,2,1,0,1,7,1,52,1,53,1" doraHai="2" doraHaiUra="22" who="3" fromWho="3" sc="69,-61,2,-61,543,-61,366,203" owari="8,-39.2,-59,-55.9,482,28.2,569,66.9" /></mjloggm>