<mjloggm ver="2.3"><GO type="41" lobby="0"/><UN n0="%E2%93%9D%4C%75%63%6B%79%4A" n1="%E7%88%86%E9%87%A3%E9%9B%80%E5%A3%AB" n2="%6A%65%6E%67" n3="%E9%9B%B6%E5%BA%A6%E6%84%8F%E5%BF%B5" dan="18,14,13,15" rate="2157.54,1931.11,1923.84,2057.50" sx="M,M,M,F"/><TAIKYOKU oya="0"/><INIT seed="0,0,0,0,5,10" ten="250,250,250,250" oya="0" hai0="89,112,43,82,22,33,101,131,110,4,70,7,38" hai1="3,74,25,48,11,32,109,12,44,39,51,135,123" hai2="78,98,27,76,46,132,53,64,133,71,99,108,67" hai3="17,90,121,124,35,36,58,6,47,59,57,114,37"/><T111/><D112/><U118/><E123/><V104/><F108/><N who="0" m="41514" /><D33/><U115/><E118/><V65/><F71/><W129/><G114/><T88/><D70/><U60/><E115/><V1/><F1/><W86/><G35/><T75/><D101/><U72/><E3/><V127/><F127/><W28/><G124/><T79/><D131/><U103/><E109/><V54/><F27/><W29/><G6/><N who="0" m="2091" /><D22/><U9/><E135/><N who="2" m="51787" /><F46/><AGARI ba="0,0" hai="38,43,46,75,79,82,88,89" m="2091,41514" machi="46" ten="30,5800,0" yaku="14,1,10,1,54,1" doraHai="10" who="0" fromWho="2" sc="250,58,250,0,250,-58,250,0" /><INIT seed="0,1,0,1,5,85" ten="308,250,192,250" oya="0" hai0="26,24,121,115,71,15,123,108,38,62,104,65,9" hai1="120,84,107,109,127,34,68,5,112,2,35,0,118" hai2="46,31,95,7,52,47,19,70,22,61,96,63,117" hai3="122,51,82,42,77,12,116,29,23,100,79,83,132"/><T20/><D115/><U124/><RYUUKYOKU type="yao9" ba="1,0" sc="308,0,250,0,192,0,250,0" hai1="0,2,5,34,35,68,84,107,109,112,118,120,124,127" /><INIT seed="0,2,0,4,5,91" ten="308,250,192,250" oya="0" hai0="64,13,63,58,54,83,134,114,17,90,53,84,104" hai1="71,36,94,101,106,69,21,48,30,132,4,66,12" hai2="5,37,96,93,62,86,27,99,105,10,87,88,72" hai3="28,75,50,133,23,111,120,130,61,57,40,26,112"/><T15/><D114/><U109/><E36/><V32/><F37/><W29/><G112/><T59/><D134/><U18/><E106/><V6/><F72/><W20/><G75/><T122/><D122/><U128/><E109/><V31/><F62/><W103/><G111/><T76/><D104/><U16/><E128/><V49/><F49/><W113/><G113/><T34/><D34/><U73/><E73/><V68/><F68/><W102/><G133/><T43/><D43/><U100/><E30/><V41/><F41/><W92/><G130/><T89/><D15/><U67/><E4/><V77/><F77/><W9/><G9/><T119/><D119/><U79/><E79/><V14/><REACH who="2" step="1"/><F5/><REACH who="2" ten="308,250,182,250" step="2"/><W7/><G7/><T108/><D108/><U115/><E132/><V110/><F110/><W8/><G50/><N who="0" m="31191" /><D53/><U97/><E115/><V45/><F45/><W60/><G60/><T116/><D116/><U44/><E71/><V126/><F126/><W51/><G51/><T125/><D125/><U129/><E69/><V117/><F117/><W74/><G74/><T121/><D121/><U82/><E129/><V11/><F11/><AGARI ba="2,1" hai="11,13,17,58,63,64,76,83,84,89,90" m="31191" machi="11" ten="30,1500,0" yaku="8,1" doraHai="91" who="0" fromWho="2" sc="308,31,250,0,182,-21,250,0" /><INIT seed="0,3,0,3,2,19" ten="339,250,161,250" oya="0" hai0="84,50,96,109,21,52,87,76,115,70,53,10,9" hai1="22,6,30,65,13,46,40,90,17,85,5,63,119" hai2="73,3,120,27,0,79,16,106,43,39,113,80,14" hai3="86,81,69,62,129,123,88,102,56,60,33,78,47"/><T95/><D70/><U25/><E119/><V132/><F120/><W34/><G129/><T26/><D115/><U59/><E40/><V51/><F113/><W55/><G102/><T117/><D117/><U127/><E127/><V118/><F132/><W12/><G123/><T61/><D109/><U114/><E46/><V107/><F118/><W68/><G47/><N who="0" m="27871" /><D76/><U125/><E125/><V48/><F39/><W101/><G101/><N who="0" m="60575" /><D10/><U126/><E114/><V37/><F37/><W128/><G128/><T75/><D75/><U29/><E29/><V35/><F106/><W57/><G78/><T49/><D9/><U111/><E111/><V11/><F107/><W54/><REACH who="3" step="1"/><G12/><REACH who="3" ten="339,250,161,240" step="2"/><T103/><D103/><U134/><E126/><V77/><F77/><W28/><G28/><N who="0" m="17487" /><D61/><U108/><E108/><V82/><F79/><W122/><G122/><T58/><AGARI ba="3,1" hai="49,52,58,84,87" m="17487,60575,27871" machi="58" ten="30,6000,0" yaku="8,1,52,1,54,1" doraHai="19" who="0" fromWho="0" sc="339,79,250,-23,161,-23,240,-23" /><INIT seed="0,4,0,3,1,20" ten="418,227,138,217" oya="0" hai0="104,21,22,35,24,0,133,121,103,6,124,68,82" hai1="74,88,94,14,87,105,130,61,56,106,44,9,59" hai2="46,10,134,132,34,77,85,7,3,97,4,47,57" hai3="84,111,63,99,26,5,92,49,123,42,45,125,107"/><T67/><D121/><U71/><E74/><V95/><F34/><W115/><G115/><T78/><D124/><U118/><E118/><V15/><F57/><W36/><G111/><T23/><D133/><N who="2" m="51306" /><F4/><W54/><G125/><T79/><D104/><U65/><E130/><V30/><F30/><W128/><G128/><T98/><D0/><U89/><E106/><V86/><F3/><W16/><G5/><T62/><D6/><U69/><E105/><V51/><F77/><W127/><G127/><T113/><D113/><U81/><E71/><V131/><F131/><W91/><G63/><T8/><D8/><U93/><E81/><V116/><F116/><W129/><G129/><T102/><D79/><U58/><E44/><N who="2" m="16939" /><F51/><N who="3" m="27063" /><G107/><T11/><D35/><U83/><E83/><V19/><F7/><W27/><G36/><T100/><D11/><U72/><E72/><V53/><F53/><W126/><G126/><T29/><REACH who="0" step="1"/><D98/><REACH who="0" ten="408,227,138,217" step="2"/><N who="1" m="57639" /><E69/><V17/><F17/><AGARI ba="4,1" hai="9,14,17,56,58,59,61,65,87,89,94" m="57639" machi="17" ten="30,2000,0" yaku="8,1,54,1" doraHai="20" who="1" fromWho="2" sc="408,0,227,42,138,-32,217,0" /><INIT seed="1,0,0,1,1,134" ten="408,269,106,217" oya="1" hai0="125,99,129,23,123,39,16,121,25,56,119,110,98" hai1="37,38,18,17,89,19,96,83,79,29,120,55,36" hai2="90,11,133,64,118,124,65,43,70,100,50,32,105" hai3="51,102,84,2,9,114,69,126,63,47,62,95,101"/><U81/><E120/><N who="0" m="46153" /><D119/><U61/><E29/><V0/><F118/><W26/><G114/><T67/><D39/><U97/><E89/><V94/><F32/><W66/><G62/><N who="0" m="38343" /><D129/><U113/><E113/><V132/><F100/><W131/><G131/><T57/><D110/><U60/><E55/><V130/><F105/><W52/><G26/><T68/><D68/><U34/><E34/><V49/><F130/><W93/><G93/><T75/><D75/><U116/><E116/><V54/><F43/><W106/><G106/><T107/><D57/><U103/><E103/><V53/><F70/><W31/><G31/><T28/><D107/><U104/><E104/><V85/><F11/><W41/><G9/><T77/><D77/><U87/><E79/><V21/><F21/><W7/><G7/><T86/><D86/><U20/><E20/><V108/><F108/><W76/><G2/><T45/><D45/><U135/><E135/><V22/><F22/><W82/><G41/><T91/><D91/><U48/><E48/><V112/><F0/><W1/><G1/><T35/><D99/><N who="1" m="37963" /><E87/><V80/><F112/><W71/><G71/><T115/><D98/><U33/><E33/><V128/><F128/><W122/><G122/><T12/><D115/><U14/><E14/><V42/><F42/><W3/><G3/><T72/><D72/><U127/><E127/><AGARI ba="0,0" hai="12,16,23,25,28,35,125,127" m="38343,46153" machi="127" ten="30,7700,0" yaku="13,1,52,2,54,1" doraHai="134" who="0" fromWho="1" sc="408,77,269,-77,106,0,217,0" /><INIT seed="2,0,0,0,4,100" ten="485,192,106,217" oya="2" hai0="124,90,12,22,49,80,30,44,89,2,11,39,131" hai1="21,73,56,113,32,28,8,53,129,87,125,67,34" hai2="55,120,37,17,57,70,4,97,19,88,101,14,60" hai3="38,18,106,74,54,135,109,48,24,25,72,103,121"/><V126/><F120/><W59/><G121/><T127/><D39/><U95/><E113/><V20/><F126/><N who="0" m="48170" /><D2/><U6/><E73/><V133/><F133/><W86/><G38/><T77/><D22/><U13/><E125/><V35/><F35/><W76/><G109/><T134/><D30/><U112/><E129/><V29/><F37/><W115/><G115/><T93/><D93/><U69/><E112/><V27/><F70/><W81/><G135/><T10/><D11/><U108/><E108/><V119/><F119/><W114/><G114/><T84/><D131/><U71/><E71/><V52/><F55/><W118/><G118/><T61/><D61/><U68/><E68/><V42/><F42/><W65/><G65/><T64/><D64/><U1/><E69/><V102/><F4/><W7/><G7/><N who="0" m="3167" /><D134/><U15/><E67/><V23/><F29/><W78/><G18/><T99/><D99/><U31/><E31/><V117/><F117/><W85/><G72/><T40/><AGARI ba="0,0" hai="40,44,49,77,80,84,89,90" m="3167,48170" machi="40" ten="30,2000,0" yaku="25,1,18,1" doraHai="100" who="0" fromWho="0" sc="485,20,192,-5,106,-10,217,-5" /><INIT seed="3,0,0,2,4,22" ten="505,187,96,212" oya="3" hai0="103,68,59,72,51,10,74,61,24,105,73,44,119" hai1="93,112,37,125,26,20,31,82,49,33,75,111,62" hai2="8,102,48,122,78,4,83,5,29,106,7,3,80" hai3="90,19,38,32,88,1,115,89,81,86,123,114,57"/><W28/><G123/><T91/><D119/><U95/><E37/><V27/><F122/><W127/><G38/><T92/><D68/><U41/><E112/><V96/><F48/><W76/><G1/><T25/><D105/><U67/><E111/><V107/><F107/><W110/><G127/><T126/><D103/><U124/><E75/><V21/><REACH who="2" step="1"/><F80/><REACH who="2" ten="505,187,86,212" step="2"/><W66/><G110/><T42/><D126/><N who="1" m="48747" /><E82/><V2/><F2/><W30/><G114/><T70/><D70/><N who="1" m="42359" /><E33/><V84/><AGARI ba="0,1" hai="3,4,5,7,8,21,27,29,78,83,84,96,102,106" machi="84" ten="20,5200,0" yaku="1,1,0,1,7,1,52,1,53,0" doraHai="22" doraHaiUra="130" who="2" fromWho="2" sc="505,-13,187,-13,86,62,212,-26" /><INIT seed="4,0,0,5,1,22" ten="492,174,148,186" oya="0" hai0="121,107,103,79,61,52,105,38,44,112,35,109,49" hai1="43,86,98,53,0,125,72,104,42,69,14,9,133" hai2="12,45,93,97,62,33,51,131,2,50,15,113,10" hai3="8,56,81,70,122,67,116,11,54,18,110,78,40"/><T95/><D121/><U16/><E72/><V46/><F33/><W114/><G110/><T66/><D109/><U68/><E0/><V73/><F73/><W91/><G116/><T27/><D38/><U25/><E125/><V36/><F36/><W19/><G40/><T82/><D112/><U64/><E133/><V128/><F113/><W24/><G114/><T48/><D49/><N who="2" m="18442" /><F62/><W76/><G70/><T87/><D95/><U89/><E69/><V57/><F57/><W34/><G67/><T41/><D103/><U75/><E75/><V3/><F3/><W71/><G71/><T100/><D100/><U132/><E132/><V23/><F23/><N who="3" m="13431" /><G34/><T119/><D119/><U96/><E104/><V124/><F124/><W115/><G115/><T106/><D41/><N who="1" m="15371" /><E64/><V20/><F20/><W83/><G8/><T92/><D92/><N who="1" m="54327" /><E68/><V102/><F2/><W88/><G122/><T108/><D108/><U21/><E53/><V101/><F101/><W63/><G81/><T134/><D134/><U30/><AGARI ba="0,0" hai="9,14,16,21,25,30,96,98" m="54327,15371" machi="30" ten="30,4000,0" yaku="8,1,52,1,54,1" doraHai="22" who="1" fromWho="1" sc="492,-20,174,40,148,-10,186,-10" /><INIT seed="5,0,0,2,1,9" ten="472,214,138,176" oya="1" hai0="134,89,98,29,28,120,14,11,92,55,132,57,26" hai1="76,20,51,83,17,37,85,50,27,91,135,25,110" hai2="107,75,64,21,74,16,59,52,35,133,128,45,122" hai3="106,15,19,99,49,121,54,130,47,80,36,119,60"/><U38/><E135/><N who="0" m="51753" /><D26/><U32/><E110/><V34/><F133/><W3/><G3/><T42/><D42/><U126/><E126/><V65/><F122/><W105/><G121/><T111/><D111/><U22/><E32/><V88/><F107/><W108/><G108/><T118/><D118/><U56/><E38/><V23/><F45/><W69/><G130/><T30/><D120/><U68/><E68/><V61/><F128/><W71/><G36/><T112/><D112/><U5/><E5/><V81/><F23/><W113/><G113/><T62/><D30/><U125/><E37/><V87/><F34/><W114/><G114/><T0/><D0/><U109/><E125/><V1/><F35/><W95/><G80/><T86/><D98/><U97/><E109/><V40/><F40/><W93/><G93/><T115/><D115/><U104/><E56/><V18/><F18/><AGARI ba="0,0" hai="11,14,18,28,29,55,57,62,86,89,92" m="51753" machi="18" ten="30,2000,0" yaku="20,1,52,1" doraHai="9" who="0" fromWho="2" sc="472,20,214,0,138,-20,176,0" /><INIT seed="6,0,0,5,5,64" ten="492,214,118,176" oya="2" hai0="82,3,26,120,52,90,13,125,129,92,111,109,60" hai1="97,11,96,0,122,15,47,118,132,54,73,102,21" hai2="27,114,22,100,80,99,87,88,40,104,25,48,98" hai3="12,65,86,119,42,50,31,91,105,32,123,130,44"/><V63/><F114/><W72/><G119/><T6/><D120/><U76/><E118/><V53/><F99/><W29/><G72/><T49/><D3/><U70/><E0/><V113/><F113/><W41/><G123/><T10/><D129/><U68/><E122/><V59/><F22/><W17/><G105/><T124/><D60/><U61/><E97/><V8/><F8/><W84/><G32/><T36/><D36/><U78/><E21/><V18/><F18/><W66/><G130/><T126/><D82/><U28/><E28/><N who="3" m="10826" /><G42/><T110/><D26/><U134/><E73/><V19/><F19/><W24/><G24/><T95/><REACH who="0" step="1"/><D90/><REACH who="0" ten="482,214,118,176" step="2"/><U14/><E61/><V67/><REACH who="2" step="1"/><F40/><REACH who="2" ten="482,214,108,176" step="2"/><W128/><G128/><T37/><D37/><U51/><E15/><V131/><F131/><W43/><G41/><T93/><D93/><U46/><E134/><V23/><F23/><W133/><G133/><T103/><D103/><U38/><E132/><V121/><F121/><W4/><G43/><T94/><D94/><U127/><E127/><V30/><F30/><W1/><G1/><T89/><D89/><U106/><E38/><V9/><F9/><W74/><G91/><T34/><D34/><U116/><E116/><V58/><AGARI ba="0,2" hai="25,27,48,53,58,59,63,67,80,87,88,98,100,104" machi="58" ten="20,12000,1" yaku="1,1,0,1,7,1,54,1,53,1" doraHai="64" doraHaiUra="85" who="2" fromWho="2" sc="482,-40,214,-40,108,140,176,-40" /><INIT seed="6,1,0,1,4,15" ten="442,174,248,136" oya="2" hai0="4,113,40,17,51,82,26,32,96,24,120,21,67" hai1="35,128,49,30,110,10,109,84,71,59,73,34,37" hai2="3,134,98,48,108,38,88,116,29,100,119,86,52" hai3="77,58,87,85,36,68,69,115,102,129,103,27,9"/><V122/><F122/><W61/><G36/><T2/><D120/><U130/><E73/><V124/><F38/><W123/><G123/><T22/><D67/><U114/><E37/><V16/><F3/><W65/><G129/><N who="1" m="49770" /><E71/><V0/><F0/><W80/><G115/><T60/><D60/><U19/><E84/><V43/><F43/><W54/><G69/><T107/><D32/><U74/><E74/><V13/><F29/><W39/><G39/><T93/><D107/><U104/><E104/><V8/><F108/><N who="1" m="41577" /><E49/><V53/><F53/><W92/><G9/><T28/><D113/><U33/><E59/><V112/><F112/><W23/><G68/><T25/><D82/><U135/><E114/><V97/><F134/><W64/><G103/><T20/><D2/><U14/><E30/><V101/><F101/><W70/><G70/><T106/><D106/><U132/><AGARI ba="1,0" hai="10,14,19,33,34,35,132,135" m="41577,49770" machi="132" ten="50,8000,1" yaku="19,1,34,2,52,1" doraHai="15" who="1" fromWho="1" sc="442,-21,174,83,248,-41,136,-21" /><INIT seed="7,0,0,2,5,84" ten="421,257,207,115" oya="3" hai0="43,95,119,40,129,47,103,64,24,4,18,37,81" hai1="61,125,22,48,74,6,126,21,132,134,107,33,14" hai2="100,12,45,117,118,19,80,0,108,102,120,30,133" hai3="39,128,58,121,99,94,70,46,77,130,91,56,49"/><W55/><G121/><T54/><D4/><U65/><E74/><V62/><F108/><W11/><G70/><T23/><D119/><U111/><E107/><V78/><F0/><W5/><G77/><T79/><D64/><U97/><E97/><V115/><F115/><W131/><REACH who="3" step="1"/><G39/><REACH who="3" ten="421,257,207,105" step="2"/><T26/><D79/><U59/><E111/><V83/><F78/><W7/><G7/><T17/><D37/><U96/><E6/><V44/><F120/><W1/><AGARI ba="0,1" hai="1,5,11,46,49,55,56,58,91,94,99,128,130,131" machi="1" ten="30,11700,0" yaku="1,1,0,1,19,1,52,1,53,0" doraHai="84" doraHaiUra="116" who="3" fromWho="3" sc="421,-39,257,-39,207,-39,105,127" /><INIT seed="7,1,0,5,2,95" ten="382,218,168,232" oya="3" hai0="3,47,91,132,114,52,84,92,77,103,32,68,111" hai1="125,46,59,53,115,17,89,100,71,30,49,134,104" hai2="86,119,101,12,41,22,110,9,63,10,97,48,109" hai3="66,26,36,117,80,99,73,7,31,124,81,4,57"/><W127/><G117/><T23/><D32/><U72/><E72/><V61/><F119/><W27/><G36/><T83/><D3/><U24/><E115/><V78/><F110/><W79/><G80/><T85/><D68/><U54/><E125/><N who="3" m="48202" /><G26/><T37/><D114/><U70/><E134/><V69/><F109/><W5/><G57/><T42/><D132/><U116/><E116/><V19/><F69/><W106/><G66/><T120/><D111/><U87/><E17/><V50/><F78/><W102/><G4/><T112/><D112/><U45/><E45/><V76/><F76/><W58/><G58/><T39/><D39/><U8/><E8/><V98/><F86/><W122/><G122/><T16/><D120/><U123/><E123/><V108/><F108/><W121/><G121/><T15/><D37/><U20/><E100/><V113/><F113/><W129/><G129/><T130/><D130/><U88/><E104/><V2/><F2/><W35/><AGARI ba="1,0" hai="5,7,27,31,35,73,79,81,99,102,106" m="48202" machi="35" ten="30,3000,0" yaku="18,1,52,1" doraHai="95" who="3" fromWho="3" sc="382,-11,218,-11,168,-11,232,33" /><INIT seed="7,2,0,1,5,118" ten="371,207,157,265" oya="3" hai0="0,9,57,27,119,60,61,121,131,85,116,103,67" hai1="6,23,77,25,71,35,51,125,111,59,99,82,122" hai2="81,80,45,34,22,12,106,3,83,114,74,73,79" hai3="101,107,36,124,112,69,46,115,56,62,63,98,8"/><W19/><G124/><T49/><D103/><U30/><E111/><V93/><F34/><W104/><G69/><T132/><D85/><U130/><E71/><V7/><F22/><W26/><G104/><T66/><D121/><U37/><E37/><V87/><F12/><N who="3" m="7559" /><G26/><T97/><D131/><U50/><E130/><V40/><F106/><W84/><G56/><T65/><D27/><U15/><E125/><V32/><F32/><W129/><G129/><T44/><D9/><U18/><E122/><V13/><F3/><W14/><G84/><T123/><D123/><U39/><E39/><V126/><F126/><W72/><G72/><T20/><D0/><U1/><E99/><V70/><F70/><W102/><G102/><T120/><D120/><U5/><E59/><V10/><F114/><N who="3" m="43563" /><G14/><T95/><D57/><U91/><E91/><V24/><F24/><W21/><G21/><T42/><D20/><U55/><E5/><V29/><F29/><W38/><G38/><T117/><D119/><U89/><E89/><V78/><F74/><W92/><G107/><T110/><D117/><U75/><REACH who="1" step="1"/><E55/><REACH who="1" ten="371,197,157,265" step="2"/><V135/><F135/><W100/><G100/><N who="0" m="60479" /><D116/><U76/><E76/><V58/><F79/><W28/><G101/><T105/><D105/><U17/><E17/><V88/><REACH who="2" step="1"/><F58/><REACH who="2" ten="371,197,147,265" step="2"/><W16/><G28/><T43/><D132/><U11/><AGARI ba="2,2" hai="1,6,11,15,18,23,25,30,35,50,51,75,77,82" machi="11" ten="30,7900,0" yaku="1,1,0,1,24,2,53,0" doraHai="118" doraHaiUra="54" who="1" fromWho="1" sc="371,-22,197,105,147,-22,265,-41" owari="349,44.9,302,10.2,125,-37.5,224,-17.6" /></mjloggm>