<mjloggm ver="2.3"><GO type="41" lobby="0"/><UN n0="%E2%93%9D%4C%75%63%6B%79%4A" n1="%63%62%34%30%30%73%73" n2="%E3%81%A1%E3%81%91%E3%81%A3%E3%81%A8" n3="%E6%97%8B%E9%A2%A8%E3%81%AE%E9%A2%A8%E6%9D%A5%E5%9D%8A" dan="17,14,15,15" rate="2137.50,1912.99,2012.33,1992.48" sx="M,M,M,M"/><TAIKYOKU oya="0"/><INIT seed="0,0,0,1,1,78" ten="250,250,250,250" oya="0" hai0="90,67,59,45,31,3,55,20,33,36,113,39,8" hai1="50,120,2,86,80,73,85,89,109,52,104,30,74" hai2="134,66,126,29,75,115,41,93,0,21,121,112,77" hai3="65,40,32,72,14,130,105,98,68,46,99,97,91"/><T129/><D33/><U7/><E120/><V131/><F126/><W110/><G130/><T63/><D3/><U107/><E109/><V23/><F134/><W16/><G32/><T56/><D8/><U125/><E7/><V18/><F0/><W64/><G110/><T54/><D90/><U114/><E2/><V71/><F66/><W84/><G72/><T6/><D20/><U108/><E108/><V34/><F41/><W69/><G69/><T79/><D79/><U15/><E30/><V100/><F71/><W12/><G68/><T4/><D31/><U81/><E15/><V96/><F131/><W37/><G12/><T95/><D95/><U53/><E125/><V92/><F34/><W11/><REACH who="3" step="1"/><G105/><REACH who="3" ten="250,250,250,240" step="2"/><T51/><D129/><U17/><E104/><V58/><F75/><W102/><G102/><T70/><D113/><U127/><E107/><V47/><F100/><W10/><G10/><T22/><D22/><U133/><E114/><V9/><F21/><W38/><G38/><N who="0" m="14379" /><D6/><U49/><E74/><V101/><F23/><W123/><G123/><T44/><D4/><U5/><E5/><V124/><F121/><W103/><G103/><T118/><D118/><U61/><E73/><V43/><F101/><W62/><G62/><AGARI ba="0,1" hai="44,45,51,54,55,56,59,62,63,67,70" m="14379" machi="62" ten="30,12000,1" yaku="35,5" doraHai="78" who="0" fromWho="3" sc="250,130,250,0,250,0,240,-120" /><INIT seed="0,1,0,3,2,96" ten="380,250,250,120" oya="0" hai0="98,10,64,11,51,124,93,62,130,69,40,117,115" hai1="73,49,90,120,113,16,135,104,67,110,8,1,55" hai2="47,84,74,39,14,35,102,18,82,52,80,34,77" hai3="31,125,72,44,61,27,97,63,79,23,25,50,114"/><T85/><D115/><U107/><E73/><V116/><F116/><W32/><G114/><T70/><D117/><U111/><E113/><V134/><F134/><W132/><G132/><T45/><D130/><U94/><E120/><V4/><F4/><W121/><G121/><T59/><D124/><U118/><E67/><V0/><F0/><W99/><G125/><T128/><D128/><U126/><E118/><V2/><F2/><W78/><G63/><T19/><D85/><U20/><E8/><V29/><F29/><W83/><G61/><T105/><D105/><U87/><E1/><V36/><F36/><W81/><G27/><T108/><D108/><N who="1" m="41515" /><E135/><V66/><F66/><W46/><G32/><T21/><D70/><U133/><E126/><V88/><F39/><W106/><G106/><T30/><D30/><U26/><E133/><V127/><F127/><W28/><G28/><T43/><D43/><U24/><E24/><V6/><F6/><W95/><G50/><T41/><D41/><U33/><E33/><V122/><F122/><W129/><G129/><T60/><D62/><U123/><E123/><V17/><F17/><W119/><G119/><T3/><D69/><U9/><E9/><N who="2" m="6479" /><F102/><W48/><G48/><AGARI ba="1,0" hai="34,35,47,48,52,74,77,80,82,84,88" m="6479" machi="48" ten="30,3900,0" yaku="25,1,54,2" doraHai="96" who="2" fromWho="3" sc="380,0,250,0,250,42,120,-42" /><INIT seed="1,0,0,1,2,42" ten="380,250,292,78" oya="1" hai0="110,94,87,89,122,53,65,50,130,14,58,52,55" hai1="67,112,92,88,37,4,12,9,61,34,104,123,121" hai2="25,60,21,101,19,106,36,93,81,118,32,97,8" hai3="22,134,38,116,83,18,29,2,113,6,66,70,96"/><U71/><E112/><V77/><F36/><W80/><G113/><T95/><D130/><U129/><E104/><V78/><F118/><W16/><G116/><T41/><D110/><U69/><E129/><V98/><F32/><W120/><G120/><T44/><D122/><U107/><E107/><V17/><F81/><W133/><G96/><T131/><D131/><U103/><E103/><V124/><F124/><W72/><G38/><T99/><D14/><U64/><E34/><V135/><F135/><N who="3" m="51723" /><G29/><T10/><D10/><U26/><E26/><V102/><F60/><N who="3" m="40263" /><G18/><T48/><D65/><U40/><E40/><V7/><F17/><W3/><G6/><T76/><D76/><U126/><E126/><V111/><F111/><W91/><G91/><AGARI ba="0,0" hai="41,44,48,50,52,53,55,58,87,89,91,94,95,99" machi="91" ten="30,7700,0" yaku="7,1,8,1,52,1,54,1" doraHai="42" who="0" fromWho="3" sc="380,77,250,0,292,0,78,-77" /><INIT seed="2,0,0,1,2,8" ten="457,250,292,1" oya="2" hai0="104,123,35,76,20,88,12,69,122,101,90,78,72" hai1="33,23,13,135,67,131,18,118,62,4,102,3,125" hai2="117,10,7,6,133,32,24,106,58,120,29,64,43" hai3="121,109,93,47,55,89,107,46,34,70,111,39,100"/><V124/><F106/><W38/><G34/><T114/><D69/><U83/><E118/><V42/><F117/><W66/><G107/><T9/><D35/><U94/><E135/><V28/><F120/><W128/><G100/><T103/><D20/><U87/><E33/><V97/><F133/><W37/><G89/><T95/><D114/><U15/><E3/><V0/><F124/><W116/><G93/><T91/><D104/><U99/><E131/><V73/><F73/><W59/><G116/><T92/><D9/><N who="1" m="4263" /><E125/><V56/><F7/><W126/><G126/><T80/><D12/><U119/><E119/><V19/><F28/><W50/><G128/><T48/><D48/><U130/><E130/><V105/><F19/><W86/><G86/><T108/><D108/><N who="3" m="41545" /><G121/><N who="0" m="46091" /><D78/><N who="1" m="46583" /><E67/><V2/><F2/><W132/><G132/><T17/><D17/><U61/><AGARI ba="0,0" hai="15,18,23,61,62,94,99,102" m="46583,4263" machi="61" ten="30,4000,0" yaku="8,1,52,2" doraHai="8" who="1" fromWho="1" sc="457,-10,250,40,292,-20,1,-10" owari="447,54.7,290,9.0,272,-12.8,-9,-50.9" /></mjloggm>