<mjloggm ver="2.3"><GO type="41" lobby="0"/><UN n0="%59%6F%73%68%69%65%6E%74" n1="%59%6F%75%44%61" n2="%41%E7%9F%B3%E6%A9%8B" n3="%E2%93%9D%4C%75%63%6B%79%4A" dan="15,14,15,17" rate="1937.59,1918.66,2089.67,2173.37" sx="M,M,M,M"/><TAIKYOKU oya="0"/><INIT seed="0,0,0,4,2,85" ten="250,250,250,250" oya="0" hai0="28,50,74,101,78,127,111,121,16,84,125,20,69" hai1="90,132,25,96,15,72,48,124,30,86,128,102,126" hai2="3,82,66,104,18,11,91,114,103,5,33,17,73" hai3="79,68,99,27,94,77,32,61,119,13,123,110,10"/><T2/><D74/><U112/><E72/><V116/><F114/><W113/><G113/><T97/><D69/><U44/><E112/><V34/><F116/><W8/><G119/><T93/><D121/><U115/><E115/><V80/><F66/><W105/><G10/><T21/><D2/><U107/><E132/><V41/><F41/><W76/><G105/><T23/><D28/><U29/><E15/><V133/><F133/><W130/><G110/><T129/><D50/><U118/><E128/><V39/><F39/><W63/><G68/><T122/><D122/><U100/><E100/><V26/><F73/><W135/><G130/><T14/><D111/><U43/><E118/><V62/><F62/><W9/><G9/><T59/><D59/><U98/><E96/><V60/><F60/><W7/><G135/><T38/><D38/><U46/><E46/><V22/><F18/><W64/><G64/><T134/><D129/><U67/><E67/><V36/><F36/><W24/><G32/><T71/><D71/><U6/><E6/><V109/><F109/><W131/><G123/><T65/><D65/><U117/><E117/><V108/><F108/><W106/><G106/><T49/><D49/><U56/><E56/><V37/><F37/><W52/><G63/><T1/><D1/><U120/><E120/><V83/><REACH who="2" step="1"/><F91/><REACH who="2" ten="250,250,240,250" step="2"/><N who="3" m="55775" /><G131/><T70/><D70/><U47/><E30/><V58/><F58/><AGARI ba="0,1" hai="7,8,13,24,27,52,58,61,76,77,79" m="55775" machi="58" ten="30,3900,0" yaku="8,1,52,1,54,1" doraHai="85" who="3" fromWho="2" sc="250,0,250,0,240,-39,250,49" /><INIT seed="1,0,0,2,1,102" ten="250,250,201,299" oya="1" hai0="82,5,118,61,14,34,25,86,47,10,112,106,8" hai1="116,41,120,31,80,128,32,107,39,55,30,89,108" hai2="115,135,17,9,134,40,76,99,74,7,114,87,38" hai3="121,81,132,60,56,22,88,126,113,96,125,62,92"/><U101/><E116/><V124/><F17/><W45/><G113/><N who="2" m="43017" /><F87/><W1/><G121/><T100/><D118/><U6/><E120/><V36/><F99/><W65/><G132/><N who="2" m="50729" /><F40/><W43/><G1/><T91/><D25/><U70/><E6/><V57/><F57/><W23/><G81/><T20/><D34/><U63/><E128/><V103/><F103/><W16/><G62/><T66/><D20/><U19/><E19/><V4/><F124/><W104/><G104/><T50/><D112/><U13/><E30/><V111/><F111/><W67/><G67/><T119/><D119/><U72/><E108/><V69/><F69/><W68/><G68/><T110/><D110/><U129/><E70/><V97/><F97/><W109/><G109/><T90/><D100/><U53/><E41/><V18/><F18/><W93/><G93/><T0/><D106/><U130/><E101/><V131/><F131/><W12/><REACH who="3" step="1"/><G23/><REACH who="3" ten="250,250,201,289" step="2"/><T94/><D94/><U29/><E130/><V37/><F9/><W75/><G75/><T64/><D10/><U84/><E72/><V35/><F35/><W54/><G54/><T79/><D8/><U33/><E129/><V28/><F28/><W78/><G78/><T15/><D79/><U98/><E33/><V77/><F77/><W52/><G52/><N who="1" m="20042" /><E32/><V133/><F133/><W48/><AGARI ba="0,1" hai="12,16,22,43,45,48,56,60,65,88,92,96,125,126" machi="48" ten="30,8000,1" yaku="1,1,0,1,54,2,53,1" doraHai="102" doraHaiUra="46" who="3" fromWho="3" sc="250,-20,250,-40,201,-20,289,90" /><INIT seed="2,0,0,1,4,91" ten="230,210,181,379" oya="2" hai0="102,131,53,98,41,57,39,55,54,84,47,127,68" hai1="110,70,25,80,82,38,100,35,79,48,36,22,17" hai2="58,56,66,0,71,44,128,77,129,132,88,13,3" hai3="31,18,64,34,49,99,9,126,28,2,19,46,50"/><V59/><F77/><W78/><G64/><T6/><D127/><U122/><E70/><V97/><F132/><W29/><G126/><T52/><D131/><N who="2" m="50250" /><F44/><W83/><G34/><T45/><D68/><U109/><E122/><V24/><F24/><W74/><G50/><T42/><D6/><U94/><E35/><V85/><F97/><W93/><G2/><N who="2" m="553" /><F13/><W4/><G4/><T92/><D84/><U124/><E124/><V95/><F71/><W16/><G9/><T40/><REACH who="0" step="1"/><D39/><REACH who="0" ten="220,210,181,379" step="2"/><U69/><E69/><V114/><F114/><W37/><G37/><T1/><D1/><U134/><E36/><V26/><F26/><W116/><G116/><T12/><D12/><U23/><E38/><V118/><F118/><W73/><G74/><T76/><D76/><U101/><E79/><V108/><F108/><W75/><G75/><T62/><AGARI ba="0,1" hai="40,41,42,45,47,52,53,54,55,57,62,92,98,102" machi="62" ten="30,12000,2" yaku="1,1,0,1,8,1,52,1,54,1,53,2" doraHai="91" doraHaiUra="43" who="0" fromWho="0" sc="220,130,210,-30,181,-60,379,-30" /><INIT seed="3,0,0,3,0,111" ten="350,180,121,349" oya="3" hai0="61,77,27,85,47,59,108,100,114,37,15,43,84" hai1="10,36,2,74,57,56,120,127,98,123,66,35,51" hai2="72,45,22,135,52,49,119,13,76,134,94,12,79" hai3="129,6,67,122,90,91,26,106,18,46,133,80,34"/><W48/><G122/><T96/><D108/><U130/><E36/><V31/><F119/><W5/><G106/><T131/><D131/><U132/><E74/><V39/><F94/><W93/><G133/><N who="2" m="50697" /><F39/><W17/><G67/><T82/><D15/><N who="2" m="5706" /><F72/><W115/><G34/><T64/><D27/><AGARI ba="0,0" hai="22,27,31,45,49,52,76,79" m="5706,50697" machi="27" ten="30,2000,0" yaku="20,1,54,1" doraHai="111" who="2" fromWho="0" sc="350,-20,180,0,121,20,349,0" /><INIT seed="4,0,0,0,1,71" ten="330,180,141,349" oya="0" hai0="10,26,124,16,49,119,121,68,128,118,74,50,132" hai1="35,80,39,98,69,41,125,107,6,0,37,24,8" hai2="122,102,86,12,113,97,13,17,63,27,61,78,66" hai3="88,83,65,14,48,11,77,9,93,85,29,109,30"/><T1/><D49/><U79/><E125/><V59/><F122/><W82/><G109/><T72/><D50/><U47/><E69/><V44/><F113/><W23/><G65/><T123/><D26/><U34/><E37/><V81/><F44/><W32/><G32/><T96/><D16/><U4/><E4/><V55/><F27/><W40/><G83/><T84/><D10/><U54/><E54/><V76/><F76/><W67/><G67/><T91/><D96/><U95/><E24/><V92/><REACH who="2" step="1"/><F17/><REACH who="2" ten="330,180,131,349" step="2"/><N who="3" m="10679" /><G77/><T18/><D18/><U129/><E129/><V90/><F90/><W20/><G82/><T60/><D91/><U5/><E5/><V57/><AGARI ba="0,1" hai="12,13,55,57,59,61,63,66,78,81,86,92,97,102" machi="57" ten="20,8000,1" yaku="1,1,0,1,7,1,8,1,53,1" doraHai="71" doraHaiUra="51" who="2" fromWho="2" sc="330,-40,180,-20,131,90,349,-20" /><INIT seed="5,0,0,3,1,20" ten="290,160,221,329" oya="1" hai0="62,92,21,91,10,33,126,37,95,17,16,8,57" hai1="54,87,70,96,35,43,13,79,98,84,116,83,135" hai2="110,134,39,112,100,71,121,3,42,14,94,34,5" hai3="119,25,1,22,24,73,64,4,12,75,86,125,117"/><U76/><E116/><N who="3" m="44618" /><G64/><T41/><D33/><U59/><E70/><V105/><F110/><W108/><G108/><T32/><D32/><U127/><E35/><V29/><F121/><W50/><G86/><T55/><D126/><U85/><E127/><V44/><F71/><W74/><G125/><T11/><D41/><U40/><E135/><V88/><F134/><W128/><G128/><T120/><D37/><U129/><E129/><V67/><F67/><W0/><G50/><T133/><D133/><U111/><E111/><V53/><F3/><N who="3" m="1099" /><G22/><T68/><D68/><U30/><E30/><V124/><F124/><W52/><G52/><T82/><D120/><U65/><E65/><V46/><F46/><W36/><G36/><T115/><D82/><N who="1" m="47175" /><E13/><V104/><F53/><W26/><G12/><T47/><D47/><U107/><E107/><V77/><F77/><W18/><G18/><T90/><D17/><U38/><E87/><V66/><F66/><W49/><G49/><T9/><D9/><U2/><E2/><V51/><F51/><W78/><G4/><T23/><D23/><U97/><E38/><V15/><F5/><W48/><G48/><AGARI ba="0,0" hai="40,43,48,54,59,79,83,85,96,97,98" m="47175" machi="48" ten="30,1500,0" yaku="8,1" doraHai="20" who="1" fromWho="3" sc="290,0,160,15,221,0,329,-15" /><INIT seed="5,1,0,0,3,62" ten="290,175,221,314" oya="1" hai0="131,71,79,19,84,123,43,83,10,5,59,107,82" hai1="97,89,34,16,9,55,102,134,80,53,69,17,44" hai2="90,4,93,96,73,26,91,12,104,6,110,117,25" hai3="14,95,42,78,57,129,45,81,125,33,72,121,27"/><U118/><E118/><V31/><F110/><W23/><G121/><T7/><D71/><U8/><E34/><V85/><F117/><W22/><G125/><T49/><D107/><U77/><E69/><V74/><F26/><W70/><G70/><T103/><D103/><U135/><E89/><V65/><F104/><W20/><G129/><T13/><D131/><U105/><E8/><V37/><F37/><W2/><G2/><T120/><D83/><U127/><E127/><V58/><F74/><W40/><G42/><T38/><D38/><U114/><E114/><V47/><F73/><W124/><G14/><T11/><D59/><U51/><E55/><V86/><F47/><W111/><G111/><T109/><D109/><U0/><E0/><V75/><F75/><W18/><G33/><T54/><D54/><U64/><E64/><V67/><F96/><W106/><G106/><T63/><D63/><U56/><E44/><V99/><F99/><W94/><G57/><T113/><D19/><U112/><E112/><V61/><F67/><W52/><G52/><T126/><D113/><U66/><E66/><V1/><F12/><W116/><G116/><T101/><D101/><U30/><E30/><V122/><F1/><W50/><G124/><T24/><D126/><U21/><E9/><V133/><F133/><N who="1" m="50697" /><E21/><N who="2" m="15791" /><F122/><W36/><G36/><T88/><D24/><U41/><E41/><V15/><F15/><N who="3" m="9695" /><G22/><T130/><D130/><U68/><E68/><V3/><F3/><W119/><G119/><T98/><D120/><U32/><E32/><V46/><F46/><W39/><G39/><RYUUKYOKU ba="1,0" sc="290,-30,175,10,221,10,314,10" hai1="16,17,51,53,56,77,80,97,102,105" hai2="4,6,58,61,65,85,86,90,91,93" hai3="20,27,40,45,50,72,78,81,94,95" /><INIT seed="5,2,0,3,2,58" ten="260,185,231,324" oya="1" hai0="86,74,43,126,21,88,132,120,51,109,89,134,79" hai1="6,76,98,129,36,114,90,118,122,31,92,45,115" hai2="13,22,119,77,14,95,111,84,18,103,32,57,42" hai3="135,116,112,37,101,105,60,15,16,78,96,23,41"/><U81/><E118/><V17/><F111/><W113/><G116/><T54/><D109/><U12/><E122/><V26/><F119/><W46/><G78/><T64/><D43/><U67/><E31/><V29/><F42/><W48/><G135/><N who="0" m="51755" /><D64/><U71/><E129/><V50/><F103/><W39/><REACH who="3" step="1"/><G60/><REACH who="3" ten="260,185,231,314" step="2"/><T117/><D117/><U1/><E115/><AGARI ba="2,1" hai="15,16,23,37,39,41,46,48,96,101,105,112,113,115" machi="115" ten="40,8000,1" yaku="1,1,2,1,15,1,54,1,53,0" doraHai="58" doraHaiUra="123" who="3" fromWho="1" sc="260,0,185,-86,231,0,314,96" /><INIT seed="6,0,0,2,3,88" ten="260,99,231,410" oya="2" hai0="36,102,89,24,20,42,54,52,116,106,77,119,69" hai1="41,87,15,81,96,90,82,78,56,117,35,74,107" hai2="11,10,57,85,5,109,75,80,25,38,39,12,16" hai3="103,44,98,47,51,76,66,130,30,28,18,27,93"/><V65/><F75/><W67/><G130/><T114/><D69/><U128/><E35/><V64/><F109/><W83/><G47/><N who="0" m="24007" /><D77/><U70/><E70/><V84/><F84/><W113/><G113/><T48/><D114/><U49/><E117/><N who="0" m="45129" /><D48/><U121/><E121/><V37/><F57/><W118/><G18/><N who="0" m="12311" /><D89/><U59/><E128/><V112/><F112/><W99/><G99/><AGARI ba="0,0" hai="52,54,99,102,106" m="12311,45129,24007" machi="99" ten="30,2000,0" yaku="12,1,54,1" doraHai="88" who="0" fromWho="3" sc="260,20,99,0,231,0,410,-20" /><INIT seed="7,0,0,0,2,10" ten="280,99,231,390" oya="3" hai0="129,79,58,3,63,66,124,46,35,104,6,45,48" hai1="70,102,43,87,62,126,131,120,84,115,113,65,107" hai2="95,19,20,36,121,81,54,7,64,16,116,132,41" hai3="135,61,99,28,75,90,101,103,88,97,34,82,130"/><W127/><G28/><T105/><D35/><U76/><E87/><V78/><F116/><W69/><G61/><T2/><D124/><U51/><E120/><V118/><F118/><W94/><G69/><T31/><D31/><U9/><E126/><V26/><F121/><W32/><G127/><T13/><D46/><U22/><E22/><V44/><F132/><W8/><G8/><T93/><D129/><U85/><E85/><V112/><F112/><W59/><G59/><T23/><D79/><U57/><E131/><V91/><F64/><W25/><G25/><T123/><D104/><U72/><E84/><V60/><F7/><W71/><G71/><T30/><D105/><U33/><E9/><V56/><F19/><W114/><G114/><T47/><D47/><U55/><E33/><V96/><F81/><W1/><G82/><T80/><D80/><U73/><E76/><AGARI ba="0,0" hai="16,20,26,36,41,44,54,56,60,76,78,91,95,96" machi="76" ten="40,5200,0" yaku="25,2,54,1" doraHai="10" who="2" fromWho="1" sc="280,0,99,-52,231,52,390,0" owari="280,-12.0,47,-45.3,283,8.3,390,49.0" /></mjloggm>