<mjloggm ver="2.3"><GO type="41" lobby="0"/><UN n0="%E2%93%9D%4C%75%63%6B%79%4A" n1="%4F%6C%69%76%65%69%72%61" n2="%E3%83%9D%E3%83%B3%E3%83%84%E3%82%AB" n3="%E3%82%AA%E3%83%83%E3%83%91%E3%83%83%E3%83%94%E3%82%A4%E3%83%BC" dan="17,13,13,13" rate="2154.00,1867.11,1891.77,1864.16" sx="M,M,M,M"/><TAIKYOKU oya="0"/><INIT seed="0,0,0,5,3,82" ten="250,250,250,250" oya="0" hai0="31,107,99,72,35,18,121,75,40,119,110,42,43" hai1="111,134,33,100,85,76,92,78,63,29,61,32,57" hai2="14,45,69,124,28,34,20,94,36,22,112,8,84" hai3="91,71,117,90,97,118,4,105,132,41,131,50,67"/><T79/><D121/><U126/><E134/><V66/><F112/><W83/><G132/><T103/><D119/><U104/><E111/><V0/><F0/><W115/><G115/><T49/><D110/><U39/><E39/><V55/><F34/><W65/><G4/><T96/><D79/><U51/><E126/><V129/><F124/><W27/><G131/><T54/><D99/><U123/><E123/><V116/><F116/><W88/><G117/><T12/><D31/><U64/><E104/><V106/><F106/><W19/><G118/><T16/><D35/><U38/><E38/><V47/><F36/><W23/><G71/><T6/><D6/><U3/><E3/><V21/><F28/><W93/><G105/><T133/><D133/><U26/><E33/><V81/><F94/><W73/><G73/><T56/><REACH who="0" step="1"/><D18/><REACH who="0" ten="240,250,250,250" step="2"/><U10/><E76/><N who="2" m="46119" /><F129/><W87/><REACH who="3" step="1"/><G91/><REACH who="3" ten="240,250,250,240" step="2"/><T125/><D125/><U113/><E78/><V5/><F69/><W127/><G127/><T15/><D15/><U95/><E100/><V1/><F1/><W101/><G101/><T120/><D120/><U24/><E113/><V102/><F102/><W17/><G17/><T74/><D74/><U9/><E29/><V70/><F70/><W108/><G108/><T30/><D30/><U135/><E135/><V44/><F66/><W114/><G114/><T13/><D13/><U68/><E64/><V46/><N who="2" m="11264" /><DORA hai="86" /><V25/><F25/><W52/><G52/><AGARI ba="0,2" hai="5,8,14,20,21,22,52,55" m="11264,46119" machi="52" ten="50,6400,0" yaku="8,1,52,1,54,1" doraHai="82,86" who="2" fromWho="3" sc="240,0,250,0,250,84,240,-64" /><INIT seed="1,0,0,3,5,6" ten="240,250,334,176" oya="1" hai0="17,12,87,50,24,111,14,83,94,105,53,62,39" hai1="26,80,3,108,69,33,89,97,128,36,125,76,2" hai2="25,107,77,64,46,129,78,130,61,110,27,102,114" hai3="86,38,121,67,40,81,100,132,30,68,42,104,122"/><U51/><E36/><V5/><F114/><W109/><G109/><T4/><D105/><U20/><E69/><V84/><F110/><W15/><G132/><T126/><D39/><U59/><E33/><V134/><F46/><W70/><G121/><T127/><D94/><U32/><E32/><V115/><F115/><W1/><G122/><T124/><D62/><U16/><E125/><V120/><F120/><W96/><G1/><T57/><D4/><U19/><E128/><V49/><F49/><W112/><G112/><T119/><D119/><U75/><E108/><V99/><F5/><W41/><G38/><T85/><D111/><U34/><E34/><V71/><F134/><W43/><N who="3" m="10240" /><DORA hai="11" /><W79/><G30/><T7/><D7/><U28/><E2/><V47/><F47/><W133/><G133/><T103/><D103/><U82/><E3/><V29/><F84/><N who="0" m="32330" /><D83/><U22/><E82/><V73/><F25/><W118/><G118/><T72/><D72/><U48/><E59/><V35/><F77/><W60/><REACH who="3" step="1"/><G68/><REACH who="3" ten="240,250,334,166" step="2"/><T54/><D54/><U21/><E28/><V101/><REACH who="2" step="1"/><F101/><REACH who="2" ten="240,250,324,166" step="2"/><W117/><G117/><T9/><D127/><U8/><E26/><V45/><F45/><W65/><G65/><T10/><D126/><U56/><E75/><V113/><F113/><W91/><G91/><T92/><D124/><U116/><E89/><V63/><F63/><W135/><G135/><T74/><D50/><U90/><E48/><V131/><F131/><W93/><G93/><T58/><D92/><N who="1" m="56471" /><E51/><V52/><F52/><W106/><G106/><T55/><D55/><RYUUKYOKU ba="0,2" sc="240,-15,250,-15,324,15,166,15" hai2="27,29,35,61,64,71,73,78,99,102,107,129,130" hai3="15,60,67,70,79,81,86,96,100,104" /><INIT seed="2,1,2,0,2,18" ten="225,235,339,181" oya="2" hai0="63,64,113,5,130,104,16,77,91,46,73,32,25" hai1="85,126,15,118,106,7,39,133,57,92,54,86,69" hai2="67,125,128,8,66,9,10,72,43,21,29,6,51" hai3="61,4,119,123,129,59,68,30,56,3,71,31,94"/><V90/><F72/><W81/><G119/><T14/><D113/><U114/><E106/><V112/><F112/><W100/><G123/><T48/><D104/><U127/><E69/><V98/><F6/><W93/><G129/><T52/><D130/><U22/><E39/><V28/><F128/><W111/><G4/><T108/><D108/><U105/><E105/><V40/><F125/><N who="1" m="47625" /><E118/><V20/><F51/><W87/><G111/><T24/><D32/><U110/><E110/><V36/><F36/><W44/><G100/><T83/><D91/><U107/><E107/><V79/><F90/><W60/><G87/><T50/><D50/><U0/><E133/><V2/><F2/><W124/><G124/><T26/><D5/><U80/><E0/><V132/><F10/><W62/><G3/><T19/><REACH who="0" step="1"/><D14/><REACH who="0" ten="215,235,339,181" step="2"/><U33/><E33/><V42/><F42/><W13/><G13/><T135/><D135/><U70/><E114/><V23/><F132/><W131/><G131/><T76/><D76/><U65/><E7/><V103/><F79/><W41/><G62/><T53/><D53/><U75/><E15/><V35/><F43/><W12/><G41/><T55/><D55/><U49/><E65/><N who="2" m="24587" /><F40/><W1/><G12/><T84/><D84/><U95/><E70/><AGARI ba="1,3" hai="16,19,24,25,26,46,48,52,63,64,70,73,77,83" machi="70" ten="40,5200,0" yaku="1,1,54,2,53,0" doraHai="18" doraHaiUra="117" who="0" fromWho="1" sc="215,85,235,-55,339,0,181,0" /><INIT seed="3,0,0,5,5,76" ten="300,180,339,181" oya="3" hai0="11,30,23,56,42,44,29,36,121,77,131,93,72" hai1="132,4,6,39,86,112,78,118,79,24,80,110,129" hai2="92,74,116,5,13,75,33,130,31,18,87,96,37" hai3="35,115,109,120,107,127,69,41,124,58,51,99,125"/><W9/><G35/><T82/><D121/><U12/><E112/><V38/><F116/><W134/><G120/><T7/><D131/><U48/><E39/><V81/><F5/><W90/><G115/><T1/><D93/><U85/><E129/><V34/><F37/><W106/><G69/><T21/><D56/><U108/><E118/><V0/><F38/><W60/><G134/><T17/><REACH who="0" step="1"/><D23/><REACH who="0" ten="290,180,339,181" step="2"/><U27/><E132/><V59/><F130/><W16/><G107/><T73/><D73/><U14/><REACH who="1" step="1"/><E48/><REACH who="1" ten="290,170,339,181" step="2"/><V64/><F75/><W91/><G51/><T45/><D45/><U63/><E63/><V89/><F74/><W114/><G114/><T102/><D102/><U62/><E62/><V71/><F71/><W43/><G60/><T113/><D113/><U97/><E97/><V46/><F46/><W66/><G66/><T8/><D8/><U88/><E88/><N who="3" m="33834" /><G58/><T68/><D68/><U40/><E40/><V119/><F59/><W122/><G122/><T70/><D70/><U52/><E52/><V26/><F64/><W53/><G53/><T103/><D103/><U104/><E104/><V47/><F119/><W83/><G43/><T117/><D117/><U50/><E50/><V3/><F47/><W135/><G41/><T126/><D126/><U123/><E123/><V101/><F34/><W10/><G135/><T57/><D57/><U65/><E65/><V84/><F96/><W54/><G54/><T100/><D100/><U32/><E32/><V19/><F101/><W25/><G127/><T133/><D133/><U98/><E98/><V61/><F61/><RYUUKYOKU ba="0,2" sc="290,15,170,15,339,-15,181,-15" hai0="1,7,11,17,21,29,30,36,42,44,72,77,82" hai1="4,6,12,14,24,27,78,79,80,85,86,108,110" /><INIT seed="4,1,2,5,1,65" ten="305,185,324,166" oya="0" hai0="112,40,53,75,84,10,72,103,76,113,16,61,5" hai1="81,115,124,95,94,1,104,70,3,126,62,108,42" hai2="36,69,135,122,67,17,22,74,82,7,66,57,116" hai3="78,18,12,91,2,59,46,99,117,71,100,77,86"/><T97/><D40/><U130/><E104/><V73/><F36/><W48/><G117/><T37/><D37/><U50/><E108/><V27/><F122/><W35/><G2/><T0/><D84/><U121/><E121/><V20/><F116/><W58/><G35/><T107/><D76/><N who="3" m="29289" /><G71/><T41/><D41/><U28/><E130/><V9/><F69/><W119/><G119/><T64/><D53/><U49/><E28/><V93/><F67/><W96/><G100/><T132/><D16/><U25/><E25/><V47/><F47/><W125/><G125/><N who="1" m="48234" /><E115/><N who="0" m="44105" /><D132/><U109/><E109/><V63/><F135/><W15/><G15/><T21/><D21/><U11/><E81/><V45/><F82/><N who="3" m="49623" /><G99/><T13/><D13/><U56/><E70/><AGARI ba="1,2" hai="0,5,10,61,64,70,72,75,97,103,107" m="44105" machi="70" ten="30,5800,0" yaku="15,1,23,1,52,1" doraHai="65" who="0" fromWho="1" sc="305,81,185,-61,324,0,166,0" /><INIT seed="4,2,0,3,5,0" ten="386,124,324,166" oya="0" hai0="123,62,15,92,20,84,2,49,111,51,132,124,13" hai1="130,6,18,66,99,82,27,67,100,32,60,134,83" hai2="129,37,22,59,102,86,116,128,114,85,14,76,39" hai3="43,46,93,10,105,87,110,115,119,44,24,77,101"/><T79/><D2/><U42/><E134/><V16/><F116/><W70/><G70/><T19/><D123/><U104/><E130/><N who="2" m="50283" /><F102/><W96/><G110/><T3/><D3/><U108/><E67/><V89/><F114/><W45/><G119/><T55/><D124/><U120/><E120/><V88/><F76/><W8/><G115/><T75/><D75/><U91/><E108/><V71/><F71/><W64/><G64/><T50/><D132/><U23/><E42/><V57/><F57/><W106/><G24/><T5/><D62/><U29/><E6/><V61/><F86/><W21/><G21/><T69/><D69/><U47/><E47/><V74/><F74/><W9/><G43/><T11/><D111/><U126/><E91/><N who="2" m="34891" /><F85/><W90/><REACH who="3" step="1"/><G77/><REACH who="3" ten="386,124,324,156" step="2"/><T33/><D79/><U112/><E112/><V40/><F40/><W133/><G133/><T63/><D33/><U58/><E126/><V53/><AGARI ba="2,1" hai="14,16,22,37,39,53,59,61" m="34891,50283" machi="53" ten="30,4000,0" yaku="19,1,54,2" doraHai="0" who="2" fromWho="2" sc="386,-22,124,-12,324,56,156,-12" /><INIT seed="5,0,0,4,5,95" ten="364,112,380,144" oya="1" hai0="73,7,23,42,108,37,49,120,27,129,16,21,33" hai1="125,97,81,32,69,17,26,38,118,74,115,122,15" hai2="43,89,20,112,35,1,111,134,64,70,119,53,47" hai3="36,14,86,0,10,52,105,131,77,123,67,93,40"/><U94/><E118/><V100/><F119/><W110/><G110/><T124/><D73/><U57/><E122/><V85/><F111/><W6/><G105/><T133/><D37/><U46/><E69/><V126/><F1/><W62/><G123/><T117/><D108/><U18/><E115/><V25/><F35/><W71/><G131/><T22/><D42/><U56/><E125/><V130/><F126/><W99/><G36/><T63/><D49/><U90/><E46/><V60/><F130/><W58/><G40/><T51/><D51/><U65/><E38/><V13/><F43/><W12/><G86/><T68/><D133/><U109/><E65/><V127/><F100/><W116/><G77/><T78/><D78/><U80/><E109/><V4/><F134/><W9/><G9/><T102/><D117/><U34/><E74/><V8/><F112/><W48/><REACH who="3" step="1"/><G116/><REACH who="3" ten="364,112,380,134" step="2"/><T44/><D120/><U19/><E15/><V103/><F127/><W66/><G66/><T83/><D129/><U2/><E2/><V59/><F64/><W39/><G39/><T30/><D124/><U55/><E26/><V87/><F85/><W72/><G72/><T29/><D27/><U132/><E132/><V41/><F41/><W50/><G50/><T61/><D63/><U45/><E45/><V113/><F113/><W91/><AGARI ba="0,1" hai="0,6,10,12,14,48,52,58,62,67,71,91,93,99" machi="91" ten="20,8000,1" yaku="1,1,0,1,7,1,52,1,54,1,53,0" doraHai="95" doraHaiUra="82" who="3" fromWho="3" sc="364,-20,112,-40,380,-20,134,90" /><INIT seed="6,0,0,4,0,75" ten="344,72,360,224" oya="2" hai0="69,70,120,81,66,18,20,10,46,34,114,113,101" hai1="36,28,38,126,50,129,84,48,41,124,45,60,4" hai2="132,53,103,119,47,105,27,91,111,30,74,31,43" hai3="51,90,6,122,123,39,135,92,9,128,67,24,107"/><V1/><F1/><W35/><G107/><T64/><D34/><U21/><E4/><V16/><F119/><W44/><G39/><T40/><D101/><U116/><E21/><V104/><F111/><W130/><G67/><N who="0" m="25643" /><D81/><U77/><E28/><V42/><F74/><W7/><G135/><T78/><D10/><U56/><E116/><V19/><F132/><W79/><G35/><T3/><D3/><U95/><E129/><N who="3" m="49770" /><G24/><T82/><D120/><U88/><E36/><V134/><F134/><W22/><G22/><T26/><D46/><U87/><E60/><V98/><F27/><W49/><G79/><T52/><D40/><U109/><E109/><V61/><F47/><W86/><G7/><T17/><D18/><U118/><E118/><V57/><F104/><W127/><G127/><N who="1" m="48682" /><E56/><V71/><F30/><W68/><G68/><T76/><D70/><U93/><E93/><V99/><F31/><W83/><G83/><AGARI ba="0,0" hai="38,41,45,48,50,77,83,84,87,88,95" m="48682" machi="83" ten="30,3900,0" yaku="18,1,52,1,54,1" doraHai="75" who="1" fromWho="3" sc="344,0,72,39,360,0,224,-39" /><INIT seed="7,0,0,3,4,4" ten="344,111,360,185" oya="3" hai0="50,78,57,12,95,29,58,17,20,87,84,19,37" hai1="100,106,45,15,62,93,132,112,2,11,65,71,104" hai2="116,67,6,3,39,13,91,124,117,55,73,122,9" hai3="14,35,27,38,72,5,127,23,80,1,135,118,32"/><W130/><G38/><T114/><D29/><U21/><E2/><V92/><F73/><W22/><G118/><T83/><D37/><U54/><E112/><V125/><F39/><W69/><G69/><T129/><D129/><U25/><E132/><V131/><F131/><W79/><G130/><T42/><D114/><U36/><E93/><V48/><F67/><W43/><G135/><T128/><D128/><U46/><E100/><V31/><F3/><W97/><G43/><T8/><D87/><U101/><E101/><V121/><F31/><W51/><G127/><N who="2" m="48713" /><F117/><W26/><G51/><T60/><D95/><U119/><E119/><V108/><F108/><W34/><G97/><T70/><D70/><U96/><E96/><N who="2" m="57375" /><F116/><W74/><G1/><T105/><D105/><U10/><E36/><V56/><AGARI ba="0,0" hai="6,9,13,48,55,56,121,122" m="57375,48713" machi="56" ten="30,2000,0" yaku="18,1,52,1" doraHai="4" who="2" fromWho="2" sc="344,-5,111,-5,360,20,185,-10" owari="339,13.9,106,-39.4,380,48.0,175,-22.5" /></mjloggm>