<mjloggm ver="2.3"><GO type="41" lobby="0"/><UN n0="%6D%65%6D%6F%69%7A%65" n1="%E2%93%9D%4C%75%63%6B%79%4A" n2="%E3%81%A7%E3%81%93%E3%81%BD%E3%82%93%E5%A4%AA" n3="%E6%9D%BE%E6%B7%B3" dan="15,18,14,14" rate="2002.64,2204.72,1978.46,1971.43" sx="M,M,M,M"/><TAIKYOKU oya="0"/><INIT seed="0,0,0,0,0,72" ten="250,250,250,250" oya="0" hai0="44,27,60,96,3,69,58,47,77,93,52,1,41" hai1="25,106,12,29,99,114,18,91,132,87,116,8,55" hai2="115,2,24,104,111,108,68,57,6,133,36,38,28" hai3="117,65,20,98,26,128,23,56,16,103,74,10,0"/><T46/><D69/><U14/><E116/><V40/><F68/><W129/><G117/><T122/><D122/><U35/><E114/><V48/><F115/><W82/><G0/><T53/><D41/><U71/><E132/><V59/><F133/><W70/><G70/><T131/><D131/><U88/><E71/><V90/><F104/><W43/><G43/><T97/><D3/><U22/><E106/><V92/><F6/><W50/><G10/><T62/><D1/><U19/><E99/><N who="0" m="37961" /><D93/><U49/><REACH who="1" step="1"/><E87/><REACH who="1" ten="250,240,250,250" step="2"/><V67/><F108/><W83/><G129/><T32/><D32/><U109/><E109/><V42/><F111/><W7/><G128/><T112/><D112/><U101/><E101/><V125/><F125/><W39/><G98/><T123/><D123/><U130/><E130/><V118/><F118/><W80/><G103/><T124/><D124/><U79/><E79/><V4/><F38/><W34/><G39/><T11/><D77/><U15/><E15/><V51/><F36/><W63/><G74/><T126/><D126/><U73/><E73/><V110/><F2/><W66/><G34/><T107/><D107/><U30/><E30/><V86/><F110/><W64/><G7/><T119/><D119/><U54/><E54/><V75/><F75/><W105/><G105/><T78/><D78/><U135/><E135/><V100/><F100/><W84/><G84/><T121/><D121/><U17/><E17/><V5/><F42/><W120/><G120/><T127/><D127/><U13/><E13/><V76/><F40/><W89/><G89/><T37/><D37/><RYUUKYOKU ba="0,1" sc="250,-10,240,30,250,-10,250,-10" hai1="8,12,14,18,19,22,25,29,35,49,55,88,91" /><INIT seed="1,1,1,1,2,127" ten="240,270,240,240" oya="1" hai0="125,64,106,21,88,81,57,1,89,119,79,36,101" hai1="51,8,70,105,4,122,10,71,114,94,27,7,50" hai2="117,43,69,58,38,62,124,34,19,3,85,23,135" hai3="67,17,46,130,113,83,76,66,56,123,44,126,87"/><U68/><E105/><V45/><F117/><W20/><G113/><T132/><D1/><U86/><E114/><V22/><F34/><W52/><G123/><T107/><D36/><U72/><E122/><V55/><F124/><W118/><G126/><T131/><D125/><U78/><E27/><V97/><F135/><W99/><G99/><T53/><D64/><N who="3" m="24617" /><G130/><T121/><D121/><U65/><E65/><V96/><F3/><W128/><G128/><T42/><D42/><U37/><E37/><V111/><F111/><W29/><G29/><T90/><D131/><U32/><E32/><V115/><F69/><W2/><G2/><T134/><D21/><U110/><E72/><V95/><F23/><W28/><G28/><T108/><D119/><U129/><E129/><V18/><F18/><W30/><G30/><T40/><D40/><U11/><E110/><V91/><REACH who="2" step="1"/><F115/><REACH who="2" ten="240,270,230,240" step="2"/><W13/><G118/><T0/><D0/><U6/><E78/><V59/><F59/><W60/><AGARI ba="1,2" hai="13,17,20,44,46,52,56,60,76,83,87" m="24617" machi="60" ten="30,2000,0" yaku="8,1,54,1" doraHai="127" who="3" fromWho="3" sc="240,-6,270,-11,230,-6,240,43" /><INIT seed="2,0,0,5,3,4" ten="234,259,224,283" oya="2" hai0="53,23,55,91,113,51,108,39,74,66,109,102,72" hai1="120,111,80,63,90,44,103,19,18,77,116,61,24" hai2="42,106,118,13,81,69,128,16,46,22,93,84,88" hai3="130,124,68,107,20,92,11,27,30,54,134,10,62"/><V98/><F118/><W122/><G122/><T87/><D39/><U115/><E115/><V21/><F128/><W110/><G107/><T58/><D113/><U83/><E103/><V3/><F3/><W104/><G104/><T112/><D112/><U14/><E111/><N who="0" m="42569" /><D66/><U6/><E6/><V29/><F69/><W73/><G110/><T31/><D102/><U9/><E116/><V35/><F106/><W133/><G73/><T132/><D132/><N who="3" m="50793" /><G124/><T33/><D33/><U85/><E120/><V97/><F35/><W49/><G130/><T43/><D43/><U89/><E44/><V41/><F41/><W65/><G92/><N who="0" m="54399" /><D55/><U94/><E83/><V101/><F29/><W119/><G119/><T126/><D126/><U64/><E64/><V40/><F98/><W78/><G78/><T17/><D31/><U131/><E131/><V15/><REACH who="2" step="1"/><F46/><AGARI ba="0,0" hai="10,11,20,27,30,46,49,54,62,65,68" m="50793" machi="46" ten="30,3900,0" yaku="20,1,52,2" doraHai="4" who="3" fromWho="2" sc="234,0,259,0,224,-39,283,39" /><INIT seed="3,0,0,3,3,86" ten="234,259,185,322" oya="3" hai0="11,48,79,14,93,117,124,96,104,111,60,23,83" hai1="50,34,9,123,94,135,49,65,113,4,25,77,35" hai2="12,29,1,44,101,118,110,64,72,13,24,106,57" hai3="42,53,91,116,46,88,82,89,73,3,127,74,10"/><W5/><G116/><T87/><D111/><U119/><E113/><V40/><F118/><W54/><G127/><T56/><D117/><U71/><E119/><V78/><F110/><W132/><G132/><T31/><D124/><U134/><E77/><V21/><F1/><W20/><G20/><T108/><D104/><U69/><E65/><V52/><F64/><W19/><G19/><T129/><D129/><U45/><E94/><V66/><F66/><W47/><G47/><T109/><D48/><U6/><E9/><V97/><F78/><N who="3" m="44367" /><G74/><T36/><D36/><AGARI ba="0,0" hai="3,5,10,36,42,46,53,54,88,89,91" m="44367" machi="36" ten="30,12000,1" yaku="25,1,52,3,54,1" doraHai="86" who="3" fromWho="0" sc="234,-120,259,0,185,0,322,120" /><INIT seed="3,1,0,1,0,56" ten="114,259,185,442" oya="3" hai0="64,135,45,28,24,80,88,1,117,107,2,131,16" hai1="21,14,120,118,94,9,93,25,105,54,73,95,84" hai2="18,40,4,69,58,63,81,82,89,132,17,46,59" hai3="74,101,125,23,79,126,31,42,38,60,47,51,92"/><W128/><G128/><T36/><D107/><U27/><E73/><V41/><F132/><W112/><G112/><T130/><D117/><U133/><E105/><V109/><F69/><W19/><G79/><T7/><D135/><U102/><E120/><V65/><F109/><W37/><G74/><T114/><D114/><U43/><E43/><V11/><F58/><W49/><G49/><T100/><D100/><U134/><E27/><V26/><F40/><W44/><G44/><T34/><D36/><U106/><E118/><V20/><F18/><W3/><G3/><T52/><D64/><U68/><E68/><V50/><REACH who="2" step="1"/><F89/><REACH who="2" ten="114,259,175,442" step="2"/><W62/><G31/><T77/><D16/><U85/><E134/><V116/><F116/><W97/><G38/><T33/><D88/><U66/><E133/><V86/><F86/><W127/><G37/><T39/><D39/><U124/><E85/><V83/><F83/><W110/><G110/><T61/><D131/><U10/><E84/><V108/><F108/><W53/><G42/><T123/><D130/><U55/><E102/><V91/><F91/><W15/><AGARI ba="1,1" hai="15,19,23,47,51,53,60,62,92,97,101,125,126,127" machi="15" ten="30,11700,0" yaku="0,1,18,1,52,2" doraHai="56" who="3" fromWho="3" sc="114,-40,259,-40,175,-40,442,130" /><INIT seed="3,2,0,3,0,56" ten="74,219,135,572" oya="3" hai0="125,91,22,43,119,8,20,115,77,89,132,97,123" hai1="0,59,65,29,12,9,68,40,1,70,58,95,36" hai2="6,128,66,96,92,62,127,49,17,57,63,113,73" hai3="27,117,54,80,76,122,84,116,103,34,94,18,30"/><W78/><G122/><T81/><D119/><U45/><E29/><V44/><F128/><W31/><G78/><T48/><D123/><U133/><E95/><V3/><F127/><W7/><G7/><T79/><D132/><U69/><E133/><V32/><F113/><W61/><G31/><T120/><D120/><U102/><E102/><V38/><F38/><W2/><G2/><T110/><D110/><U108/><E108/><V112/><F112/><W111/><G18/><T93/><D125/><U39/><E39/><V107/><F107/><W24/><G24/><T121/><D121/><U15/><E15/><V23/><F32/><W33/><G33/><T82/><D115/><U124/><E124/><V71/><F73/><W50/><G111/><T90/><D8/><U28/><E28/><V16/><F6/><W129/><G129/><T109/><D109/><U5/><REACH who="1" step="1"/><E65/><REACH who="1" ten="74,209,135,572" step="2"/><V55/><F3/><AGARI ba="2,1" hai="0,1,3,5,9,12,36,40,45,58,59,68,69,70" machi="3" ten="50,3200,0" yaku="1,1,2,1,53,0" doraHai="56" doraHaiUra="100" who="1" fromWho="2" sc="74,0,209,48,135,-38,572,0" /><INIT seed="4,0,0,2,0,111" ten="74,257,97,572" oya="0" hai0="16,34,125,63,10,45,62,84,58,129,95,18,80" hai1="76,130,7,60,33,27,25,77,102,133,2,120,109" hai2="79,26,83,59,69,12,119,86,9,97,70,88,24" hai3="106,115,132,44,93,11,21,112,43,89,68,30,90"/><T28/><D129/><U0/><E109/><V50/><F119/><W3/><G106/><T5/><D125/><U103/><E7/><V65/><F70/><W39/><G68/><T19/><D95/><U92/><E33/><V66/><F69/><W87/><G132/><T67/><D34/><U105/><E105/><V122/><F122/><W51/><G39/><T48/><D62/><U124/><E92/><N who="2" m="56455" /><F50/><W101/><G101/><T135/><D28/><U114/><E60/><N who="2" m="38047" /><F66/><W96/><G3/><T23/><D135/><U75/><E133/><V99/><F99/><W110/><G110/><T98/><D98/><U29/><E120/><V100/><F100/><W14/><G30/><T8/><D23/><U61/><E29/><V126/><F126/><W91/><G21/><T56/><D5/><AGARI ba="0,0" hai="5,9,12,24,26,79,83,86" m="38047,56455" machi="5" ten="30,2000,0" yaku="8,1,54,1" doraHai="111" who="2" fromWho="0" sc="74,-20,257,0,97,20,572,0" /><INIT seed="5,0,0,0,5,20" ten="54,257,117,572" oya="1" hai0="110,126,65,45,50,122,66,43,132,102,23,88,87" hai1="53,92,105,123,44,118,83,77,78,107,6,125,17" hai2="52,32,62,128,134,95,70,25,33,75,39,90,85" hai3="14,64,61,73,4,41,117,129,106,56,67,18,109"/><U15/><E123/><V108/><F108/><W58/><G109/><T113/><D110/><U48/><E118/><V40/><F128/><W82/><G106/><T30/><D113/><U71/><E71/><V35/><F75/><W130/><G41/><T91/><D132/><U29/><E6/><V46/><F134/><W112/><G112/><T114/><D114/><U57/><E29/><V135/><F135/><W16/><G117/><T36/><D126/><U54/><E92/><V96/><F70/><W133/><G133/><T31/><D122/><U127/><E78/><V19/><F85/><W24/><G4/><T2/><D2/><U34/><E34/><V47/><F47/><W12/><G82/><T120/><D120/><U131/><E131/><V74/><F74/><W98/><G98/><T0/><D0/><U100/><E100/><V93/><F93/><W119/><G73/><T84/><D36/><U79/><E107/><V7/><F7/><W86/><G86/><N who="0" m="32811" /><D102/><U80/><E105/><V22/><REACH who="2" step="1"/><F35/><REACH who="2" ten="54,257,107,572" step="2"/><W49/><G119/><T76/><D76/><U3/><E79/><V11/><F11/><W81/><G81/><T115/><D115/><U38/><E83/><V69/><F69/><W111/><G111/><T28/><D23/><N who="1" m="11711" /><E80/><V63/><F63/><W99/><G61/><T116/><D116/><U8/><E77/><V101/><F101/><W13/><G130/><T26/><D91/><U9/><E9/><V121/><F121/><W27/><G129/><T51/><D88/><U1/><E8/><V68/><F68/><W59/><G99/><T5/><D5/><RYUUKYOKU ba="0,1" sc="54,-10,257,-10,107,30,572,-10" hai2="19,22,25,32,33,39,40,46,52,62,90,95,96" /><INIT seed="6,1,1,2,3,122" ten="44,247,137,562" oya="2" hai0="115,15,28,79,49,12,108,73,45,0,42,99,64" hai1="53,78,59,72,120,11,71,51,60,56,40,123,16" hai2="95,10,91,126,96,74,92,84,107,89,50,116,67" hai3="1,61,4,5,117,76,104,135,57,130,94,105,69"/><V46/><F116/><W83/><G117/><T18/><D0/><U80/><E71/><V33/><F33/><W44/><G135/><T98/><D115/><U20/><E11/><V8/><F126/><W25/><G130/><T75/><D28/><U9/><E9/><V111/><F74/><W82/><G69/><T48/><D64/><U7/><E7/><V34/><F34/><W100/><G1/><T110/><D79/><U22/><E40/><V43/><F107/><W90/><G44/><T131/><D45/><U24/><REACH who="1" step="1"/><E22/><REACH who="1" ten="44,237,137,562" step="2"/><V106/><F106/><W35/><G105/><T132/><D42/><U87/><E87/><V101/><F101/><W3/><G104/><T121/><D121/><U38/><E38/><V26/><F67/><AGARI ba="1,2" hai="16,20,24,51,53,56,59,60,67,72,78,80,120,123" machi="67" ten="40,2600,0" yaku="1,1,54,1,53,0" doraHai="122" doraHaiUra="30" who="1" fromWho="2" sc="44,0,237,49,137,-29,562,0" /><INIT seed="7,0,0,0,5,105" ten="44,286,108,562" oya="3" hai0="121,133,111,79,25,12,51,64,94,29,18,89,24" hai1="37,129,113,92,76,93,35,91,78,77,87,115,30" hai2="99,23,107,4,32,65,27,134,8,70,114,13,112" hai3="116,1,130,42,103,132,68,80,0,101,14,118,10"/><W56/><G68/><T52/><D133/><U2/><E2/><V7/><F134/><W63/><G132/><T123/><D111/><U39/><E30/><V59/><F70/><W36/><G130/><T81/><D64/><U40/><E40/><V46/><F32/><W119/><G42/><T34/><D25/><U26/><E26/><V106/><F46/><W44/><G36/><T135/><D135/><U67/><E67/><V84/><F84/><W125/><G125/><T96/><D18/><U60/><E60/><N who="2" m="38047" /><F4/><W108/><G44/><T58/><REACH who="0" step="1"/><D12/><REACH who="0" ten="34,286,108,562" step="2"/><U73/><E115/><N who="2" m="44075" /><F99/><W110/><G110/><T47/><D47/><U61/><E113/><V17/><AGARI ba="0,1" hai="7,8,13,17,23,27,106,107" m="44075,38047" machi="17" ten="30,1100,0" yaku="15,1" doraHai="105" who="2" fromWho="2" sc="34,-3,286,-3,108,21,562,-5" owari="31,-46.9,283,8.3,129,-27.1,557,65.7" /></mjloggm>