<mjloggm ver="2.3"><GO type="41" lobby="0"/><UN n0="%E3%83%86%E3%82%AF%E3%83%A0%E3%82%BB" n1="%E2%93%9D%4C%75%63%6B%79%4A" n2="%35%30%38%30%74%61%6B%61" n3="%4D%61%72%6F%6E" dan="14,17,15,14" rate="1885.65,2172.42,2015.61,1942.79" sx="M,M,M,F"/><TAIKYOKU oya="0"/><INIT seed="0,0,0,5,4,22" ten="250,250,250,250" oya="0" hai0="78,35,42,68,126,2,13,30,135,111,47,88,15" hai1="39,28,41,107,16,114,118,7,122,12,4,116,53" hai2="80,108,5,73,113,3,94,91,101,66,34,46,54" hai3="0,60,29,37,27,18,17,100,134,106,58,74,59"/><T49/><D68/><U102/><E107/><V61/><F113/><W89/><G74/><T109/><D2/><U123/><E102/><V57/><F108/><N who="0" m="41546" /><D78/><U84/><E53/><V24/><F3/><W8/><G37/><T75/><D75/><U36/><E41/><V124/><F124/><W90/><G134/><T115/><D135/><U43/><E43/><V85/><F5/><N who="1" m="2121" /><E84/><V79/><F101/><W99/><G0/><T63/><D115/><U131/><E39/><V33/><F46/><W92/><G59/><T105/><D126/><U117/><E36/><V32/><REACH who="2" step="1"/><F66/><REACH who="2" ten="250,250,240,250" step="2"/><W93/><G106/><T44/><D44/><U40/><E114/><V110/><F110/><W56/><G100/><T120/><D105/><U14/><E118/><V128/><F128/><W97/><G58/><T104/><D120/><U76/><E123/><V19/><F19/><W9/><G18/><T70/><D104/><U38/><E122/><V81/><F81/><W65/><REACH who="3" step="1"/><G17/><REACH who="3" ten="250,250,240,240" step="2"/><T31/><D70/><U83/><E16/><V77/><F77/><W69/><G69/><T121/><D121/><U86/><E76/><V64/><F64/><W55/><G55/><T72/><D42/><U48/><E40/><V132/><F132/><W95/><G95/><T1/><D1/><U87/><E38/><V125/><F125/><W119/><G119/><T20/><D47/><U26/><E117/><V98/><F98/><W51/><G51/><T62/><D49/><U23/><E48/><V10/><F10/><W133/><G133/><T96/><D96/><U11/><E116/><V21/><F21/><AGARI ba="0,2" hai="8,9,21,27,29,56,60,65,89,90,92,93,97,99" machi="21" ten="30,12000,2" yaku="1,1,6,1,7,1,9,1,8,1,52,1,53,0" doraHai="22" doraHaiUra="103" who="3" fromWho="2" sc="250,0,250,0,240,-120,240,140" /><INIT seed="1,0,0,0,5,14" ten="250,250,120,380" oya="1" hai0="126,98,41,56,112,43,68,93,27,86,60,115,92" hai1="85,120,75,15,1,77,12,91,32,109,44,99,118" hai2="61,66,73,46,38,105,0,100,16,63,6,125,74" hai3="42,30,123,3,117,24,132,89,33,59,81,110,72"/><U88/><E1/><V54/><F125/><W82/><G123/><T134/><D68/><U65/><E120/><V48/><F0/><W90/><G110/><T5/><D134/><U45/><E32/><V52/><F6/><W122/><G122/><T35/><D126/><U62/><E75/><V96/><F38/><W121/><G3/><T135/><D135/><U111/><E77/><V79/><F79/><W20/><G132/><T102/><D5/><U83/><E118/><V34/><F34/><W97/><G33/><T127/><D127/><U18/><E15/><V69/><F61/><W108/><G108/><N who="1" m="41546" /><E91/><V78/><F78/><W21/><G72/><T80/><D35/><U8/><E99/><V71/><F71/><AGARI ba="0,0" hai="8,12,18,44,45,62,65,71,83,85,88" m="41546" machi="71" ten="30,11600,0" yaku="14,1,10,1,52,1,54,1" doraHai="14" who="1" fromWho="2" sc="250,0,250,116,120,-116,380,0" /><INIT seed="1,1,0,5,5,86" ten="250,366,4,380" oya="1" hai0="25,79,63,67,123,2,107,94,82,115,36,19,3" hai1="120,118,72,81,97,129,27,62,127,17,119,103,110" hai2="128,33,9,44,71,91,125,93,24,20,90,14,68" hai3="106,43,122,45,84,116,126,15,31,99,117,101,52"/><U78/><E120/><V69/><F125/><W92/><G122/><T83/><D36/><U35/><E127/><V5/><F128/><W16/><G126/><T18/><D107/><U135/><E129/><V8/><F33/><W56/><G31/><T38/><D115/><U48/><E48/><V100/><F44/><W76/><G76/><T130/><D2/><U96/><E97/><N who="2" m="59439" /><F71/><W60/><G84/><T13/><D3/><U89/><E135/><V46/><F69/><W58/><G58/><T104/><D38/><U108/><E35/><V6/><F68/><W55/><G106/><T4/><D123/><U0/><E0/><V105/><F105/><W61/><G61/><T121/><D104/><U51/><E62/><V39/><F39/><W28/><G28/><T21/><D130/><U40/><E51/><V26/><F46/><W1/><G1/><T134/><D134/><U80/><E119/><N who="3" m="45642" /><G45/><T132/><D132/><U37/><E118/><V11/><F24/><W49/><G49/><T10/><D121/><U98/><E37/><V23/><F23/><N who="3" m="11679" /><G43/><T87/><D63/><U42/><E42/><V32/><F32/><W29/><G29/><N who="0" m="17583" /><D67/><AGARI ba="1,0" hai="52,55,56,60,67,92,99,101" m="11679,45642" machi="67" ten="30,3900,0" yaku="12,1,54,2" doraHai="86" who="3" fromWho="0" sc="250,-42,366,0,4,0,380,42" /><INIT seed="2,0,0,0,0,92" ten="208,366,4,422" oya="2" hai0="55,29,42,2,63,60,66,105,90,35,11,17,88" hai1="47,48,91,7,20,84,4,125,8,23,67,39,97" hai2="106,36,43,93,46,56,115,89,19,53,101,71,85" hai3="49,5,45,10,133,83,62,51,109,58,74,96,117"/><V123/><F123/><W78/><G109/><T18/><D105/><U94/><E39/><V57/><F115/><W130/><G117/><T119/><D42/><U114/><E114/><V122/><F122/><W70/><G70/><T68/><D35/><U75/><E75/><V22/><F71/><W103/><G133/><T86/><D29/><U82/><E67/><V126/><F126/><W135/><G130/><T44/><D90/><U132/><E132/><V13/><F106/><W40/><G135/><T81/><D119/><U64/><E64/><V108/><F108/><W76/><G76/><T38/><D38/><U24/><E125/><V95/><F101/><W31/><G31/><T65/><D55/><N who="1" m="30111" /><E8/><V127/><F127/><W34/><G34/><T6/><D44/><U128/><E128/><V52/><F53/><W14/><G45/><T131/><D131/><U0/><E0/><V72/><F72/><W116/><G40/><T16/><D18/><N who="1" m="12407" /><E20/><V30/><F30/><W120/><G120/><T41/><D41/><U110/><E110/><V69/><F69/><AGARI ba="0,0" hai="2,6,11,16,17,60,63,65,66,68,69,81,86,88" machi="69" ten="30,7700,0" yaku="7,1,9,1,54,2" doraHai="92" who="0" fromWho="2" sc="208,77,366,0,4,-77,422,0" owari="285,-11.5,366,16.6,-73,-57.3,422,52.2" /></mjloggm>