<mjloggm ver="2.3"><GO type="41" lobby="0"/><UN n0="%E9%87%A3%E3%82%8A%E3%81%8A%E3%82%84%E3%81%98%EF%BC%B3%EF%BC%B4" n1="%54%6F%70%72%75%6E%32%31" n2="%7C%5F%5F%5F%5F%5F%5F%7C" n3="%E2%93%9D%4C%75%63%6B%79%4A" dan="13,14,13,17" rate="1909.30,1905.03,1837.21,2146.48" sx="M,M,M,M"/><TAIKYOKU oya="0"/><INIT seed="0,0,0,4,0,80" ten="250,250,250,250" oya="0" hai0="15,62,6,2,0,66,87,93,114,34,23,47,120" hai1="107,4,105,116,44,54,1,102,37,13,125,43,27" hai2="74,98,118,100,72,69,3,57,91,130,110,122,90" hai3="112,8,134,11,79,32,31,30,50,82,85,5,56"/><T119/><D120/><U83/><E116/><V103/><F122/><W14/><G112/><T99/><D114/><U109/><E125/><V9/><F110/><W81/><G32/><T46/><D34/><U127/><E127/><V128/><F69/><W40/><G134/><T73/><D73/><N who="2" m="28266" /><F57/><W20/><G82/><T53/><D119/><U22/><E13/><V63/><F63/><W95/><G11/><T64/><D2/><U25/><E25/><V132/><F9/><W68/><G68/><T7/><D64/><U65/><E54/><V10/><F10/><W86/><G20/><T104/><D53/><U36/><E65/><V45/><F45/><N who="3" m="25895" /><G56/><T129/><D104/><U75/><E36/><V26/><F26/><W42/><G42/><T71/><D0/><U21/><E21/><V135/><F98/><W97/><G97/><T55/><D55/><U89/><E109/><V59/><F59/><W133/><G133/><N who="2" m="51273" /><F3/><W60/><G60/><T76/><D62/><U106/><E1/><V49/><F49/><W121/><G121/><T126/><D66/><U18/><E4/><V108/><F108/><W113/><G113/><T35/><D7/><U92/><E27/><V111/><F111/><W77/><G79/><T58/><D6/><U131/><E22/><V48/><F48/><W84/><G95/><T70/><D70/><U39/><E39/><V51/><F51/><W12/><G14/><T101/><D35/><U17/><E37/><V28/><F28/><AGARI ba="0,0" hai="5,8,12,28,30,31,77,81,84,85,86" m="25895" machi="28" ten="30,8000,1" yaku="25,1,8,1,52,3" doraHai="80" who="3" fromWho="2" sc="250,0,250,0,250,-80,250,80" /><INIT seed="1,0,0,3,5,64" ten="250,250,170,330" oya="1" hai0="13,101,14,99,5,86,45,83,4,17,42,40,54" hai1="48,16,51,128,23,21,37,74,20,2,76,91,129" hai2="65,7,121,126,78,93,75,110,80,114,88,69,102" hai3="130,44,30,125,9,66,81,123,1,97,113,15,11"/><U89/><E2/><V122/><F7/><W34/><G113/><T18/><D42/><U72/><E37/><V63/><F110/><W90/><G123/><T10/><D54/><U60/><E60/><V94/><F126/><W67/><G130/><N who="1" m="50282" /><E76/><V106/><F114/><W24/><G11/><T124/><D124/><U100/><E100/><V79/><F79/><W22/><G34/><T32/><D32/><U104/><E16/><V31/><F31/><W27/><G1/><T134/><D134/><U111/><E104/><V107/><F94/><W131/><G125/><T109/><D109/><U96/><E96/><V108/><F108/><W85/><G97/><T115/><D115/><U6/><E6/><V133/><F133/><W70/><G131/><T73/><D73/><N who="1" m="28267" /><E111/><V68/><F102/><W12/><G9/><T38/><D13/><U52/><E51/><V50/><F50/><W119/><G15/><T56/><D5/><U117/><E117/><V84/><REACH who="2" step="1"/><F68/><REACH who="2" ten="250,250,160,330" step="2"/><W35/><G70/><T58/><D4/><U77/><E77/><V132/><F132/><W82/><G119/><T47/><D18/><U112/><E112/><V29/><F29/><W19/><G30/><T41/><D41/><U26/><E26/><V116/><F116/><W57/><G27/><T62/><D101/><U59/><AGARI ba="0,1" hai="20,21,23,48,52,59,89,91" m="28267,50282" machi="59" ten="40,3900,0" yaku="19,1,54,1" doraHai="64" who="1" fromWho="1" sc="250,-13,250,49,160,-13,330,-13" /><INIT seed="1,1,0,3,1,34" ten="237,299,147,317" oya="1" hai0="91,123,86,17,43,127,111,112,7,0,79,89,38" hai1="16,64,19,44,76,62,28,93,84,39,61,119,73" hai2="103,32,12,124,26,24,25,95,121,72,71,57,92" hai3="130,125,109,42,35,83,94,45,134,74,118,22,70"/><U117/><E73/><V13/><F72/><W82/><G35/><T56/><D112/><U107/><E107/><V110/><F32/><W87/><G70/><T46/><D111/><U31/><E39/><V27/><F121/><W58/><G125/><T85/><D127/><U37/><E37/><V98/><F124/><W10/><G58/><T55/><D79/><U104/><E44/><V80/><F110/><W69/><G22/><T75/><D75/><U113/><E104/><V114/><F80/><W50/><G69/><T63/><D17/><U54/><E113/><V1/><F71/><W66/><G66/><T60/><D63/><U105/><E105/><V23/><F57/><W122/><G130/><T33/><D33/><U41/><E41/><V115/><F95/><W100/><G134/><T135/><D135/><U29/><E93/><V67/><F67/><W90/><G122/><T101/><D123/><U65/><E54/><V102/><F1/><W15/><G118/><N who="1" m="45066" /><E84/><V9/><F115/><W8/><G109/><T52/><D55/><U77/><E64/><V108/><F108/><W99/><G15/><N who="2" m="5705" /><F114/><W81/><REACH who="3" step="1"/><G74/><REACH who="3" ten="237,299,147,307" step="2"/><T126/><D126/><U2/><E65/><V3/><F3/><W5/><G5/><T18/><D7/><U132/><E2/><V21/><N who="2" m="6144" /><DORA hai="20" /><V14/><N who="2" m="5713" /><V30/><DORA hai="88" /><F9/><AGARI ba="1,1" hai="8,9,10,42,45,50,81,82,83,87,90,94,99,100" machi="9" ten="40,12000,2" yaku="1,1,8,1,52,1,53,4" doraHai="34,20,88" doraHaiUra="4,47,120" who="3" fromWho="2" sc="237,0,299,0,147,-123,307,133" /><INIT seed="2,0,0,3,5,81" ten="237,299,24,440" oya="2" hai0="9,1,14,50,123,42,113,55,89,39,133,97,44" hai1="13,111,65,35,67,69,115,16,108,33,19,6,24" hai2="7,124,70,120,53,92,2,34,79,10,86,126,116" hai3="58,28,95,102,54,56,20,112,87,61,43,15,27"/><V8/><F120/><W101/><G112/><T11/><D113/><U38/><E38/><V59/><F70/><W91/><G43/><T135/><D1/><U107/><E107/><V103/><F34/><W121/><G121/><T84/><D97/><U72/><E115/><V17/><F103/><W64/><REACH who="3" step="1"/><G15/><REACH who="3" ten="237,299,24,430" step="2"/><T109/><D123/><U45/><E13/><N who="2" m="7335" /><F116/><W78/><G78/><T129/><D14/><U85/><E69/><V76/><F59/><W77/><G77/><T5/><D129/><U118/><E118/><V37/><F37/><W26/><G26/><T57/><D109/><U62/><E24/><V71/><F71/><W47/><G47/><T68/><D68/><U105/><E45/><V36/><F36/><W52/><G52/><T90/><D39/><U30/><E111/><V21/><F53/><W127/><G127/><N who="2" m="48681" /><F21/><W41/><G41/><T114/><D42/><U106/><E108/><V66/><F66/><W48/><AGARI ba="0,1" hai="20,27,28,48,54,56,58,61,64,87,91,95,101,102" machi="48" ten="20,8000,1" yaku="1,1,0,1,7,1,8,1,52,1,53,0" doraHai="81" doraHaiUra="119" who="3" fromWho="3" sc="237,-20,299,-20,24,-40,430,90" owari="217,-18.3,279,7.9,-16,-51.6,520,62.0" /></mjloggm>