<mjloggm ver="2.3"><GO type="41" lobby="0"/><UN n0="%E2%93%9D%4C%75%63%6B%79%4A" n1="%6E%65%67%69%31%32%31%31" n2="%E3%82%B9%E3%83%8E" n3="%6D%65%6D%6F%69%7A%65" dan="17,16,13,15" rate="2157.47,2064.01,1953.17,2006.17" sx="M,M,F,M"/><TAIKYOKU oya="0"/><INIT seed="0,0,0,4,5,102" ten="250,250,250,250" oya="0" hai0="3,87,85,53,16,52,39,120,90,33,113,27,20" hai1="119,40,107,84,14,50,78,100,59,124,29,58,15" hai2="1,70,44,123,36,4,56,6,60,21,28,94,61" hai3="8,45,101,12,37,51,121,133,126,62,49,132,54"/><T72/><D72/><U34/><E119/><V2/><F123/><W10/><G121/><T25/><D120/><U71/><E71/><V82/><F82/><W13/><G37/><T86/><D113/><U105/><E100/><V103/><F70/><W108/><G108/><T129/><D3/><U63/><E34/><V106/><F36/><W131/><G131/><T128/><D39/><U79/><E29/><V18/><F44/><W66/><G126/><T96/><D33/><U30/><E30/><V47/><F47/><W26/><G101/><T110/><D27/><U73/><E73/><V31/><F94/><W55/><G26/><T92/><REACH who="0" step="1"/><D110/><REACH who="0" ten="240,250,250,250" step="2"/><U81/><E124/><V89/><F1/><W99/><G13/><T48/><D48/><U127/><E127/><V67/><F2/><W122/><G12/><T115/><D115/><U135/><E14/><V97/><F4/><W117/><G122/><T75/><D75/><U0/><E0/><V104/><F6/><W24/><G24/><T130/><AGARI ba="0,1" hai="16,20,25,52,53,85,86,87,90,92,96,128,129,130" machi="130" ten="40,18000,2" yaku="1,1,0,1,19,1,54,2,53,1" doraHai="102" doraHaiUra="19" who="0" fromWho="0" sc="240,190,250,-60,250,-60,250,-60" /><INIT seed="0,1,0,0,3,90" ten="430,190,190,190" oya="0" hai0="67,116,134,97,76,14,120,6,46,114,69,135,47" hai1="124,80,29,49,78,100,102,101,89,23,73,118,8" hai2="33,133,111,74,92,1,60,44,36,30,5,31,20" hai3="3,21,121,45,41,50,99,15,127,104,26,71,11"/><T53/><D76/><U27/><E118/><V65/><F74/><W79/><G71/><T87/><D87/><U110/><E110/><V68/><F111/><W95/><G127/><T131/><D6/><U108/><E108/><V0/><F20/><W37/><G121/><T58/><D14/><U122/><E122/><V129/><F129/><W130/><G130/><T57/><D97/><U91/><E124/><V62/><F133/><N who="0" m="50698" /><D120/><U18/><E49/><V106/><F5/><W42/><G104/><T25/><D25/><U19/><E8/><V28/><F106/><W123/><G123/><T51/><D114/><U125/><E125/><V66/><F33/><W72/><G3/><T126/><D126/><U22/><REACH who="1" step="1"/><E29/><REACH who="1" ten="430,180,190,190" step="2"/><V77/><F28/><W105/><G50/><N who="0" m="28895" /><D116/><U38/><E38/><V2/><F36/><W115/><G37/><T56/><D131/><U82/><E82/><V81/><F81/><W117/><G11/><T107/><D107/><U75/><E75/><V61/><F30/><W16/><G105/><T43/><D69/><U83/><E83/><V84/><F68/><W55/><G117/><T93/><D93/><U63/><E63/><AGARI ba="1,1" hai="43,46,51,56,57,58,63,67" m="28895,50698" machi="63" ten="30,5800,0" yaku="20,1,34,2" doraHai="90" who="0" fromWho="1" sc="430,71,180,-61,190,0,190,0" /><INIT seed="0,2,0,3,0,70" ten="501,119,190,190" oya="0" hai0="83,26,76,75,24,111,105,5,109,107,50,117,119" hai1="85,10,19,67,90,110,7,15,56,44,18,88,27" hai2="37,0,49,30,54,32,87,128,41,71,8,39,60" hai3="28,9,89,103,98,100,77,68,121,127,99,29,126"/><T12/><D12/><U97/><E110/><N who="0" m="41993" /><D5/><U131/><E131/><V124/><F128/><W112/><G68/><T95/><D50/><U31/><E44/><V55/><F41/><W40/><G40/><T58/><D58/><U133/><E133/><V20/><F124/><W113/><G9/><T13/><D13/><U48/><E97/><V134/><F134/><W66/><G66/><T79/><D26/><U36/><E36/><V116/><F116/><N who="0" m="44618" /><D24/><U53/><E67/><V34/><F49/><W47/><G47/><T45/><D45/><U6/><E90/><V82/><F37/><W1/><G1/><T38/><D38/><U84/><E84/><V73/><F39/><W135/><G28/><T33/><D33/><U123/><E123/><V93/><F32/><W108/><G121/><T101/><D79/><U65/><E65/><V115/><F54/><W122/><G77/><T120/><D120/><U16/><E6/><V63/><F55/><W35/><G35/><T2/><D2/><U23/><E31/><V118/><F30/><W14/><G14/><T62/><D62/><U125/><REACH who="1" step="1"/><E125/><REACH who="1" ten="501,109,190,190" step="2"/><V61/><F118/><W104/><G29/><T64/><D64/><U69/><E69/><V130/><F34/><W11/><G108/><T74/><D75/><U114/><E114/><V72/><F115/><W86/><G122/><T132/><D132/><U43/><E43/><V3/><F72/><W22/><G135/><T129/><D129/><U51/><E51/><V91/><F60/><W57/><G113/><T52/><D52/><U106/><E106/><V92/><F71/><RYUUKYOKU ba="2,1" sc="501,15,109,15,190,-15,190,-15" hai0="74,76,83,95,101,105,107" hai1="7,10,15,16,18,19,23,27,48,53,56,85,88" /><INIT seed="0,3,1,1,0,36" ten="516,124,175,175" oya="0" hai0="68,19,118,101,83,73,44,9,132,86,77,32,38" hai1="49,88,126,128,90,40,115,123,127,59,20,111,12" hai2="55,62,5,116,85,22,23,105,11,60,16,99,71" hai3="17,8,69,84,18,48,80,0,87,67,31,113,57"/><T14/><D118/><U81/><E123/><V129/><F116/><W26/><G113/><T110/><D32/><U112/><E111/><V3/><F129/><W25/><G69/><T39/><D68/><U104/><E104/><V75/><F75/><W42/><G0/><T76/><D110/><U28/><E128/><V41/><F41/><W21/><G8/><T120/><D120/><U108/><E108/><V54/><F85/><W24/><G31/><T72/><D101/><U117/><E117/><V66/><F22/><N who="3" m="13391" /><G26/><T58/><D132/><U122/><E122/><V125/><F60/><N who="3" m="38287" /><G80/><T91/><D73/><U121/><E121/><V13/><REACH who="2" step="1"/><F125/><REACH who="2" ten="516,124,165,175" step="2"/><W63/><G63/><T78/><D72/><U61/><E127/><V103/><AGARI ba="3,2" hai="3,5,11,13,16,23,54,55,62,66,71,99,103,105" machi="103" ten="30,8000,1" yaku="1,1,2,1,0,1,54,1,53,1" doraHai="36" doraHaiUra="94" who="2" fromWho="2" sc="516,-43,124,-23,165,109,175,-23" /><INIT seed="1,0,0,2,2,93" ten="473,101,274,152" oya="1" hai0="98,60,29,77,0,87,84,128,97,27,95,78,63" hai1="89,20,107,94,111,125,65,23,134,69,50,48,99" hai2="11,135,92,1,64,4,96,122,67,129,46,15,106" hai3="124,88,17,86,68,56,82,53,7,3,79,28,9"/><U72/><E125/><V75/><F122/><W61/><G124/><T49/><D0/><U21/><E134/><V33/><F135/><W70/><G28/><T131/><D49/><U102/><E72/><V123/><F123/><W80/><REACH who="3" step="1"/><G17/><REACH who="3" ten="473,101,274,142" step="2"/><T24/><D95/><U85/><REACH who="1" step="1"/><E111/><REACH who="1" ten="473,91,274,142" step="2"/><V76/><F75/><AGARI ba="0,2" hai="3,7,9,53,56,61,68,70,75,79,80,82,86,88" machi="75" ten="30,7700,0" yaku="1,1,2,1,7,1,54,1,53,0" doraHai="93" doraHaiUra="14" who="3" fromWho="2" sc="473,0,91,0,274,-77,142,97" /><INIT seed="2,0,0,2,3,113" ten="473,91,197,239" oya="2" hai0="25,27,52,63,24,114,84,115,56,51,86,37,134" hai1="60,126,130,2,43,101,103,131,108,30,118,95,33" hai2="67,3,125,104,66,89,102,8,79,0,6,19,78" hai3="73,127,97,53,83,9,88,135,1,71,13,111,5"/><V26/><F0/><W49/><G71/><T91/><D37/><U112/><E43/><V58/><F125/><W7/><G111/><T107/><D107/><U110/><E2/><V85/><F104/><W4/><G127/><T54/><D134/><U77/><E126/><V22/><F102/><N who="1" m="38921" /><E60/><V48/><F66/><W92/><G135/><T122/><D122/><U82/><E30/><V100/><F100/><W59/><REACH who="3" step="1"/><G1/><REACH who="3" ten="473,91,197,229" step="2"/><T41/><D115/><U68/><E68/><V76/><F67/><W31/><G31/><T72/><D114/><U106/><E112/><V123/><F123/><W34/><G34/><T128/><D128/><N who="1" m="49195" /><E33/><V55/><REACH who="2" step="1"/><F76/><AGARI ba="0,1" hai="4,5,7,9,13,49,53,59,73,76,83,88,92,97" machi="76" ten="40,5200,0" yaku="1,1,54,1,53,1" doraHai="113" doraHaiUra="45" who="3" fromWho="2" sc="473,0,91,0,197,-52,229,62" /><INIT seed="3,0,0,5,4,19" ten="473,91,145,291" oya="3" hai0="11,98,62,55,116,119,72,3,10,90,91,45,100" hai1="69,7,67,25,68,111,117,128,112,80,76,40,43" hai2="130,46,125,51,85,79,34,63,87,86,77,106,23" hai3="118,75,47,129,120,20,1,123,12,78,124,97,94"/><W14/><G118/><T49/><D72/><U105/><E105/><V104/><F34/><W96/><G1/><T41/><D119/><U83/><E7/><V99/><F130/><W95/><G129/><T132/><D116/><U27/><E128/><V52/><F125/><W24/><G124/><T13/><D132/><U33/><E117/><V102/><F104/><W127/><G127/><T54/><D11/><U22/><E111/><V48/><F63/><W17/><G47/><T135/><D3/><U82/><E112/><V134/><F134/><W29/><G78/><T16/><D135/><U39/><E76/><V5/><F5/><W88/><G75/><T131/><D131/><U50/><E50/><V53/><REACH who="2" step="1"/><F23/><REACH who="2" ten="473,91,135,291" step="2"/><W73/><G73/><T93/><D62/><U81/><E33/><V133/><F133/><W2/><G2/><T113/><D113/><U58/><E69/><V115/><F115/><W74/><G74/><T101/><D101/><U109/><E68/><V103/><F103/><W122/><REACH who="3" step="1"/><G29/><REACH who="3" ten="473,91,135,281" step="2"/><T71/><D71/><U66/><E109/><V0/><F0/><W126/><G126/><T108/><D108/><U70/><E70/><V38/><F38/><W8/><G8/><T35/><D35/><U64/><E39/><V110/><F110/><W32/><G32/><T42/><D10/><U36/><E36/><V37/><F37/><W4/><G4/><T18/><D100/><AGARI ba="0,2" hai="12,14,17,20,24,88,94,95,96,97,100,120,122,123" machi="100" ten="40,12000,1" yaku="1,1,52,1,54,1,53,2" doraHai="19" doraHaiUra="9" who="3" fromWho="0" sc="473,-120,91,0,135,0,281,140" /><INIT seed="3,1,0,0,2,0" ten="353,91,135,421" oya="3" hai0="103,2,118,43,80,51,22,78,133,126,94,123,107" hai1="45,53,83,86,100,135,37,127,90,110,130,104,7" hai2="102,116,108,23,34,55,28,52,70,25,97,13,121" hai3="122,82,89,47,35,46,38,111,113,92,119,31,39"/><W57/><G119/><T84/><D118/><U65/><E110/><V79/><F116/><W101/><G122/><T129/><D2/><U56/><E127/><V4/><F121/><W19/><G113/><T6/><D123/><U29/><E135/><V112/><F112/><W114/><G114/><T21/><D107/><U44/><E29/><V72/><F108/><W77/><G101/><T81/><D81/><U91/><E65/><V67/><F72/><W50/><G111/><T60/><D60/><U88/><E130/><V16/><F79/><W76/><G76/><T64/><D64/><U30/><E30/><V131/><F131/><W5/><G19/><T62/><D62/><U27/><E27/><V120/><F120/><W87/><G57/><T15/><D126/><U41/><E45/><V105/><REACH who="2" step="1"/><F4/><REACH who="2" ten="353,91,125,421" step="2"/><W9/><G77/><T109/><D6/><U128/><E128/><V66/><F66/><W11/><G5/><T74/><D74/><U42/><E42/><V95/><F95/><W54/><G92/><T93/><D94/><U61/><REACH who="1" step="1"/><E7/><REACH who="1" ten="353,81,125,421" step="2"/><V32/><F32/><W10/><G35/><T33/><D33/><U48/><E48/><V132/><F132/><W40/><G50/><T24/><D51/><U98/><AGARI ba="1,2" hai="37,41,44,53,56,61,83,86,88,90,91,98,100,104" machi="98" ten="30,7900,0" yaku="1,1,0,1,54,1,53,1" doraHai="0" doraHaiUra="49" who="1" fromWho="1" sc="353,-21,81,102,125,-21,421,-40" /><INIT seed="4,0,0,4,4,129" ten="332,183,104,381" oya="0" hai0="24,98,27,69,128,5,116,102,106,81,78,95,18" hai1="75,108,113,135,9,11,15,131,134,119,40,65,28" hai2="96,22,8,39,13,79,83,19,90,100,80,84,125" hai3="101,107,60,92,33,121,91,45,70,64,48,57,17"/><T88/><D116/><U87/><E75/><V62/><F125/><W31/><G121/><T74/><D69/><U41/><E119/><V61/><F39/><W73/><G73/><T14/><D5/><U89/><E108/><V109/><F109/><W86/><G17/><T133/><D128/><U85/><E131/><V130/><F130/><W51/><G57/><T2/><D2/><U99/><E28/><V56/><F22/><W53/><G53/><T122/><D133/><N who="1" m="50699" /><E113/><V124/><F124/><W117/><G45/><T97/><REACH who="0" step="1"/><D122/><REACH who="0" ten="322,183,104,381" step="2"/><U55/><E9/><AGARI ba="0,1" hai="9,14,18,24,27,74,78,81,88,95,97,98,102,106" machi="9" ten="30,11600,0" yaku="1,1,2,1,7,1,54,1,53,0" doraHai="129" doraHaiUra="37" who="0" fromWho="1" sc="322,126,183,-116,104,0,381,0" /><INIT seed="4,1,0,0,3,20" ten="448,67,104,381" oya="0" hai0="1,31,17,95,84,33,97,23,119,94,22,114,88" hai1="9,103,118,39,89,121,51,129,38,125,43,66,109" hai2="65,93,122,61,85,64,80,6,29,72,45,24,60" hai3="8,131,19,112,0,77,113,11,18,68,25,124,58"/><T4/><D119/><U40/><E103/><V135/><F122/><W79/><G58/><T53/><D114/><U75/><E75/><V82/><F135/><W26/><G0/><T123/><D123/><U42/><E121/><V16/><F6/><W34/><G34/><T116/><D116/><U134/><E118/><V5/><F5/><W37/><G37/><N who="1" m="13834" /><E9/><V73/><F45/><W41/><G41/><N who="1" m="15978" /><E89/><V87/><F93/><W2/><G2/><T50/><D33/><U81/><E81/><V14/><F14/><W30/><G30/><T91/><D31/><U128/><E109/><V99/><F29/><W111/><G111/><T47/><REACH who="0" step="1"/><D17/><REACH who="0" ten="438,67,104,381" step="2"/><U63/><E125/><V101/><F16/><W120/><G120/><T130/><D130/><N who="1" m="50283" /><E134/><V100/><F99/><W59/><G131/><T110/><D110/><U21/><E21/><V3/><F3/><W90/><G124/><T78/><D78/><U57/><N who="1" m="15986" /><U10/><DORA hai="133" /><E10/><AGARI ba="1,1" hai="1,4,10,22,23,47,50,53,84,88,91,94,95,97" machi="10" ten="40,3900,0" yaku="1,1,54,1,53,0" doraHai="20,133" doraHaiUra="69,54" who="0" fromWho="1" sc="438,52,67,-42,104,0,381,0" /><INIT seed="4,2,0,0,4,15" ten="490,25,104,381" oya="0" hai0="33,35,6,118,122,9,73,132,102,48,45,46,85" hai1="63,129,53,22,54,18,60,32,52,65,107,20,81" hai2="70,2,95,104,72,4,44,66,135,14,116,36,34" hai3="1,49,87,134,11,13,10,51,64,7,120,47,91"/><T114/><D73/><U74/><E32/><V99/><F34/><W59/><G134/><T90/><D122/><U43/><E129/><V126/><F135/><W17/><G120/><T86/><D102/><U112/><E107/><V23/><F72/><W92/><REACH who="3" step="1"/><G47/><REACH who="3" ten="490,25,104,371" step="2"/><T82/><D46/><U130/><E130/><V127/><F44/><W125/><G125/><T89/><D132/><U71/><E112/><V50/><F126/><W108/><G108/><T56/><D114/><U77/><E43/><V26/><F116/><W113/><G113/><T55/><D118/><U19/><E63/><AGARI ba="2,1" hai="1,7,10,11,13,17,49,51,59,63,64,87,91,92" machi="63" ten="40,5200,0" yaku="1,1,52,1,53,1" doraHai="15" doraHaiUra="8" who="3" fromWho="1" sc="490,0,25,-58,104,0,371,68" owari="490,59.0,-33,-53.3,104,-29.6,439,23.9" /></mjloggm>