<mjloggm ver="2.3"><GO type="41" lobby="0"/><UN n0="%E4%B9%85%E4%BF%9D%E3%82%B7%E3%82%AA%E3%83%AA" n1="%E2%93%9D%4C%75%63%6B%79%4A" n2="%E3%81%9F%E3%81%90%E3%81%BE%E3%81%B2" n3="%E4%B8%8A%E6%B5%B7%E3%83%A4%E3%82%AD%E3%82%BD%E3%83%90" dan="15,15,14,14" rate="1986.69,2147.78,1916.00,1921.08" sx="M,M,M,M"/><TAIKYOKU oya="0"/><INIT seed="0,0,0,5,3,134" ten="250,250,250,250" oya="0" hai0="17,108,131,93,79,76,52,26,20,12,124,130,68" hai1="102,3,107,71,11,84,129,15,47,31,100,132,72" hai2="117,14,41,59,24,135,48,122,85,57,127,2,65" hai3="50,95,16,21,29,37,66,10,55,7,112,42,64"/><T18/><D68/><U43/><E72/><V123/><F117/><W22/><G112/><T8/><D93/><U4/><E129/><N who="0" m="49161" /><D108/><U80/><E132/><V44/><F135/><W133/><G42/><T9/><D9/><U119/><E71/><V81/><F2/><W53/><G37/><T98/><D98/><U103/><E31/><V87/><F24/><W101/><G29/><T128/><N who="0" m="49169" /><T92/><DORA hai="105" /><D92/><U61/><E61/><V99/><F99/><N who="3" m="59647" /><G55/><T0/><D0/><U106/><E119/><V125/><F14/><N who="3" m="5471" /><G22/><T30/><D18/><U49/><REACH who="1" step="1"/><E3/><REACH who="1" ten="250,240,250,250" step="2"/><V25/><F122/><W33/><G133/><T116/><D116/><U67/><E67/><V6/><F65/><W28/><G28/><T69/><D69/><U113/><E113/><V13/><F123/><W89/><G33/><T110/><D110/><U1/><E1/><V120/><F120/><W54/><G66/><T34/><D34/><U88/><AGARI ba="0,1" hai="4,11,15,43,47,49,80,84,88,100,102,103,106,107" machi="88" ten="30,4000,0" yaku="1,1,0,1,54,1,53,0" doraHai="134,105" doraHaiUra="115,90" who="1" fromWho="1" sc="250,-20,240,50,250,-10,250,-10" /><INIT seed="1,0,0,5,3,10" ten="230,290,240,240" oya="1" hai0="39,63,127,59,123,84,40,37,98,46,88,129,35" hai1="101,47,125,21,43,91,44,56,87,61,20,18,70" hai2="122,121,86,90,36,96,76,13,111,103,130,6,104" hai3="102,7,66,73,114,42,100,49,112,81,118,133,1"/><U57/><E125/><V83/><F36/><W4/><G133/><T12/><D35/><U25/><E70/><V27/><F111/><W115/><G118/><T24/><D129/><U132/><E132/><V74/><F130/><W78/><G66/><T14/><D37/><U119/><E119/><V58/><F27/><W53/><G42/><T69/><D69/><U85/><E101/><V15/><F58/><W80/><G80/><T82/><D127/><U30/><E57/><V23/><F23/><W54/><G1/><T126/><D126/><U106/><E106/><V19/><F19/><W9/><G54/><T93/><D24/><U31/><E87/><V95/><F6/><W29/><G29/><T41/><D41/><U55/><E43/><V134/><F134/><W34/><G34/><T68/><D68/><U94/><REACH who="1" step="1"/><E31/><REACH who="1" ten="230,280,240,240" step="2"/><V77/><REACH who="2" step="1"/><F77/><REACH who="2" ten="230,280,230,240" step="2"/><W105/><G78/><T109/><D109/><U65/><E65/><V16/><F16/><W71/><G71/><T17/><D17/><U72/><E72/><V11/><F11/><W26/><G114/><T22/><D123/><AGARI ba="0,2" hai="13,15,74,76,83,86,90,95,96,103,104,121,122,123" machi="123" ten="40,12000,2" yaku="1,1,24,2,52,2,53,1" doraHai="10" doraHaiUra="99" who="2" fromWho="0" sc="230,-120,280,0,230,140,240,0" /><INIT seed="2,0,0,0,2,114" ten="110,280,370,240" oya="2" hai0="58,80,107,104,75,23,81,26,65,132,13,15,68" hai1="30,0,73,16,9,100,2,21,28,31,92,84,27" hai2="32,101,24,115,91,83,77,33,113,111,46,25,35" hai3="63,133,17,11,43,53,110,82,122,38,94,67,118"/><V5/><F5/><W93/><G122/><T64/><D132/><U20/><E73/><V19/><F101/><W119/><G43/><T86/><D68/><U69/><E69/><V116/><F116/><W99/><G38/><T109/><D109/><U130/><E84/><V121/><F121/><W66/><G82/><T74/><D86/><U1/><E92/><V50/><F111/><W112/><G110/><T62/><D58/><U61/><E61/><V103/><F91/><W60/><G53/><T87/><D87/><U51/><E51/><V6/><F6/><W18/><G11/><T76/><D23/><N who="1" m="8779" /><E100/><V4/><F103/><W128/><G99/><T41/><D62/><U134/><E130/><V125/><F4/><W49/><G49/><T90/><D26/><U120/><E134/><V97/><F97/><W55/><G55/><T14/><D41/><U42/><E42/><V59/><F59/><W72/><G72/><T98/><D98/><U71/><E71/><V124/><F50/><W3/><G3/><T7/><D7/><N who="1" m="1271" /><E120/><V47/><F83/><W36/><G133/><T85/><REACH who="0" step="1"/><D74/><REACH who="0" ten="100,280,370,240" step="2"/><U29/><E16/><V70/><F19/><W105/><G128/><T79/><D79/><U123/><E123/><V45/><F77/><W48/><G36/><T12/><N who="0" m="3072" /><DORA hai="78" /><T95/><D95/><U102/><E102/><V22/><F70/><W127/><G48/><T39/><D39/><U96/><E96/><V37/><F37/><W89/><G93/><T34/><D34/><AGARI ba="0,1" hai="0,1,27,28,29,30,31,34" m="1271,8779" machi="34" ten="30,8000,1" yaku="35,5" doraHai="114,78" who="1" fromWho="0" sc="100,-80,280,90,370,0,240,0" /><INIT seed="3,0,0,5,4,121" ten="20,370,370,240" oya="3" hai0="130,39,129,59,8,127,98,116,24,7,76,15,0" hai1="75,102,106,94,110,53,44,2,125,135,131,80,40" hai2="74,101,73,27,64,35,19,123,38,92,23,104,85" hai3="51,60,17,90,41,113,34,128,65,87,58,63,66"/><W50/><G34/><T97/><D116/><U30/><E53/><V111/><F38/><W57/><G113/><T107/><D39/><U86/><E30/><V25/><F123/><W78/><G78/><T11/><D127/><U46/><E46/><V54/><F64/><W79/><G79/><T114/><D114/><U100/><E44/><V77/><F104/><W69/><G41/><T22/><D76/><U29/><E29/><V93/><F35/><W36/><G36/><T120/><D120/><U70/><E2/><V6/><F27/><W61/><G17/><T124/><D124/><U99/><E40/><V49/><F6/><W122/><G122/><T96/><D107/><U28/><E28/><V108/><F101/><W9/><G9/><T3/><D59/><U81/><E102/><V14/><F25/><W48/><G90/><T109/><D109/><N who="2" m="42058" /><F73/><W21/><G21/><T118/><D118/><U5/><E100/><V84/><F74/><W18/><G18/><T134/><D134/><U13/><E135/><V103/><F103/><W33/><G87/><N who="2" m="33353" /><F77/><W37/><G37/><T10/><D0/><U31/><E75/><V72/><F72/><W55/><G33/><T26/><D26/><U112/><E106/><V133/><F133/><W32/><G32/><T95/><D95/><U105/><E94/><V132/><F132/><W62/><G128/><N who="0" m="49259" /><D3/><U71/><E131/><V43/><F43/><W115/><G115/><T67/><D67/><N who="3" m="25609" /><G69/><N who="1" m="26122" /><E112/><V119/><F119/><W47/><N who="3" m="15360" /><DORA hai="4" /><W45/><G55/><T83/><D83/><N who="1" m="31819" /><E105/><V126/><F126/><W88/><G88/><RYUUKYOKU ba="0,0" sc="20,10,370,-30,370,10,240,10" hai0="7,8,10,11,15,22,24,96,97,98" hai2="14,19,23,49,54,92,93" hai3="45,47,48,50,51,57,58" /><INIT seed="3,1,0,4,3,13" ten="30,340,380,250" oya="3" hai0="67,124,7,39,66,31,55,60,122,100,106,58,131" hai1="37,127,85,108,25,113,28,2,84,52,121,51,83" hai2="99,103,112,21,15,82,92,119,57,134,50,23,133" hai3="19,47,80,43,56,16,101,53,63,89,110,3,62"/><W41/><G3/><T12/><D122/><U135/><E113/><V125/><F112/><W30/><G30/><T123/><D123/><U42/><E108/><V132/><F119/><W73/><G101/><T0/><D0/><U70/><E70/><V46/><F125/><W61/><G110/><T40/><D124/><U126/><E85/><V105/><F82/><W91/><G73/><T130/><D31/><U74/><E74/><V118/><F118/><W32/><G32/><T64/><D39/><U88/><E2/><V96/><F57/><W29/><G29/><T38/><D38/><U79/><E37/><V14/><F14/><W109/><G109/><T59/><D40/><N who="3" m="15433" /><G47/><T69/><D69/><U94/><E42/><N who="2" m="24919" /><F15/><W48/><G91/><AGARI ba="1,0" hai="21,23,91,92,96,99,103,105,132,133,134" m="24919" machi="91" ten="30,1000,0" yaku="20,1" doraHai="13" who="2" fromWho="3" sc="30,0,340,0,380,13,250,-13" /><INIT seed="4,0,0,0,0,67" ten="30,340,393,237" oya="0" hai0="107,94,88,113,47,115,60,52,73,71,62,119,36" hai1="6,91,63,132,24,85,116,53,110,46,90,96,121" hai2="104,5,93,92,108,100,77,11,70,13,58,102,55" hai3="130,135,8,66,2,37,33,112,75,9,86,40,98"/><T44/><D119/><U42/><E116/><V101/><F70/><W34/><G86/><T19/><D107/><U78/><E121/><V117/><F104/><W83/><G98/><T128/><D73/><U103/><E6/><V48/><F108/><W50/><G50/><T105/><D105/><U123/><E24/><V59/><F117/><W4/><G130/><T35/><D35/><U3/><E3/><V69/><F69/><W76/><G135/><T14/><D128/><U41/><E123/><V79/><F59/><W39/><G112/><N who="0" m="43083" /><D36/><U20/><E20/><V56/><F56/><W38/><G9/><N who="0" m="6607" /><D71/><U95/><E132/><V29/><F29/><W118/><G66/><T43/><D43/><U7/><E42/><V31/><F31/><W106/><G118/><T134/><D134/><U51/><E41/><V126/><F126/><W89/><G89/><T131/><D131/><U122/><E91/><V97/><F93/><W57/><G57/><N who="0" m="34855" /><D62/><U68/><E63/><V87/><F77/><W80/><G106/><T84/><AGARI ba="0,0" hai="44,47,84,88,94" m="34855,6607,43083" machi="84" ten="30,6000,0" yaku="15,1,54,2" doraHai="67" who="0" fromWho="0" sc="30,60,340,-20,393,-20,237,-20" /><INIT seed="4,1,0,2,3,60" ten="90,320,373,217" oya="0" hai0="120,61,89,72,42,26,33,67,25,131,130,87,93" hai1="3,85,12,124,43,84,55,112,57,135,16,38,22" hai2="74,113,40,126,104,91,110,36,123,18,1,70,129" hai3="115,132,4,15,46,21,75,102,114,30,17,71,76"/><T103/><D120/><U105/><E3/><V73/><F40/><W66/><G102/><T80/><D42/><U78/><E105/><V96/><F74/><W86/><G75/><T10/><D10/><U116/><E116/><V65/><F91/><W5/><G132/><T32/><D25/><U39/><E124/><V117/><F65/><W88/><G76/><N who="0" m="44039" /><D103/><U68/><E112/><N who="3" m="43050" /><G46/><T98/><D98/><U100/><E100/><V94/><F96/><W97/><G30/><T28/><D26/><U56/><E135/><V83/><F18/><W11/><G97/><T37/><D37/><U31/><E31/><V51/><F94/><W2/><G4/><T49/><D49/><U108/><E39/><V62/><F51/><W109/><G109/><T128/><D28/><U45/><E108/><V99/><F99/><W19/><G19/><T106/><D106/><U0/><E16/><V20/><F83/><N who="3" m="49247" /><G71/><AGARI ba="1,0" hai="32,33,61,67,71,87,89,93,128,130,131" m="44039" machi="71" ten="30,2900,0" yaku="19,1,52,1" doraHai="60" who="0" fromWho="3" sc="90,32,320,0,373,0,217,-32" /><INIT seed="4,2,0,2,2,90" ten="122,320,373,185" oya="0" hai0="28,10,60,66,130,131,40,98,109,14,5,32,87" hai1="111,18,44,51,45,97,64,39,118,86,42,116,100" hai2="128,43,96,77,7,57,121,129,55,119,46,36,48" hai3="30,108,76,47,73,94,34,21,38,22,4,12,126"/><T105/><D109/><U24/><E111/><V0/><F119/><W125/><G34/><T92/><D105/><U88/><E64/><V61/><F121/><W19/><G73/><T124/><D124/><N who="3" m="47721" /><G76/><T123/><D123/><U103/><E103/><V82/><F96/><W65/><G65/><T68/><D87/><U120/><E18/><V95/><F95/><W17/><G4/><T69/><D69/><U133/><E24/><V134/><F134/><W8/><G30/><T74/><D40/><U23/><E23/><V9/><REACH who="2" step="1"/><F61/><REACH who="2" ten="122,320,363,185" step="2"/><W79/><G108/><T27/><REACH who="0" step="1"/><D74/><AGARI ba="2,1" hai="0,7,9,36,43,46,48,55,57,74,77,82,128,129" machi="74" ten="40,8000,1" yaku="1,1,2,1,25,2,53,1" doraHai="90" doraHaiUra="72" who="2" fromWho="0" sc="122,-86,320,0,363,96,185,0" /><INIT seed="5,0,0,4,2,2" ten="36,320,459,185" oya="1" hai0="15,107,106,113,84,108,1,34,61,14,18,86,103" hai1="118,79,27,42,92,30,131,78,39,52,114,59,121" hai2="57,85,75,28,53,127,48,51,104,55,119,68,6" hai3="100,133,12,46,101,54,117,29,72,98,124,130,93"/><U47/><E121/><V41/><F119/><W135/><G72/><T88/><D108/><U111/><E118/><V38/><F104/><W50/><G29/><T43/><D1/><U20/><E111/><V4/><F68/><W99/><G124/><T45/><D113/><U70/><E70/><V16/><F75/><W21/><G130/><T134/><D134/><U132/><E132/><V69/><F69/><W73/><G73/><T22/><D34/><U23/><E114/><V56/><F127/><W40/><G117/><T90/><D61/><U123/><E123/><V25/><F16/><N who="3" m="10375" /><G135/><T58/><D58/><U17/><E92/><V37/><F85/><W97/><G133/><T44/><D103/><N who="3" m="39497" /><G40/><T64/><D64/><U128/><E131/><V115/><F115/><W63/><G63/><T24/><D24/><U26/><REACH who="1" step="1"/><E128/><REACH who="1" ten="36,310,459,185" step="2"/><V67/><F67/><W80/><G80/><T129/><D129/><U81/><E81/><V110/><F110/><W0/><G0/><T74/><D74/><U91/><E91/><AGARI ba="0,1" hai="46,50,54,91,93,97,98,99" m="39497,10375" machi="91" ten="30,2000,0" yaku="8,1,54,1" doraHai="2" who="3" fromWho="1" sc="36,0,310,-20,459,0,185,30" /><INIT seed="6,0,0,3,4,45" ten="36,290,459,215" oya="2" hai0="8,89,57,37,44,60,83,40,41,20,25,94,103" hai1="98,64,59,51,118,42,101,97,66,134,12,135,34" hai2="115,61,36,6,31,82,43,113,1,17,24,9,16" hai3="62,109,81,93,56,46,73,21,114,58,131,3,70"/><V71/><F82/><W47/><G109/><T23/><D37/><U96/><E34/><V85/><F85/><W29/><G3/><T121/><D121/><U22/><E118/><V38/><F71/><W119/><G119/><T95/><D8/><U132/><E101/><V129/><F61/><W13/><G70/><T123/><D123/><U100/><E100/><V111/><F111/><W127/><G73/><T30/><D20/><U112/><E112/><N who="2" m="43083" /><F129/><W102/><G131/><T18/><D83/><U68/><E68/><V87/><F87/><W80/><G58/><T11/><D11/><U0/><E0/><V91/><F91/><W84/><G13/><T99/><D44/><N who="1" m="26007" /><E59/><V33/><F38/><W104/><G104/><T55/><REACH who="0" step="1"/><D30/><REACH who="0" ten="26,290,459,215" step="2"/><U49/><E135/><V108/><F108/><W106/><G81/><T130/><D130/><U110/><E134/><V133/><F133/><W79/><G114/><T32/><D32/><U125/><E132/><V124/><F36/><W76/><G79/><T39/><D39/><U7/><E110/><V72/><F33/><W92/><G47/><T128/><D128/><U27/><E22/><V116/><F31/><W4/><G46/><T14/><D14/><U50/><E27/><V69/><F24/><W120/><G120/><T77/><D77/><U105/><E105/><V90/><F9/><W117/><G21/><T28/><D28/><U19/><E12/><V10/><F10/><W54/><G29/><T48/><D48/><N who="1" m="18539" /><E19/><V2/><F16/><W15/><G15/><T35/><D35/><U5/><E125/><V53/><F124/><RYUUKYOKU ba="0,1" sc="26,15,290,15,459,-15,215,-15" hai0="18,23,25,40,41,55,57,60,89,94,95,99,103" hai1="5,7,64,66,96,97,98" /><INIT seed="7,1,1,4,0,11" ten="41,305,444,200" oya="3" hai0="128,131,118,104,111,46,103,101,102,55,22,87,41" hai1="85,73,40,50,77,18,110,31,12,125,106,60,21" hai2="67,19,26,98,135,134,51,10,86,127,95,28,62" hai3="133,113,74,75,54,6,116,4,63,39,48,83,13"/><W71/><G116/><T53/><D118/><U122/><E110/><V94/><F127/><W92/><G39/><T78/><D111/><U47/><E106/><V80/><F51/><W44/><G133/><N who="2" m="50697" /><F19/><W16/><G113/><T130/><D104/><U1/><E1/><V24/><F10/><W61/><G75/><T79/><D87/><U109/><E122/><V70/><F98/><W115/><G115/><T14/><D22/><U5/><E5/><N who="3" m="2154" /><G74/><T29/><D29/><U72/><E125/><V96/><F96/><W20/><G71/><T100/><N who="0" m="25600" /><DORA hai="81" /><T114/><D114/><U57/><E31/><V76/><F26/><W45/><G45/><T105/><D14/><U69/><E69/><V30/><F30/><W3/><G3/><T49/><REACH who="0" step="1"/><D105/><REACH who="0" ten="31,305,444,200" step="2"/><U97/><E109/><V129/><F28/><W66/><G66/><T59/><D59/><U82/><REACH who="1" step="1"/><E97/><REACH who="1" ten="31,295,444,200" step="2"/><V33/><F70/><W38/><G38/><T89/><D89/><U25/><E25/><V9/><F24/><W132/><G132/><T91/><D91/><U58/><E58/><V42/><F33/><W68/><G68/><T119/><D119/><U7/><E7/><V23/><F76/><W2/><G2/><T117/><D117/><U37/><E37/><V108/><F108/><W65/><G65/><AGARI ba="1,3" hai="12,18,21,40,47,50,57,60,65,72,73,77,82,85" machi="65" ten="30,12000,2" yaku="1,1,7,1,52,2,53,2" doraHai="11,81" doraHaiUra="8,15" who="1" fromWho="3" sc="31,0,295,153,444,0,200,-123" owari="31,-46.9,448,54.8,444,24.4,77,-32.3" /></mjloggm>