<mjloggm ver="2.3"><GO type="41" lobby="0"/><UN n0="%E2%93%9D%4C%75%63%6B%79%4A" n1="%E3%81%AB%E3%82%83%E3%82%93%E5%A4%AA%E9%83%8E" n2="%E6%9D%A3%E3%81%AE%E5%A4%A9%E7%8B%97" n3="%E3%81%94%E3%81%8D%E3%81%92%E3%82%93%E3%82%88%E3%81%86%EF%BC%81" dan="17,13,14,14" rate="2167.62,1843.60,1953.98,2001.32" sx="M,M,M,M"/><TAIKYOKU oya="0"/><INIT seed="0,0,0,4,2,21" ten="250,250,250,250" oya="0" hai0="37,43,92,36,16,32,23,82,97,60,81,134,15" hai1="91,104,88,27,58,17,116,70,9,127,99,34,18" hai2="75,25,96,59,100,87,86,1,108,30,12,2,35" hai3="98,47,118,42,66,85,31,0,95,22,64,107,51"/><T6/><D32/><U80/><E116/><V101/><F75/><W55/><G118/><T40/><D134/><U63/><E127/><V44/><F108/><W89/><G0/><T41/><D6/><U62/><E70/><V45/><F12/><W103/><REACH who="3" step="1"/><G42/><REACH who="3" ten="250,250,250,240" step="2"/><T61/><D37/><U123/><E123/><V13/><F2/><W7/><G7/><T132/><D132/><U117/><E117/><V83/><F1/><W120/><G120/><T77/><D36/><U135/><E135/><V38/><F38/><W4/><G4/><T50/><D50/><U133/><E133/><V49/><F49/><W53/><G53/><T72/><REACH who="0" step="1"/><D82/><REACH who="0" ten="240,250,250,240" step="2"/><U111/><E80/><V73/><F83/><W79/><G79/><T54/><D54/><U33/><E111/><V93/><F35/><W114/><G114/><T68/><D68/><U76/><E34/><V57/><F59/><W110/><G110/><T71/><D71/><U5/><E58/><V121/><F57/><W109/><G109/><T69/><D69/><U52/><E33/><V119/><F119/><W94/><G94/><T126/><D126/><U19/><E52/><V26/><F93/><W122/><G122/><T24/><D24/><AGARI ba="0,2" hai="22,24,31,47,51,55,64,66,85,89,95,98,103,107" machi="24" ten="40,2600,0" yaku="1,1,52,1,53,0" doraHai="21" doraHaiUra="39" who="3" fromWho="0" sc="240,-26,250,0,250,0,240,46" /><INIT seed="1,0,0,4,2,8" ten="214,250,250,286" oya="1" hai0="77,111,52,132,101,87,43,19,121,63,26,112,90" hai1="106,9,16,38,123,89,110,62,83,11,100,119,17" hai2="7,69,15,30,25,117,46,116,21,129,128,93,124" hai3="12,55,31,71,13,27,33,3,107,61,109,20,75"/><U86/><E123/><V104/><F104/><W18/><G75/><T131/><D112/><U85/><E119/><N who="2" m="45643" /><F69/><W102/><G3/><T97/><D43/><U134/><E38/><V4/><F93/><W88/><G109/><T28/><D132/><U103/><E134/><V1/><F46/><W126/><G126/><T105/><D131/><N who="2" m="50250" /><F1/><W95/><G102/><N who="1" m="38954" /><E106/><V80/><F80/><W50/><G107/><T35/><D111/><U34/><E34/><N who="2" m="20815" /><F124/><W122/><G122/><T47/><D121/><U99/><E110/><V24/><F15/><W76/><G76/><T5/><D77/><N who="1" m="46319" /><E99/><V120/><F120/><W42/><G42/><T70/><D97/><U125/><E125/><V115/><F115/><W48/><G71/><T127/><D70/><U60/><E11/><V49/><F49/><W92/><G61/><N who="1" m="23658" /><E9/><V45/><F45/><W130/><G130/><T57/><D47/><U73/><E73/><V114/><F114/><W65/><G65/><T67/><D67/><U74/><E74/><V66/><F66/><W118/><G118/><T37/><D127/><U59/><E59/><V113/><F113/><W56/><G50/><T51/><D51/><U39/><E39/><V81/><F81/><AGARI ba="0,0" hai="16,17,81,86,89" m="23658,46319,38954" machi="81" ten="30,2900,0" yaku="8,1,54,1" doraHai="8" who="1" fromWho="2" sc="214,0,250,29,250,-29,286,0" /><INIT seed="1,1,0,1,2,13" ten="214,279,221,286" oya="1" hai0="25,12,55,77,39,40,111,116,106,122,66,89,58" hai1="10,11,44,108,84,112,32,105,101,62,23,93,76" hai2="49,135,31,22,102,119,110,100,127,5,17,28,73" hai3="47,4,88,50,86,97,133,90,2,42,45,123,85"/><U30/><E112/><V0/><F119/><W81/><G123/><T26/><D106/><U132/><E32/><V117/><F117/><W43/><G133/><T118/><D77/><U61/><E105/><V38/><F38/><W69/><G69/><T8/><D66/><U33/><E33/><V24/><F73/><W92/><G2/><T53/><D111/><U64/><E132/><V27/><F135/><W78/><G4/><T82/><D40/><U54/><E108/><V60/><F110/><W125/><G125/><T95/><D39/><U7/><E101/><V113/><F127/><W63/><G63/><T57/><D82/><U9/><E7/><V29/><F113/><W130/><G130/><T51/><D122/><U98/><E76/><V35/><F60/><W104/><G104/><T99/><D118/><U34/><E84/><V41/><F102/><W67/><G67/><T114/><D114/><U3/><E3/><V36/><F36/><W72/><REACH who="3" step="1"/><G90/><REACH who="3" ten="214,279,221,276" step="2"/><T37/><D116/><U80/><E64/><V74/><F5/><W79/><G79/><T48/><REACH who="0" step="1"/><D37/><AGARI ba="1,1" hai="37,42,43,45,47,50,72,78,81,85,86,88,92,97" machi="37" ten="30,3900,0" yaku="1,1,7,1,54,1,53,0" doraHai="13" doraHaiUra="134" who="3" fromWho="0" sc="214,-42,279,0,221,0,276,52" /><INIT seed="2,0,0,2,0,38" ten="172,279,221,328" oya="2" hai0="109,78,120,135,1,35,108,24,72,66,44,81,40" hai1="2,79,75,74,115,94,112,83,59,17,34,41,39" hai2="92,89,76,102,134,95,7,93,58,55,129,124,60" hai3="61,54,73,77,103,32,10,90,22,15,23,12,56"/><V8/><F129/><W57/><G32/><T9/><D120/><U117/><E117/><V132/><F124/><W121/><G121/><T80/><D81/><U37/><E34/><V119/><F76/><W82/><G103/><T11/><D66/><U130/><E39/><V126/><F102/><W123/><G123/><T127/><D127/><U133/><E130/><V52/><F126/><W65/><G90/><T62/><D62/><U30/><E30/><V53/><F119/><W13/><REACH who="3" step="1"/><G10/><REACH who="3" ten="172,279,221,318" step="2"/><T86/><D11/><U25/><E112/><V45/><F89/><W68/><G68/><T87/><D9/><U69/><E115/><V16/><F134/><W114/><G114/><T36/><D135/><U43/><E69/><V118/><F118/><W19/><G19/><T105/><D105/><U67/><E17/><V14/><F132/><W85/><G85/><T63/><D87/><U84/><E84/><V20/><REACH who="2" step="1"/><F45/><REACH who="2" ten="172,279,211,318" step="2"/><W46/><G46/><T113/><D44/><U100/><E100/><V0/><AGARI ba="0,2" hai="0,7,8,14,16,20,52,53,55,58,60,92,93,95" machi="0" ten="30,12000,1" yaku="1,1,2,1,0,1,54,2,53,0" doraHai="38" doraHaiUra="28" who="2" fromWho="2" sc="172,-40,279,-40,211,140,318,-40" /><INIT seed="2,1,0,4,4,27" ten="132,239,351,278" oya="2" hai0="129,91,34,109,33,49,52,58,30,80,106,94,104" hai1="31,96,75,128,81,70,11,21,5,74,108,72,113" hai2="66,100,48,69,14,122,51,28,84,50,23,38,68" hai3="39,37,110,89,24,45,87,44,9,8,73,126,119"/><V114/><F114/><W42/><G119/><T76/><D129/><U95/><E113/><V82/><F122/><W101/><G73/><T98/><D109/><U123/><E70/><V65/><F38/><W10/><G110/><T92/><D94/><U32/><E108/><V3/><F3/><W88/><G126/><T17/><D17/><U86/><E128/><V1/><F1/><W7/><G101/><T90/><D91/><U47/><E123/><V115/><F100/><W118/><G118/><T57/><D58/><U22/><E32/><V62/><F115/><W105/><G105/><T25/><REACH who="0" step="1"/><D34/><REACH who="0" ten="122,239,351,278" step="2"/><U36/><E95/><V78/><F68/><W56/><G56/><T111/><D111/><U67/><E47/><V46/><F66/><W116/><G116/><T77/><D77/><U15/><E67/><V54/><REACH who="2" step="1"/><F14/><REACH who="2" ten="122,239,341,278" step="2"/><W29/><G7/><T127/><D127/><U93/><E5/><V4/><F4/><W6/><G6/><T120/><D120/><U64/><E15/><V97/><F97/><W60/><G60/><T59/><D59/><U43/><E64/><V124/><F124/><W13/><G13/><T16/><D16/><U61/><E96/><V55/><F55/><W125/><G125/><T107/><D107/><U133/><E75/><AGARI ba="1,2" hai="25,30,33,49,52,57,75,76,80,90,92,98,104,106" machi="75" ten="30,7700,0" yaku="1,1,7,1,52,1,54,1,53,0" doraHai="27" doraHaiUra="117" who="0" fromWho="1" sc="122,100,239,-80,341,0,278,0" /><INIT seed="3,0,0,4,2,120" ten="222,159,341,278" oya="3" hai0="75,73,95,68,4,121,81,129,99,74,39,124,107" hai1="110,36,40,57,119,19,15,85,11,21,10,115,16" hai2="133,90,96,94,122,88,38,128,111,79,12,89,26" hai3="5,118,82,101,103,127,134,116,42,22,14,3,76"/><W61/><G3/><T49/><D39/><U60/><E115/><V17/><F38/><W123/><G123/><T50/><D68/><U112/><E112/><V100/><F122/><W72/><G42/><T52/><D121/><U29/><E119/><V69/><F69/><W113/><G113/><T135/><D107/><U108/><E36/><V30/><F128/><W0/><G0/><T93/><D129/><U104/><E104/><V47/><F133/><W41/><G41/><T106/><D4/><U56/><E40/><V67/><F47/><W33/><G33/><T59/><D124/><U58/><E85/><V98/><F79/><W44/><G44/><T62/><D81/><U70/><E29/><V48/><F48/><W20/><G61/><T55/><D135/><U114/><E114/><V77/><F77/><W92/><G134/><T125/><D125/><U27/><REACH who="1" step="1"/><E11/><REACH who="1" ten="222,149,341,278" step="2"/><V66/><F96/><W87/><G127/><T132/><D132/><U28/><E28/><V1/><F30/><W45/><G118/><T9/><D9/><U6/><E6/><V53/><F98/><W23/><G116/><T109/><D99/><U18/><E18/><V34/><F17/><W97/><G87/><T86/><D86/><U31/><E31/><V2/><F34/><W64/><G103/><T126/><D126/><U83/><E83/><V78/><F100/><W8/><G45/><N who="0" m="28111" /><D106/><U80/><E80/><V37/><F37/><W13/><G14/><T65/><D75/><U43/><E43/><V105/><F12/><W102/><G101/><T71/><D74/><U7/><E7/><RYUUKYOKU ba="0,1" sc="222,-15,149,15,341,-15,278,15" hai1="10,15,16,19,21,27,56,57,58,60,70,108,110" hai3="5,8,13,20,22,23,64,72,76,82,92,97,102" /><INIT seed="3,1,1,3,3,36" ten="207,164,326,293" oya="3" hai0="47,94,50,90,71,106,109,102,35,23,117,73,33" hai1="100,26,126,131,18,48,120,97,7,124,34,44,93" hai2="43,2,89,12,40,57,69,29,13,121,108,15,28" hai3="88,134,114,115,127,128,60,59,4,125,72,68,6"/><W99/><G72/><T53/><D117/><U105/><E120/><V10/><F69/><W133/><G68/><T113/><D73/><U107/><E131/><V103/><F103/><W27/><G27/><T84/><D109/><U0/><E0/><V135/><F108/><W98/><G128/><T70/><D113/><N who="3" m="43017" /><G59/><T38/><D38/><U64/><E7/><N who="3" m="2602" /><G88/><T19/><D71/><U5/><E5/><V49/><F2/><W31/><G31/><N who="2" m="11849" /><F135/><N who="3" m="51723" /><G60/><T132/><D132/><U16/><E64/><V52/><F121/><W55/><G55/><T58/><D70/><U85/><E34/><V129/><F129/><W95/><G95/><T56/><D58/><U11/><E26/><V63/><F10/><W79/><G79/><T24/><REACH who="0" step="1"/><D56/><REACH who="0" ten="197,164,326,293" step="2"/><U41/><E107/><V119/><F119/><W45/><G45/><T112/><D112/><U20/><E11/><V46/><F89/><W21/><G21/><T74/><D74/><U86/><E20/><V75/><F75/><W3/><G3/><T123/><D123/><U22/><E22/><V78/><F78/><W61/><G61/><T77/><D77/><U92/><E105/><V14/><N who="2" m="3072" /><DORA hai="62" /><V32/><F32/><W81/><G81/><T37/><D37/><U118/><E118/><V111/><F111/><W17/><G17/><N who="1" m="6762" /><E93/><V25/><F25/><W54/><G54/><AGARI ba="1,2" hai="40,43,46,49,52,54,57,63" m="3072,11849" machi="54" ten="40,8000,1" yaku="8,1,52,2,54,1" doraHai="36,62" who="2" fromWho="3" sc="197,0,164,0,326,103,293,-83" /><INIT seed="4,0,0,0,4,121" ten="197,164,429,210" oya="0" hai0="113,47,112,42,15,8,120,96,84,3,36,41,90" hai1="31,16,109,22,97,6,5,128,9,27,44,10,134" hai2="19,114,89,115,111,69,132,103,85,81,49,53,54" hai3="1,68,50,52,91,38,124,119,126,135,66,57,105"/><T87/><D120/><U77/><E134/><V107/><F69/><W24/><G1/><T102/><D3/><U94/><E128/><V56/><F132/><W108/><G135/><T88/><D42/><U104/><E104/><V122/><F122/><W75/><G119/><T83/><D96/><U13/><E77/><V43/><F43/><W12/><G75/><T100/><D113/><N who="2" m="43018" /><F19/><W40/><G105/><T58/><D58/><U65/><E109/><V51/><F103/><W46/><G24/><T116/><D116/><U93/><E65/><V86/><F107/><W110/><G91/><T32/><D32/><U39/><E94/><V73/><F73/><W33/><G12/><T25/><D25/><U70/><E70/><V59/><F86/><W118/><G33/><T101/><D112/><U37/><E44/><V14/><F14/><W2/><G2/><T45/><D47/><U4/><REACH who="1" step="1"/><E10/><REACH who="1" ten="197,154,429,210" step="2"/><V79/><F79/><W34/><G118/><T129/><D129/><U125/><E125/><N who="3" m="48234" /><G34/><T26/><D8/><U29/><E29/><V48/><F111/><W117/><G117/><T23/><D83/><U131/><E131/><V60/><AGARI ba="0,1" hai="48,49,51,53,54,56,59,60,81,85,89" m="43018" machi="60" ten="30,1100,0" yaku="15,1" doraHai="121" who="2" fromWho="2" sc="197,-5,154,-3,429,21,210,-3" /><INIT seed="5,0,0,3,5,112" ten="192,151,450,207" oya="1" hai0="135,120,132,7,0,11,99,24,64,70,43,18,121" hai1="75,122,23,95,66,44,127,125,90,71,129,15,87" hai2="1,16,91,111,128,48,47,117,134,3,32,131,103" hai3="68,53,4,96,58,57,133,10,101,83,81,59,80"/><U33/><E122/><N who="0" m="47209" /><D43/><U2/><E33/><V12/><F111/><W118/><G118/><T26/><D64/><U46/><E2/><V123/><F123/><W65/><G133/><N who="0" m="51275" /><D70/><U76/><E129/><N who="2" m="49739" /><F117/><W102/><G68/><T52/><D99/><U42/><E71/><V107/><F32/><W109/><G65/><T116/><D116/><U63/><E75/><V130/><F134/><W100/><G109/><T98/><D98/><U119/><E119/><V93/><F103/><W77/><G96/><T61/><D18/><N who="1" m="10719" /><E76/><V40/><F107/><W41/><G41/><T86/><D86/><U110/><E110/><V50/><F50/><W56/><N who="3" m="14336" /><DORA hai="69" /><W115/><G115/><T124/><D61/><U85/><E63/><V39/><F48/><W20/><G20/><T94/><D94/><U17/><E66/><V97/><N who="2" m="49747" /><V37/><DORA hai="79" /><F37/><W54/><G77/><T113/><D113/><U78/><E17/><V35/><F35/><W25/><G25/><N who="0" m="9835" /><D52/><U49/><E46/><V19/><F19/><W28/><REACH who="3" step="1"/><G28/><REACH who="3" ten="192,151,450,197" step="2"/><T21/><D21/><AGARI ba="0,1" hai="1,3,12,16,21,39,40,47,91,93,97" m="49747" machi="21" ten="40,5200,0" yaku="19,1,52,1,54,1" doraHai="112,69,79" who="2" fromWho="0" sc="192,-52,151,0,450,62,197,0" /><INIT seed="6,0,0,4,2,122" ten="140,151,512,197" oya="2" hai0="53,100,12,5,92,79,46,81,82,106,135,102,87" hai1="84,1,132,116,45,37,105,2,8,31,23,77,35" hai2="61,30,64,43,89,117,14,4,44,72,99,125,127" hai3="57,96,98,85,128,120,11,13,112,7,95,75,88"/><V38/><F72/><W65/><G120/><T109/><D135/><U111/><E116/><V126/><F30/><W83/><G128/><T110/><D5/><U59/><E105/><V119/><F4/><W62/><G112/><T67/><D67/><U104/><E104/><V91/><F14/><W74/><REACH who="3" step="1"/><G98/><REACH who="3" ten="140,151,512,187" step="2"/><T121/><D121/><U97/><E97/><V69/><REACH who="2" step="1"/><F99/><REACH who="2" ten="140,151,502,187" step="2"/><W42/><G42/><T47/><D106/><U20/><E132/><V50/><F50/><W115/><G115/><T118/><D118/><AGARI ba="0,2" hai="38,43,44,61,64,69,89,91,117,118,119,125,126,127" machi="118" ten="50,4800,0" yaku="1,1,18,1,53,0" doraHai="122" doraHaiUra="21" who="2" fromWho="0" sc="140,-48,151,0,502,68,187,0" /><INIT seed="6,1,0,0,4,6" ten="92,151,570,187" oya="2" hai0="104,14,7,125,34,62,81,105,56,48,110,11,43" hai1="102,80,67,3,88,45,85,21,75,0,74,23,131" hai2="37,5,97,24,123,100,115,44,30,35,77,42,73" hai3="32,52,13,126,65,96,12,127,57,135,51,109,83"/><V95/><F115/><W39/><G109/><T128/><D110/><U112/><E112/><V50/><F123/><W18/><G39/><T108/><D108/><U129/><E102/><V46/><F73/><W10/><G32/><T89/><D34/><U119/><E119/><V38/><F77/><W92/><G135/><T17/><D125/><N who="3" m="47625" /><G65/><T84/><D128/><N who="1" m="49227" /><E75/><V113/><F113/><W40/><G40/><T72/><D72/><U31/><E74/><V54/><REACH who="2" step="1"/><F5/><REACH who="2" ten="92,151,560,187" step="2"/><N who="3" m="3151" /><G83/><T66/><REACH who="0" step="1"/><D7/><REACH who="0" ten="82,151,560,187" step="2"/><U117/><E117/><V60/><F60/><W71/><G71/><T79/><D79/><U47/><E3/><V94/><F94/><W55/><G92/><T27/><D27/><U101/><E0/><V133/><F133/><W70/><G70/><T130/><D130/><U124/><E124/><V64/><F64/><W98/><G55/><T4/><D4/><U58/><E67/><V99/><F99/><W91/><G91/><T120/><D120/><U82/><E88/><V41/><F41/><W116/><G116/><T1/><D1/><U107/><E107/><V111/><F111/><W8/><AGARI ba="1,2" hai="8,13,18,51,52,57,96,98" m="3151,47625" machi="8" ten="30,7900,0" yaku="18,1,52,2,54,1" doraHai="6" who="3" fromWho="3" sc="82,-21,151,-21,560,-40,187,102" /><INIT seed="7,0,0,1,3,49" ten="61,130,520,289" oya="3" hai0="135,51,118,53,54,20,61,45,23,21,128,90,5" hai1="19,42,121,106,39,119,122,75,37,115,103,56,48" hai2="67,113,80,47,16,89,31,74,25,85,55,60,134" hai3="69,59,77,72,73,2,111,131,14,93,26,123,27"/><W30/><G123/><T96/><D118/><U32/><E75/><V110/><F110/><W83/><G69/><T117/><D117/><U104/><E119/><V101/><F101/><W92/><G2/><T97/><D135/><U84/><E32/><V17/><F74/><W7/><G111/><T76/><D128/><U40/><E19/><V133/><F113/><W15/><G131/><T132/><D132/><N who="2" m="50794" /><F55/><N who="0" m="21002" /><D76/><U35/><E48/><V108/><F47/><W65/><G73/><T28/><D5/><U98/><E35/><N who="2" m="20975" /><F108/><W41/><G41/><N who="0" m="25007" /><D61/><U10/><E115/><V43/><F43/><W6/><G6/><T44/><D44/><U124/><E10/><V12/><F12/><W109/><G109/><T4/><D4/><U99/><E56/><AGARI ba="0,0" hai="16,17,56,60,67,80,85,89" m="20975,50794" machi="56" ten="30,2000,0" yaku="20,1,54,1" doraHai="49" who="2" fromWho="1" sc="61,0,130,-20,520,20,289,0" owari="61,-43.9,110,-29.0,540,64.0,289,8.9" /></mjloggm>