<mjloggm ver="2.3"><GO type="41" lobby="0"/><UN n0="%E3%81%8A%E4%BE%8D%33" n1="%E2%93%9D%4C%75%63%6B%79%4A" n2="%E3%82%86%E3%83%BC%E3%81%BF%E3%82%93" n3="%74%61%6E%65%6F%6D%69%6B" dan="15,14,15,16" rate="2006.03,2088.54,1996.87,2022.52" sx="M,M,M,M"/><TAIKYOKU oya="0"/><INIT seed="0,0,0,4,3,107" ten="250,250,250,250" oya="0" hai0="43,25,100,91,128,64,106,66,35,45,113,54,101" hai1="116,15,40,86,17,20,53,123,46,33,104,50,11" hai2="68,30,95,34,81,2,52,49,32,18,1,71,56" hai3="26,10,3,82,72,125,120,89,48,73,62,65,121"/><T99/><D113/><U31/><E123/><N who="3" m="47178" /><G125/><T27/><D128/><U118/><E104/><V21/><F95/><W6/><G48/><T131/><D131/><U16/><E33/><V13/><F81/><W92/><G82/><T79/><D79/><U87/><E31/><V23/><F23/><W58/><G26/><T124/><D124/><U88/><E87/><AGARI ba="0,0" hai="3,6,10,58,62,65,72,73,87,89,92" m="47178" machi="87" ten="30,3900,0" yaku="13,1,52,2" doraHai="107" who="3" fromWho="1" sc="250,0,250,-39,250,0,250,39" /><INIT seed="1,0,0,5,4,107" ten="250,211,250,289" oya="1" hai0="134,47,93,28,41,115,112,133,74,18,70,111,104" hai1="65,22,34,10,39,40,97,38,124,84,82,3,63" hai2="25,101,117,125,35,44,116,132,67,102,1,110,52" hai3="135,126,49,76,59,27,55,80,8,86,62,54,108"/><U26/><E34/><V91/><F1/><W53/><G108/><T77/><D104/><U9/><E124/><V129/><F67/><W89/><G126/><T88/><D70/><U57/><E3/><V20/><F125/><W81/><G135/><N who="0" m="51723" /><D18/><U109/><E109/><V118/><F35/><W61/><G27/><T113/><D28/><U37/><E97/><V14/><F110/><W50/><G8/><T83/><D111/><U17/><REACH who="1" step="1"/><E40/><REACH who="1" ten="250,201,250,289" step="2"/><V24/><F132/><W23/><G23/><T66/><D113/><U56/><E56/><V45/><F20/><W120/><G120/><T98/><D66/><U42/><E42/><V122/><F117/><W60/><REACH who="3" step="1"/><G59/><REACH who="3" ten="250,201,250,279" step="2"/><T105/><D115/><U16/><E16/><V46/><F116/><W11/><G11/><T130/><D112/><U131/><E131/><V128/><F118/><W48/><G48/><T90/><D130/><U13/><E13/><V12/><F129/><W33/><G33/><T123/><D123/><U0/><E0/><V94/><F128/><W114/><G114/><T32/><D32/><U69/><E69/><V5/><F122/><W85/><AGARI ba="0,2" hai="49,50,53,54,55,60,61,62,76,80,81,85,86,89" machi="85" ten="40,5200,0" yaku="1,1,0,1,8,1,53,0" doraHai="107" doraHaiUra="103" who="3" fromWho="3" sc="250,-13,201,-26,250,-13,279,72" /><INIT seed="2,0,0,2,5,55" ten="237,175,237,351" oya="2" hai0="87,23,121,8,10,133,111,26,119,35,122,80,90" hai1="34,17,7,70,57,120,29,50,56,2,58,16,45" hai2="117,81,65,106,64,66,11,52,89,42,78,91,76" hai3="27,131,100,60,127,0,110,25,13,6,88,24,99"/><V125/><F117/><W14/><G110/><T54/><D111/><U21/><E70/><V108/><F108/><W49/><G127/><T97/><D119/><U84/><E34/><V59/><F125/><W53/><G131/><T20/><D133/><U43/><E120/><V129/><F129/><W19/><G60/><T3/><D35/><U86/><E2/><V72/><F106/><W94/><G0/><T46/><D23/><U98/><E7/><V22/><F42/><W118/><G118/><T123/><D3/><U48/><E98/><V73/><F11/><W112/><G112/><T4/><D4/><U75/><E75/><V32/><F32/><W62/><G62/><T61/><D97/><U69/><E69/><V115/><F115/><W37/><G37/><T41/><D54/><U105/><E105/><V135/><F22/><W109/><G109/><T40/><D61/><U83/><E50/><V71/><F71/><W44/><G6/><T93/><D80/><U124/><E124/><V132/><F76/><W107/><REACH who="3" step="1"/><G19/><REACH who="3" ten="237,175,237,341" step="2"/><N who="1" m="7242" /><E83/><V79/><F132/><W30/><G30/><T15/><D122/><U38/><E38/><V82/><F135/><W63/><G63/><AGARI ba="0,1" hai="52,59,63,64,65,66,72,73,78,79,81,82,89,91" machi="63" ten="40,7700,0" yaku="9,1,52,1,54,1" doraHai="55" who="2" fromWho="3" sc="237,0,175,0,237,87,341,-77" /><INIT seed="2,1,0,3,1,64" ten="237,175,324,264" oya="2" hai0="87,65,114,54,62,76,69,113,123,52,80,13,85" hai1="41,27,28,126,90,68,86,11,67,16,19,125,60" hai2="26,37,104,110,59,29,108,101,43,124,25,119,111" hai3="131,21,56,7,48,75,71,102,118,4,112,107,53"/><V133/><F119/><W42/><G112/><T66/><D123/><U105/><E105/><V97/><F133/><W5/><G118/><T72/><D72/><U81/><E41/><V88/><F124/><N who="1" m="47721" /><E11/><V61/><F43/><W1/><G75/><T45/><D65/><U128/><E128/><V40/><F40/><W18/><G131/><T20/><D85/><U33/><AGARI ba="1,0" hai="16,19,27,28,33,60,67,68,81,86,90" m="47721" machi="33" ten="30,4000,0" yaku="18,1,52,1,54,1" doraHai="64" who="1" fromWho="1" sc="237,-11,175,43,324,-21,264,-11" /><INIT seed="3,0,0,5,4,132" ten="226,218,303,253" oya="3" hai0="54,120,58,85,59,128,51,40,81,114,110,127,135" hai1="97,23,28,123,96,125,57,30,47,83,124,129,3" hai2="130,98,50,0,27,79,80,131,76,34,44,70,118" hai3="14,29,65,74,33,45,87,38,68,60,102,9,13"/><W7/><G74/><T99/><D120/><U116/><E123/><V25/><F118/><W113/><G113/><T43/><D135/><U117/><E3/><V72/><F0/><W95/><G33/><T41/><D110/><U55/><E47/><V93/><F70/><W104/><G29/><N who="1" m="11370" /><E83/><V56/><F56/><W26/><G26/><T122/><D122/><U5/><E5/><V53/><F79/><W134/><G134/><T32/><D32/><U64/><E64/><V15/><F15/><W100/><G104/><T108/><D108/><U105/><E23/><V111/><F111/><W67/><G67/><T63/><D128/><N who="2" m="49194" /><F34/><W16/><G38/><T69/><D69/><U20/><E20/><V37/><F37/><W31/><G31/><T21/><D21/><U12/><E12/><V17/><F17/><W89/><REACH who="3" step="1"/><G45/><REACH who="3" ten="226,218,303,243" step="2"/><T86/><D114/><U66/><E66/><V35/><F35/><W8/><AGARI ba="0,1" hai="7,8,9,13,14,16,60,65,68,87,89,95,100,102" machi="8" ten="20,12000,1" yaku="1,1,2,1,0,1,7,1,54,1,53,0" doraHai="132" doraHaiUra="22" who="3" fromWho="3" sc="226,-40,218,-40,303,-40,243,130" /><INIT seed="3,1,0,4,5,110" ten="186,178,263,373" oya="3" hai0="1,61,27,32,82,13,84,81,16,93,49,101,78" hai1="59,14,31,121,64,71,132,30,119,34,96,12,120" hai2="89,97,107,88,50,11,45,9,39,126,76,115,85" hai3="73,103,19,69,72,129,38,98,92,74,7,60,67"/><W83/><G38/><T42/><D1/><U5/><E71/><V109/><F109/><W91/><G129/><T63/><D32/><U80/><E80/><V117/><F117/><W79/><G7/><T23/><D82/><U41/><E64/><V4/><F126/><W128/><G128/><T122/><D122/><U86/><E59/><V55/><F115/><W106/><REACH who="3" step="1"/><G19/><REACH who="3" ten="186,178,263,363" step="2"/><T105/><D16/><U20/><E5/><V25/><F4/><W123/><G123/><T116/><D116/><U48/><E121/><V44/><F39/><W95/><G95/><T113/><D93/><U124/><E120/><V18/><F18/><W135/><G135/><T90/><D105/><U133/><E133/><V56/><F107/><W2/><G2/><T131/><D131/><U26/><E132/><V134/><F134/><W0/><G0/><T77/><D113/><U111/><E111/><V54/><F11/><W10/><G10/><T51/><D13/><U127/><E14/><V24/><F9/><W53/><G53/><T29/><D27/><U99/><E12/><V15/><F15/><W33/><G33/><T3/><D3/><U62/><E34/><V104/><F24/><W130/><G130/><T87/><D23/><U66/><E20/><V35/><F25/><W47/><G47/><N who="2" m="17993" /><F35/><W68/><G68/><T46/><D46/><U118/><E26/><V70/><F70/><W112/><G112/><T37/><D37/><U75/><E119/><V94/><F55/><W52/><G52/><T21/><D21/><U36/><E118/><V28/><F104/><W8/><G8/><RYUUKYOKU ba="1,1" sc="186,-10,178,-10,263,-10,363,30" hai3="60,67,69,72,73,74,79,83,91,92,98,103,106" /><INIT seed="3,2,1,0,3,65" ten="176,168,253,393" oya="3" hai0="89,108,61,64,2,93,97,99,6,43,68,115,123" hai1="3,96,51,31,18,19,132,25,128,100,45,52,44" hai2="82,11,118,58,119,125,69,101,66,10,15,33,4" hai3="109,116,111,16,57,46,47,42,34,48,38,71,124"/><W67/><G34/><T126/><D123/><U91/><E3/><V110/><F33/><W95/><G95/><T54/><D108/><N who="3" m="41545" /><G116/><T98/><D43/><U87/><E128/><V27/><F110/><W104/><G104/><T84/><D126/><U29/><E132/><V103/><F125/><W21/><G124/><T135/><D135/><U88/><E45/><V81/><F81/><W39/><G47/><T78/><D97/><U107/><E31/><V36/><F82/><W73/><G73/><T26/><D98/><U56/><E44/><V127/><F103/><W79/><G79/><T60/><D78/><U50/><E51/><V9/><F101/><W22/><G22/><T0/><D99/><U63/><E50/><V76/><F76/><W1/><G1/><T5/><D2/><U129/><E129/><V113/><F127/><W114/><G57/><T133/><D0/><U8/><E8/><V106/><F58/><W94/><G94/><T20/><D93/><U13/><E13/><V112/><F106/><W40/><G114/><T102/><D115/><U17/><REACH who="1" step="1"/><E87/><REACH who="1" ten="176,158,253,393" step="2"/><V92/><F113/><W72/><G42/><T77/><D84/><U59/><E59/><V55/><F112/><W24/><G72/><T105/><D133/><U23/><AGARI ba="2,2" hai="17,18,19,23,25,29,52,56,63,88,91,96,100,107" machi="23" ten="30,7900,0" yaku="1,1,0,1,54,2,53,0" doraHai="65" doraHaiUra="62" who="1" fromWho="1" sc="176,-22,158,105,253,-22,393,-41" /><INIT seed="4,0,0,3,3,122" ten="154,263,231,352" oya="0" hai0="66,5,41,116,53,60,2,86,119,46,94,128,93" hai1="49,70,71,56,61,65,99,48,117,101,47,107,89" hai2="127,87,133,81,3,135,37,110,7,104,21,96,118" hai3="131,67,45,55,23,28,134,103,114,58,4,16,78"/><T0/><D128/><U98/><E117/><V51/><F37/><W10/><G114/><T130/><D130/><U92/><REACH who="1" step="1"/><E49/><REACH who="1" ten="154,253,231,352" step="2"/><V13/><F51/><W132/><G131/><T83/><D116/><U15/><E15/><V12/><F118/><W97/><G134/><T74/><D119/><U111/><E111/><V113/><F12/><W121/><G132/><T64/><D0/><U1/><E1/><V32/><F13/><W129/><G129/><T108/><D108/><U33/><E33/><V102/><F32/><W30/><G121/><T59/><D2/><U27/><E27/><V35/><F110/><W106/><G4/><T6/><D6/><U36/><E36/><V126/><F35/><W44/><G10/><T43/><D5/><U25/><E25/><V72/><F7/><W14/><G14/><T90/><D43/><AGARI ba="0,1" hai="43,47,48,56,61,65,70,71,89,92,98,99,101,107" machi="43" ten="30,2000,0" yaku="1,1,7,1,53,0" doraHai="122" doraHaiUra="22" who="1" fromWho="0" sc="154,-20,253,30,231,0,352,0" /><INIT seed="5,0,0,4,1,130" ten="134,283,231,352" oya="1" hai0="65,11,56,31,75,28,129,40,88,55,98,3,81" hai1="102,30,100,66,120,124,89,107,4,64,13,116,117" hai2="121,61,101,12,38,135,20,1,128,21,109,99,24" hai3="17,93,36,34,54,7,79,52,16,122,15,47,39"/><U110/><E120/><V37/><F121/><W0/><G34/><T108/><D108/><U8/><E110/><V84/><F109/><W68/><G68/><T60/><D129/><U14/><E107/><V27/><F1/><W72/><G122/><T2/><D40/><U9/><E89/><V48/><F128/><W126/><G126/><T133/><D133/><U112/><E30/><V19/><F135/><W67/><G67/><T106/><D75/><U74/><E74/><V50/><F61/><W22/><G17/><T78/><D78/><U73/><E73/><V92/><F12/><W46/><G93/><T43/><D43/><U5/><REACH who="1" step="1"/><E124/><REACH who="1" ten="134,273,231,352" step="2"/><V80/><F101/><W96/><G72/><T49/><D31/><U69/><E69/><V125/><F125/><W57/><G79/><T51/><D28/><U86/><E86/><V134/><F84/><W90/><G90/><T94/><D106/><U87/><E87/><V77/><F134/><W23/><G96/><T114/><D98/><U95/><E95/><V105/><F92/><W132/><G132/><T42/><D94/><U118/><E118/><V70/><F70/><W6/><G0/><T71/><D2/><U119/><E119/><V97/><F105/><W62/><G36/><T41/><D88/><U35/><E35/><V33/><F33/><W82/><G39/><N who="2" m="14857" /><F99/><W32/><G32/><T45/><D71/><U58/><E58/><V18/><F97/><W83/><G57/><N who="0" m="37007" /><D81/><U113/><AGARI ba="0,1" hai="4,5,8,9,13,14,64,66,100,102,112,113,116,117" machi="113" ten="25,18000,2" yaku="1,1,0,1,22,2,53,2" doraHai="130" doraHaiUra="10" who="1" fromWho="1" sc="134,-60,273,190,231,-60,352,-60" /><INIT seed="5,1,0,0,3,92" ten="74,463,171,292" oya="1" hai0="5,132,27,41,105,10,70,101,127,84,72,133,108" hai1="71,60,118,63,31,99,67,111,33,120,69,29,129" hai2="125,18,16,54,73,107,80,117,58,93,98,44,9" hai3="46,47,2,74,53,66,11,76,119,87,85,17,0"/><U28/><E120/><V62/><F117/><W89/><G119/><T34/><D108/><U39/><E118/><V15/><F125/><W23/><G74/><T90/><D70/><U49/><E39/><V100/><F107/><W7/><G2/><T1/><D127/><U121/><E121/><V95/><F73/><W104/><G104/><T32/><D41/><U114/><E111/><V75/><F75/><W61/><G76/><T38/><D38/><U123/><E123/><V79/><F44/><W128/><G128/><T78/><D90/><U21/><E21/><V40/><F40/><W135/><G135/><N who="0" m="51787" /><D84/><U112/><E49/><V6/><REACH who="2" step="1"/><F95/><REACH who="2" ten="74,463,161,292" step="2"/><W24/><G47/><T91/><D91/><U20/><E129/><V81/><F81/><W43/><G89/><T109/><D109/><U51/><E114/><V86/><AGARI ba="1,1" hai="6,9,15,16,18,54,58,62,79,80,86,93,98,100" machi="86" ten="20,12000,2" yaku="1,1,0,1,7,1,8,1,52,1,54,1,53,1" doraHai="92" doraHaiUra="3" who="2" fromWho="2" sc="74,-31,463,-61,161,133,292,-31" /><INIT seed="6,0,0,4,1,46" ten="43,402,294,261" oya="2" hai0="53,52,135,50,88,111,128,95,35,12,73,110,75" hai1="133,55,90,26,109,94,45,34,84,100,98,97,27" hai2="10,82,0,41,23,5,126,69,87,80,127,64,29" hai3="121,114,129,20,4,131,43,22,15,122,60,6,105"/><V38/><F69/><W117/><G60/><T25/><D128/><N who="3" m="49225" /><G43/><T28/><D135/><U24/><E109/><V7/><F64/><W108/><G105/><T31/><D31/><U83/><E133/><V71/><F71/><W123/><G108/><T47/><D110/><U9/><E9/><V66/><F66/><W21/><G117/><T70/><D111/><U44/><E34/><V74/><F7/><N who="3" m="2603" /><G114/><T37/><D70/><U54/><E98/><V106/><F106/><W40/><G40/><T85/><D37/><U103/><E103/><V3/><F74/><W48/><G48/><T112/><D112/><U11/><E11/><V51/><F38/><W113/><G113/><T132/><D132/><U81/><E83/><V1/><F80/><W79/><G79/><T49/><REACH who="0" step="1"/><D12/><AGARI ba="0,0" hai="12,15,20,21,22,121,122,123" m="2603,49225" machi="12" ten="40,8000,1" yaku="28,2,19,1,34,2" doraHai="46" who="3" fromWho="0" sc="43,-80,402,0,294,0,261,80" owari="-37,-53.7,402,50.2,294,-10.6,341,14.1" /></mjloggm>