<mjloggm ver="2.3"><GO type="137" lobby="0"/><UN n0="%E5%B9%B4%E4%B8%AD%E4%B8%8B%E7%97%A2" n1="%54%72%69%61" n2="%6B%6E%6D" n3="%E2%93%9D%4C%75%63%6B%79%4A" dan="12,12,12,11" rate="1923.28,1891.99,1721.50,1815.21" sx="M,M,F,M"/><TAIKYOKU oya="0"/><INIT seed="0,0,0,3,1,76" ten="250,250,250,250" oya="0" hai0="117,131,75,40,78,18,127,23,16,126,29,102,128" hai1="132,62,83,118,129,114,27,108,84,44,87,100,95" hai2="85,70,47,52,89,79,59,38,64,111,109,74,33" hai3="48,97,116,8,1,112,15,37,12,19,82,50,36"/><T5/><D117/><U9/><E118/><V98/><F33/><W91/><G116/><T20/><D102/><U13/><E108/><N who="2" m="41547" /><F74/><W58/><G1/><T17/><D40/><U80/><E129/><N who="0" m="49737" /><D78/><U61/><E132/><V96/><F79/><W6/><G112/><T120/><D75/><U133/><E133/><V53/><F70/><W60/><G37/><T121/><D5/><U68/><E114/><V22/><F22/><N who="0" m="8234" /><D29/><U72/><E72/><V81/><F38/><W10/><G36/><T115/><D115/><U45/><E27/><V88/><F64/><W54/><REACH who="3" step="1"/><G97/><REACH who="3" ten="250,250,250,240" step="2"/><T94/><D94/><U106/><E95/><N who="2" m="56431" /><F98/><W122/><G122/><AGARI ba="0,1" hai="16,17,18,120,121,122,126,127" m="8234,49737" machi="122" ten="40,18000,2" yaku="28,2,19,1,34,2,54,1" doraHai="76" who="0" fromWho="3" sc="250,190,250,0,250,0,240,-180" /><INIT seed="0,1,0,1,5,89" ten="440,250,250,60" oya="0" hai0="97,43,16,111,82,19,46,101,130,60,35,37,122" hai1="110,25,4,23,125,41,2,48,69,114,79,65,92" hai2="11,56,54,105,118,49,3,94,36,38,33,12,30" hai3="42,13,86,51,76,58,135,0,17,77,107,104,32"/><T128/><D122/><U72/><E125/><V129/><F105/><W93/><G32/><T26/><D82/><U62/><E110/><V14/><F129/><N who="0" m="49770" /><D111/><U44/><E114/><V119/><F3/><W29/><G29/><N who="0" m="19895" /><D60/><U91/><E79/><V52/><F33/><W70/><G0/><T55/><D55/><U120/><E72/><V15/><F30/><W126/><G126/><T78/><D78/><U85/><E120/><V81/><F81/><W108/><G77/><T28/><D28/><U88/><E2/><V106/><F106/><AGARI ba="1,0" hai="16,19,37,43,46,97,101,106" m="19895,49770" machi="106" ten="30,2900,0" yaku="19,1,54,1" doraHai="89" who="0" fromWho="2" sc="440,32,250,0,250,-32,60,0" /><INIT seed="0,2,0,2,3,21" ten="472,250,218,60" oya="0" hai0="14,71,3,107,46,110,102,31,5,70,55,17,127" hai1="126,128,65,32,123,76,74,49,33,111,48,122,60" hai2="96,12,88,108,67,90,37,24,26,63,39,113,91" hai3="120,64,78,22,51,43,29,20,42,80,53,86,0"/><T7/><D127/><U109/><E128/><V95/><F113/><W106/><G106/><T41/><D110/><N who="1" m="41995" /><E126/><V11/><F108/><W97/><G0/><T66/><D55/><U47/><E76/><V98/><F39/><W45/><G120/><N who="1" m="46122" /><E74/><V79/><F37/><W57/><G97/><T114/><D114/><U30/><E30/><V59/><F79/><W23/><REACH who="3" step="1"/><G29/><REACH who="3" ten="472,250,218,50" step="2"/><T10/><D31/><U89/><E89/><N who="2" m="55407" /><F98/><W38/><G38/><T77/><D77/><U62/><E62/><AGARI ba="2,1" hai="20,22,23,42,43,45,51,53,57,62,64,78,80,86" machi="62" ten="40,5200,0" yaku="1,1,8,1,53,1" doraHai="21" doraHaiUra="50" who="3" fromWho="1" sc="472,0,250,-58,218,0,50,68" /><INIT seed="1,0,0,0,2,42" ten="472,192,218,118" oya="1" hai0="33,52,3,22,112,11,66,21,125,23,49,28,55" hai1="127,32,5,51,64,2,121,47,65,59,77,46,37" hai2="135,20,0,76,81,7,129,71,103,8,105,14,107" hai3="114,87,79,126,132,130,35,36,98,80,94,27,57"/><U91/><E121/><V134/><F71/><W122/><G122/><T88/><D112/><U111/><E111/><V26/><F129/><W19/><G36/><T68/><D125/><U118/><E118/><V38/><F38/><W31/><G126/><T56/><D66/><U17/><E127/><V85/><F103/><W13/><G132/><T82/><D68/><U73/><E32/><V72/><F72/><W92/><G114/><T50/><D33/><U109/><E109/><V44/><F44/><W115/><G115/><T117/><D117/><U1/><E17/><V70/><F70/><W83/><G130/><T18/><D3/><U97/><E97/><V102/><F102/><W90/><G57/><T9/><D28/><U41/><E91/><V106/><REACH who="2" step="1"/><F0/><REACH who="2" ten="472,192,208,118" step="2"/><W93/><REACH who="3" step="1"/><G83/><REACH who="3" ten="472,192,208,108" step="2"/><T100/><D82/><N who="1" m="45359" /><E59/><V116/><F116/><W39/><G39/><T113/><D56/><U30/><E37/><V58/><F58/><W53/><G53/><T16/><D55/><U54/><E54/><V108/><F108/><W104/><G104/><T4/><D52/><U101/><E65/><V78/><F78/><W29/><G29/><AGARI ba="0,2" hai="7,8,14,20,26,29,76,81,85,105,106,107,134,135" machi="29" ten="40,1300,0" yaku="1,1,53,0" doraHai="42" doraHaiUra="84" who="2" fromWho="3" sc="472,0,192,0,208,33,108,-13" /><INIT seed="2,0,0,4,3,118" ten="472,192,241,95" oya="2" hai0="112,73,82,84,7,6,66,93,22,130,50,100,26" hai1="5,70,28,134,29,52,56,9,3,44,38,135,88" hai2="51,129,99,105,32,12,54,2,53,57,101,13,78" hai3="69,91,23,64,77,24,90,107,68,27,35,11,122"/><V37/><F32/><W127/><G77/><T92/><D112/><U117/><E70/><V19/><F2/><W102/><G127/><T25/><D73/><U20/><E117/><V33/><F37/><W42/><G42/><T133/><D66/><U74/><E74/><V80/><F33/><W98/><G11/><T49/><D130/><U116/><E116/><V94/><F129/><W1/><G1/><T21/><D133/><N who="1" m="50699" /><E20/><V75/><F54/><W126/><G126/><T65/><D65/><U45/><E38/><V47/><F47/><N who="1" m="17993" /><E88/><V67/><F67/><W86/><G91/><T14/><D84/><U119/><E119/><V18/><F13/><W62/><G69/><T39/><D39/><U87/><E87/><V10/><F105/><W40/><G40/><T58/><D14/><U30/><E30/><V17/><AGARI ba="0,0" hai="10,12,17,18,19,51,53,57,75,78,80,94,99,101" machi="17" ten="20,2100,0" yaku="0,1,7,1" doraHai="118" who="2" fromWho="2" sc="472,-7,192,-7,241,21,95,-7" /><INIT seed="2,1,0,4,0,22" ten="465,185,262,88" oya="2" hai0="20,11,15,25,47,95,112,86,108,28,67,42,128" hai1="40,71,12,135,41,129,122,52,78,33,10,132,117" hai2="13,66,121,50,5,92,65,54,34,24,26,109,110" hai3="82,111,89,83,99,96,94,23,123,73,68,81,85"/><V2/><F2/><W88/><G68/><T46/><D112/><U93/><E117/><V14/><F34/><W38/><G38/><T116/><D108/><N who="2" m="41578" /><F121/><W114/><G111/><T70/><D128/><U58/><E129/><V106/><F106/><W37/><G37/><T98/><D86/><U118/><E118/><V36/><F36/><W103/><G23/><T43/><D116/><U17/><E71/><V63/><F92/><N who="3" m="56719" /><G123/><T53/><D67/><N who="2" m="25610" /><F63/><W16/><G16/><N who="0" m="8319" /><D70/><U31/><E122/><V69/><F69/><W0/><G0/><T72/><D72/><U115/><E115/><V21/><F21/><W80/><G114/><T87/><D87/><U39/><E33/><V45/><F13/><W125/><G125/><T56/><D43/><U44/><E40/><V104/><F104/><W64/><G64/><T130/><D42/><U1/><E1/><V126/><F126/><W7/><G7/><T79/><D130/><U49/><E31/><V120/><F120/><W27/><G27/><T127/><D127/><U77/><REACH who="1" step="1"/><E93/><REACH who="1" ten="465,175,262,88" step="2"/><V105/><F105/><W74/><AGARI ba="1,1" hai="73,74,80,81,82,83,85,88,94,96,103" m="56719" machi="74" ten="30,12000,2" yaku="35,5,54,1" doraHai="22" who="3" fromWho="3" sc="465,-31,175,-31,262,-61,88,133" /><INIT seed="3,0,0,0,2,20" ten="434,144,201,221" oya="3" hai0="12,103,127,70,51,119,27,36,45,26,118,124,129" hai1="10,65,6,91,109,73,62,11,117,116,130,22,54" hai2="96,86,64,24,79,101,38,133,48,75,67,35,83" hai3="104,80,63,99,98,23,69,78,111,61,52,59,87"/><W126/><G126/><N who="0" m="48171" /><D70/><U2/><E109/><V122/><F38/><W0/><G0/><T132/><D36/><U30/><E130/><V88/><F35/><W18/><G111/><T58/><D129/><U89/><E73/><V68/><F133/><W4/><G4/><T60/><D12/><U16/><E30/><V114/><F114/><W115/><G115/><T72/><D103/><U135/><E10/><V121/><F68/><W105/><G105/><T39/><D39/><U34/><E34/><V81/><F48/><W82/><G104/><T120/><D72/><U3/><E54/><V84/><F64/><W41/><G41/><N who="0" m="25007" /><D120/><N who="2" m="46186" /><F24/><N who="0" m="9258" /><D132/><U125/><E2/><V5/><F67/><AGARI ba="0,0" hai="58,60,67,118,119" m="9258,25007,48171" machi="67" ten="30,7700,0" yaku="18,1,52,3" doraHai="20" who="0" fromWho="2" sc="434,77,144,0,201,-77,221,0" /><INIT seed="4,0,0,3,2,121" ten="511,144,124,221" oya="0" hai0="5,31,96,22,58,128,100,102,63,33,29,99,8" hai1="122,64,120,32,49,12,73,50,52,53,28,118,60" hai2="41,117,68,47,0,110,4,43,38,129,66,111,134" hai3="1,23,123,87,95,103,35,77,135,59,109,133,115"/><T125/><D33/><U89/><E118/><V56/><F0/><W37/><G37/><T16/><D125/><U69/><E73/><V62/><F117/><W106/><G35/><T97/><D128/><U20/><E32/><V24/><F24/><W107/><G59/><T74/><D74/><U76/><E76/><V71/><F4/><W112/><G23/><T105/><D8/><U2/><E2/><V21/><F21/><W42/><G42/><T30/><D105/><N who="3" m="39945" /><G123/><T81/><D81/><U27/><E89/><V46/><F129/><W10/><G10/><T39/><D39/><U7/><E49/><V36/><REACH who="2" step="1"/><F134/><REACH who="2" ten="511,144,114,221" step="2"/><W17/><G1/><T26/><D5/><U3/><E3/><V82/><F82/><N who="3" m="47567" /><G17/><T92/><D102/><U75/><E122/><V67/><F67/><AGARI ba="0,1" hai="16,22,26,29,30,31,58,63,67,92,96,97,99,100" machi="67" ten="40,3900,0" yaku="8,1,54,1" doraHai="121" who="0" fromWho="2" sc="511,49,144,0,114,-39,221,0" /><INIT seed="4,1,0,2,4,73" ten="560,144,75,221" oya="0" hai0="118,114,108,79,10,19,101,47,93,81,51,103,27" hai1="37,3,70,2,131,26,130,105,13,122,62,57,8" hai2="24,22,4,66,59,104,56,76,125,121,119,60,28" hai3="78,115,65,133,88,16,39,91,34,117,87,23,9"/><T21/><D118/><U85/><E122/><V12/><F104/><W102/><G34/><T7/><D114/><U120/><E120/><V50/><F119/><W94/><G39/><T77/><D108/><U84/><E37/><V109/><F121/><W83/><G117/><T30/><D30/><U20/><E105/><V126/><F109/><W64/><G133/><T107/><D107/><U134/><E70/><V5/><F12/><N who="3" m="7183" /><G115/><T14/><D93/><U1/><E134/><V90/><F90/><N who="3" m="34347" /><G23/><T135/><D135/><U55/><E20/><V41/><F41/><W46/><G46/><T53/><D77/><U17/><REACH who="1" step="1"/><E26/><REACH who="1" ten="560,134,75,221" step="2"/><V100/><F100/><W36/><G36/><T74/><AGARI ba="1,1" hai="7,10,14,19,21,27,47,51,53,74,79,81,101,103" machi="74" ten="20,3900,0" yaku="0,1,7,1,52,1" doraHai="73" who="0" fromWho="0" sc="560,52,134,-14,75,-14,221,-14" /><INIT seed="4,2,0,0,4,12" ten="612,120,61,207" oya="0" hai0="116,103,44,8,133,69,18,24,59,61,91,1,80" hai1="4,125,121,90,110,48,78,65,63,41,102,128,25" hai2="106,28,85,79,98,13,84,56,47,122,9,2,19" hai3="93,36,52,131,62,64,113,132,10,101,115,51,26"/><T20/><D116/><U75/><E110/><V72/><F2/><W14/><G36/><T70/><D133/><U58/><E121/><V66/><F122/><W104/><G104/><T38/><D103/><U117/><E117/><V123/><F123/><W45/><G26/><T99/><D80/><U95/><E128/><V29/><F72/><W46/><G46/><T53/><D8/><U114/><E125/><V67/><F106/><W81/><G81/><T30/><D30/><U33/><E114/><N who="3" m="43530" /><G101/><T77/><D77/><U82/><E4/><V129/><F98/><W130/><G93/><N who="0" m="56767" /><D1/><U124/><E124/><V3/><F129/><N who="3" m="49163" /><G10/><T15/><D15/><U107/><E107/><V118/><F118/><W134/><G14/><T76/><D76/><U73/><E102/><V111/><F111/><W0/><G0/><T5/><D5/><U88/><E75/><V39/><F39/><W32/><G32/><T100/><D100/><U27/><E33/><V94/><F3/><W87/><G87/><N who="2" m="33353" /><F79/><W112/><N who="3" m="43538" /><W50/><DORA hai="11" /><G51/><T105/><D105/><U43/><E48/><V71/><F71/><AGARI ba="2,0" hai="45,50,52,62,64,71,132,134" m="49163,43538" machi="71" ten="50,8000,1" yaku="15,1,19,1,34,2,54,1" doraHai="12,11" who="3" fromWho="2" sc="612,0,120,0,61,-86,207,86" owari="612,71.2,120,-28.0,-25,-52.5,293,9.3" /></mjloggm>