<mjloggm ver="2.3"><GO type="9" lobby="0"/><UN n0="%E2%93%9D%4C%75%63%6B%79%4A" n1="%E9%BA%BB%E9%9B%80%E8%84%B3" n2="%E5%AE%9D%E3%81%8F%E3%81%98%EF%BC%97" n3="%E5%8C%97%E6%9D%91%E6%96%B9%E5%90%91" dan="5,1,12,8" rate="1598.94,1541.95,1766.47,1501.51" sx="M,M,M,M"/><TAIKYOKU oya="0"/><INIT seed="0,0,0,1,1,125" ten="250,250,250,250" oya="0" hai0="131,99,84,61,133,122,130,5,32,97,37,12,111" hai1="16,29,24,66,1,96,15,81,89,7,48,88,74" hai2="128,75,45,83,100,56,39,25,93,76,78,103,135" hai3="13,108,114,6,85,53,129,120,19,59,70,107,11"/><T68/><D122/><U33/><E66/><V132/><F25/><W9/><G108/><T27/><D37/><U121/><E121/><V101/><F39/><W31/><G114/><T95/><D133/><N who="2" m="51274" /><F56/><W8/><G107/><T123/><D123/><U54/><E96/><N who="2" m="59407" /><F45/><W41/><G70/><T10/><D111/><U126/><E126/><V2/><F2/><W134/><G134/><T40/><D40/><U127/><E127/><V86/><F128/><N who="0" m="49194" /><D84/><U116/><E116/><V23/><F23/><W67/><G41/><T117/><D117/><U34/><E34/><V57/><F57/><W30/><G85/><T80/><D80/><AGARI ba="0,0" hai="75,76,78,80,83,86,101,103" m="59407,51274" machi="80" ten="30,3900,0" yaku="20,1,34,2" doraHai="125" who="2" fromWho="0" sc="250,-39,250,0,250,39,250,0" /><INIT seed="1,0,0,3,3,62" ten="211,250,289,250" oya="1" hai0="60,0,121,52,124,15,22,41,102,13,9,42,125" hai1="32,132,34,69,61,67,103,108,114,43,107,38,112" hai2="80,30,65,117,6,71,77,116,90,94,57,46,93" hai3="12,119,74,2,7,128,28,31,56,92,21,16,8"/><U95/><E132/><V24/><F71/><W109/><G74/><T118/><D102/><U101/><E95/><V84/><F6/><W49/><G109/><T25/><D118/><U63/><E108/><V55/><F46/><W44/><G128/><T85/><D0/><U134/><E134/><V18/><F18/><W47/><G47/><T110/><D85/><U50/><E61/><V113/><F113/><N who="1" m="43625" /><E50/><V64/><F117/><W88/><G56/><T70/><D121/><U36/><E103/><V48/><F116/><W35/><G35/><N who="1" m="13354" /><E43/><V14/><F14/><W23/><G119/><T40/><D110/><U106/><E101/><V19/><F19/><W1/><G23/><T130/><D130/><U75/><E75/><V131/><F131/><W81/><G81/><T10/><D70/><U39/><AGARI ba="0,0" hai="36,38,39,63,67,69,106,107" m="13354,43625" machi="39" ten="40,3900,0" yaku="23,1,52,1" doraHai="62" who="1" fromWho="1" sc="211,-13,250,39,289,-13,250,-13" /><INIT seed="1,1,0,4,1,23" ten="198,289,276,237" oya="1" hai0="21,10,70,84,71,86,115,52,94,107,27,82,55" hai1="83,88,90,1,42,97,95,112,60,22,13,18,57" hai2="80,17,26,30,113,79,114,28,103,72,24,132,75" hai3="130,50,77,106,3,119,64,129,33,47,124,99,5"/><U100/><E112/><N who="2" m="43115" /><F103/><W123/><G123/><T46/><D115/><U53/><E1/><V51/><F132/><W62/><G119/><T101/><D107/><U98/><E83/><V15/><F51/><W14/><G33/><T109/><D109/><U69/><E42/><V45/><F45/><W134/><G134/><T39/><D10/><U131/><E131/><V29/><F75/><W2/><G77/><T73/><D71/><U35/><E35/><V127/><F127/><W4/><G124/><T78/><D70/><U49/><REACH who="1" step="1"/><E98/><REACH who="1" ten="198,279,276,237" step="2"/><V11/><AGARI ba="1,1" hai="11,15,17,24,26,28,29,30,72,79,80" m="43115" machi="11" ten="30,4000,0" yaku="11,1,52,2" doraHai="23" who="2" fromWho="2" sc="198,-11,279,-21,276,53,237,-11" /><INIT seed="2,0,0,2,3,45" ten="187,258,329,226" oya="2" hai0="84,86,116,61,39,90,80,119,63,6,7,103,57" hai1="106,100,46,93,13,3,122,82,23,114,55,76,91" hai2="18,58,75,41,115,30,108,97,95,70,21,113,62" hai3="132,134,79,111,10,32,34,107,15,74,29,77,68"/><V27/><F75/><W9/><G107/><T31/><D39/><U35/><E35/><V126/><F70/><W121/><G68/><T125/><D31/><U54/><E114/><V49/><F126/><W81/><G111/><T83/><D103/><U4/><E3/><V88/><F108/><W67/><G67/><T2/><D2/><U22/><E122/><V72/><F72/><W78/><G121/><T20/><D20/><U98/><E4/><V1/><F1/><W14/><G77/><T117/><D125/><U43/><E13/><V120/><F120/><W99/><G99/><T16/><D16/><U47/><E47/><N who="2" m="25839" /><F115/><W109/><G109/><T101/><D101/><U50/><E22/><V112/><F30/><W53/><G29/><T123/><D123/><U87/><REACH who="1" step="1"/><E23/><REACH who="1" ten="187,248,329,226" step="2"/><V73/><F73/><AGARI ba="0,1" hai="43,46,50,54,55,73,76,82,87,91,93,98,100,106" machi="73" ten="30,12000,2" yaku="1,1,2,1,7,1,24,2,52,1,53,0" doraHai="45" doraHaiUra="69" who="1" fromWho="2" sc="187,0,248,130,329,-120,226,0" /><INIT seed="3,0,0,0,0,128" ten="187,378,209,226" oya="3" hai0="110,46,96,63,119,9,12,89,99,45,10,26,16" hai1="68,111,92,77,123,32,30,31,91,51,74,78,25" hai2="94,5,112,34,3,35,20,23,18,86,108,36,87" hai3="61,115,69,11,73,104,17,42,47,28,97,71,53"/><W88/><G73/><T15/><D119/><U120/><E111/><V121/><F36/><W132/><G115/><T7/><D110/><U130/><E130/><V64/><F108/><W102/><G28/><T52/><D26/><U29/><E68/><V131/><F112/><W122/><G122/><T98/><D89/><U109/><E109/><V118/><F121/><W125/><G125/><T83/><D83/><U117/><E117/><V84/><F118/><W113/><G113/><T54/><REACH who="0" step="1"/><D63/><REACH who="0" ten="177,378,209,226" step="2"/><U101/><E123/><V95/><F131/><W48/><G61/><T33/><D33/><U116/><E120/><V126/><F126/><W107/><G88/><T65/><D65/><U72/><E91/><V19/><F64/><W103/><G71/><T134/><D134/><U0/><E25/><V44/><F3/><W49/><G132/><T58/><D58/><U1/><E32/><N who="2" m="12331" /><F44/><AGARI ba="0,1" hai="7,9,10,12,15,16,44,45,46,52,54,96,98,99" machi="44" ten="40,8000,1" yaku="1,1,8,1,54,2,53,0" doraHai="128" doraHaiUra="38" who="0" fromWho="2" sc="177,90,378,0,209,-80,226,0" /><INIT seed="4,0,0,1,0,49" ten="267,378,129,226" oya="0" hai0="20,54,81,37,119,98,17,95,85,121,102,106,115" hai1="88,116,135,109,105,94,122,25,15,51,53,131,69" hai2="29,52,56,111,18,90,11,93,22,8,79,68,125" hai3="41,7,96,45,21,77,99,134,67,71,26,6,14"/><T57/><D121/><U30/><E109/><V89/><F68/><W66/><G134/><T36/><D119/><U33/><E116/><V42/><F111/><W104/><G77/><T92/><D115/><U127/><E135/><V31/><F42/><W74/><G74/><T38/><D81/><U13/><E122/><V27/><F125/><W72/><G72/><T120/><D120/><U129/><E127/><V47/><F47/><W10/><G7/><T23/><D85/><N who="1" m="52495" /><E105/><V91/><F79/><W4/><G4/><T2/><D2/><U78/><E69/><V3/><F93/><W100/><G99/><T84/><D84/><U75/><E78/><V113/><F113/><W124/><G71/><T46/><D46/><N who="1" m="27895" /><E75/><V114/><F114/><W112/><G112/><T107/><D95/><U48/><E48/><N who="2" m="30727" /><F3/><W82/><G124/><T40/><D40/><U65/><E65/><V63/><F63/><W97/><G82/><T12/><REACH who="0" step="1"/><D23/><REACH who="0" ten="257,378,129,226" step="2"/><U39/><E39/><V64/><F64/><W5/><G67/><T34/><D34/><U128/><AGARI ba="0,1" hai="13,15,25,30,33,128,129,131" m="27895,52495" machi="128" ten="30,4000,0" yaku="19,1,52,1,54,1" doraHai="49" who="1" fromWho="1" sc="257,-20,378,50,129,-10,226,-10" /><INIT seed="5,0,0,2,2,118" ten="237,428,119,216" oya="1" hai0="43,99,72,109,22,17,80,92,108,55,23,36,125" hai1="19,97,75,21,37,27,74,93,16,67,79,133,42" hai2="135,100,119,96,1,32,0,85,5,44,56,41,124" hai3="89,134,106,38,59,126,112,102,10,46,14,9,25"/><U28/><E133/><V114/><F119/><W95/><G112/><T103/><D23/><U107/><E107/><V57/><F32/><W64/><G134/><T31/><D31/><U30/><E67/><V78/><F135/><W63/><G102/><T123/><D36/><U127/><E127/><V88/><F124/><W4/><G106/><T20/><D43/><U39/><E30/><V33/><F33/><W7/><G25/><T65/><D22/><U66/><E66/><V104/><F114/><W18/><G10/><T49/><D65/><U130/><E130/><V87/><F87/><W128/><G128/><T83/><D72/><U111/><E111/><V11/><F78/><W90/><G90/><T48/><D49/><U29/><E39/><V26/><F26/><W8/><G9/><T51/><D51/><U58/><E28/><V40/><F1/><W113/><G113/><T122/><D109/><U98/><E98/><V50/><REACH who="2" step="1"/><F41/><REACH who="2" ten="237,428,109,216" step="2"/><W131/><G131/><T68/><D108/><U77/><E77/><V34/><F34/><W54/><G126/><T117/><D117/><U45/><E79/><V6/><F6/><W13/><G7/><T115/><D115/><U110/><E110/><V53/><F53/><W69/><G54/><T84/><D84/><U62/><E97/><V121/><F121/><N who="0" m="46090" /><D125/><U94/><E75/><V52/><F52/><W3/><G69/><T35/><D68/><U132/><E74/><V24/><F24/><W76/><G64/><T2/><D35/><U120/><E132/><V105/><F105/><W82/><G4/><T70/><D70/><RYUUKYOKU ba="0,1" sc="237,-10,428,-10,109,30,216,-10" hai2="0,5,11,40,44,50,56,57,85,88,96,100,104" /><INIT seed="6,1,1,4,3,128" ten="227,418,139,206" oya="2" hai0="94,83,38,39,55,122,134,67,11,123,3,12,31" hai1="109,4,61,45,98,133,92,120,127,1,2,62,69" hai2="21,111,72,25,24,84,95,65,16,18,17,74,106" hai3="70,118,14,130,85,104,99,27,103,82,54,68,131"/><V88/><F106/><W5/><G118/><T77/><D67/><U87/><E109/><V75/><F111/><W36/><G36/><T116/><D31/><U102/><E120/><N who="0" m="46121" /><D55/><U129/><E129/><N who="3" m="49162" /><G27/><T42/><D94/><U19/><E127/><V64/><REACH who="2" step="1"/><F25/><REACH who="2" ten="227,418,129,206" step="2"/><W56/><G104/><T9/><D116/><U35/><E35/><V50/><F50/><W93/><G68/><T114/><D39/><U51/><E69/><V89/><F89/><W91/><G70/><T53/><D38/><U10/><E133/><V15/><F15/><W101/><G14/><T28/><D12/><U110/><E110/><V71/><F71/><W59/><G103/><T57/><D134/><U48/><E1/><V81/><F81/><W112/><G112/><T80/><D83/><U60/><E51/><V32/><F32/><W96/><G82/><T46/><D80/><U115/><E115/><V63/><F63/><W37/><G37/><T40/><D114/><U30/><E62/><V117/><F117/><W126/><G126/><T58/><D3/><U124/><E61/><V73/><N who="2" m="18432" /><DORA hai="90" /><V33/><F33/><W49/><G101/><T44/><D77/><U132/><E102/><V66/><AGARI ba="1,2" hai="16,17,18,21,24,64,65,66,84,88,95" m="18432" machi="66" ten="60,24000,3" yaku="1,1,0,1,52,1,54,2,53,4" doraHai="128,90" doraHaiUra="105,8" who="2" fromWho="2" sc="227,-81,418,-81,129,263,206,-81" /><INIT seed="6,2,0,5,3,108" ten="146,337,392,125" oya="2" hai0="121,50,91,51,21,135,34,63,112,37,125,48,36" hai1="132,95,49,61,90,68,9,17,15,114,89,103,87" hai2="6,122,126,123,27,24,128,19,131,115,94,39,133" hai3="82,93,60,52,26,55,96,110,58,120,71,32,73"/><V14/><F39/><N who="0" m="14922" /><D34/><U109/><E109/><V65/><F94/><W7/><G120/><N who="2" m="46121" /><F65/><W54/><G110/><T43/><D21/><U35/><E132/><V76/><F76/><W47/><G7/><T84/><D91/><U38/><E38/><V57/><F57/><W119/><G119/><T3/><D3/><U18/><E35/><V5/><F133/><W62/><G73/><T98/><D98/><U16/><E103/><V104/><F104/><W124/><G124/><T79/><D79/><U74/><E74/><V4/><F126/><W41/><G82/><T100/><D100/><U78/><E78/><V113/><F14/><W99/><G71/><T11/><D84/><U56/><E68/><V105/><F105/><W118/><G118/><T46/><D125/><U67/><E49/><N who="0" m="18441" /><D121/><U134/><E134/><V20/><F27/><W45/><G26/><T117/><D117/><U31/><E31/><V111/><F111/><W13/><G13/><T116/><D116/><U10/><E90/><V80/><F80/><W70/><G32/><T25/><D25/><U42/><E42/><V69/><F69/><W12/><G12/><T72/><D72/><U92/><E92/><V85/><F85/><W75/><G75/><T44/><D135/><U29/><E29/><V102/><F102/><N who="3" m="60687" /><G99/><T59/><D46/><N who="3" m="17417" /><G41/><T2/><D2/><U130/><E130/><AGARI ba="2,0" hai="4,5,6,19,20,24,113,115,128,130,131" m="46121" machi="130" ten="40,12000,1" yaku="19,1,34,2,52,2" doraHai="108" who="2" fromWho="1" sc="146,0,337,-126,392,126,125,0" /><INIT seed="6,3,0,5,1,92" ten="146,211,518,125" oya="2" hai0="115,48,11,89,98,116,65,102,122,91,97,42,0" hai1="105,119,133,79,75,99,4,22,34,121,49,113,15" hai2="30,36,57,108,20,107,71,109,16,29,114,12,106" hai3="84,93,17,55,129,50,1,63,26,118,112,2,54"/><V24/><F36/><W13/><G118/><T58/><D122/><U83/><E119/><V21/><F71/><W9/><G129/><T76/><D116/><U56/><E34/><V135/><F57/><W69/><G26/><T53/><D76/><U72/><E72/><V125/><F107/><W126/><G126/><T40/><D115/><U87/><E133/><V61/><F61/><W78/><G112/><T100/><D0/><U88/><E113/><V131/><F106/><W104/><G104/><T35/><D11/><U130/><E130/><V74/><F74/><W10/><G10/><T111/><D35/><U6/><E121/><V132/><F114/><W123/><G123/><T14/><D14/><U43/><E43/><N who="0" m="16425" /><D65/><U37/><E37/><V8/><F131/><W66/><G55/><T59/><D59/><U81/><E49/><V41/><F41/><W134/><G134/><N who="2" m="51241" /><F125/><W39/><G39/><T127/><D111/><N who="2" m="42570" /><F21/><W27/><G27/><T25/><D25/><U33/><E56/><V120/><F120/><W5/><G78/><T31/><D127/><U80/><E33/><V82/><F82/><W51/><G51/><T19/><D48/><U101/><REACH who="1" step="1"/><E81/><REACH who="1" ten="146,201,518,125" step="2"/><V38/><F38/><W90/><G5/><AGARI ba="3,1" hai="5,8,12,16,20,24,29,30" m="42570,51241" machi="5" ten="30,12000,1" yaku="20,1,10,1,34,2,54,1" doraHai="92" who="2" fromWho="3" sc="146,0,201,0,518,139,125,-129" owari="146,-25.4,201,0.1,657,75.7,-4,-50.4" /></mjloggm>