<mjloggm ver="2.3"><GO type="41" lobby="0"/><UN n0="%E2%93%9D%4C%75%63%6B%79%4A" n1="%E5%B3%B6%E7%81%B0" n2="%E7%9F%B3%E3%82%84" n3="%E9%BA%BB%E9%9B%80%69%73%6C%75%63%6B" dan="18,13,14,13" rate="2163.04,1934.99,2063.97,1849.22" sx="M,M,F,M"/><TAIKYOKU oya="0"/><INIT seed="0,0,0,0,1,115" ten="250,250,250,250" oya="0" hai0="46,56,113,68,27,55,38,116,63,91,50,49,65" hai1="85,57,119,9,103,39,133,120,98,53,4,110,1" hai2="107,129,22,84,43,102,71,87,40,77,29,26,3" hai3="92,10,124,93,125,90,86,24,121,12,18,54,64"/><T19/><D113/><U14/><E120/><V32/><F3/><W100/><G121/><T118/><D91/><U122/><E122/><V79/><F129/><W59/><G64/><T73/><D73/><U25/><E110/><V58/><F71/><W0/><G0/><T72/><D72/><U99/><E39/><V94/><F107/><W97/><REACH who="3" step="1"/><G24/><REACH who="3" ten="250,250,250,240" step="2"/><T111/><D111/><U130/><E130/><V35/><F26/><W48/><AGARI ba="0,1" hai="10,12,18,48,54,59,86,90,92,93,97,100,124,125" machi="48" ten="30,4000,0" yaku="1,1,2,1,0,1,53,0" doraHai="115" doraHaiUra="23" who="3" fromWho="3" sc="250,-20,250,-10,250,-10,240,50" /><INIT seed="1,0,0,2,4,114" ten="230,240,240,290" oya="1" hai0="40,99,105,7,6,60,30,50,36,28,92,80,44" hai1="43,69,35,1,27,19,88,20,5,54,84,25,111" hai2="14,83,61,9,75,104,93,15,11,124,123,98,118" hai3="3,132,97,119,31,117,116,73,62,46,13,49,100"/><U85/><E69/><V125/><F123/><W22/><G3/><T48/><D105/><U58/><E111/><V17/><F104/><W112/><G112/><T77/><D60/><U32/><E43/><V55/><F75/><W33/><G132/><T87/><D36/><U101/><E101/><V66/><F83/><W26/><G73/><T89/><REACH who="0" step="1"/><D50/><REACH who="0" ten="220,240,240,290" step="2"/><U103/><E103/><V45/><F61/><W96/><G62/><T108/><D108/><U82/><E84/><V42/><F124/><W102/><G102/><T135/><D135/><U12/><E35/><V130/><F125/><W16/><REACH who="3" step="1"/><G100/><REACH who="3" ten="220,240,240,280" step="2"/><T65/><D65/><U68/><E68/><V86/><F66/><W129/><G129/><T126/><D126/><U70/><E70/><V51/><F130/><W106/><G106/><T131/><D131/><U41/><E32/><V56/><F51/><W94/><G94/><T4/><AGARI ba="0,2" hai="4,6,7,28,30,40,44,48,77,80,87,89,92,99" machi="4" ten="30,4000,0" yaku="1,1,0,1,8,1,53,0" doraHai="114" doraHaiUra="52" who="0" fromWho="0" sc="220,60,240,-20,240,-10,280,-10" /><INIT seed="2,0,0,1,4,2" ten="280,220,230,270" oya="2" hai0="50,38,35,26,126,86,21,77,54,60,24,95,70" hai1="129,94,127,87,84,32,134,85,97,29,109,30,82" hai2="113,125,37,10,57,122,75,49,3,81,98,47,104" hai3="130,13,124,11,67,45,18,43,121,96,61,33,99"/><V51/><F113/><W117/><G121/><T131/><D38/><U52/><E109/><V91/><F122/><W16/><G117/><T103/><D35/><U25/><E129/><V88/><F125/><W83/><G130/><T106/><D106/><U64/><E127/><V132/><F132/><W78/><G124/><T72/><D72/><U1/><E134/><V5/><F57/><W123/><G18/><T69/><D26/><U111/><E111/><V66/><F66/><W8/><G8/><T59/><D131/><U135/><E135/><V79/><F49/><W12/><G12/><T128/><D77/><U14/><E1/><V68/><F68/><W19/><G19/><T105/><D105/><U120/><E64/><V133/><F133/><W36/><G33/><T115/><D115/><U23/><E120/><V90/><F37/><W71/><REACH who="3" step="1"/><G123/><REACH who="3" ten="280,220,230,260" step="2"/><T107/><D128/><U56/><E32/><V80/><F104/><W48/><G48/><T20/><D50/><N who="1" m="30743" /><E14/><V65/><F65/><W39/><G39/><T6/><D126/><U42/><E30/><V41/><REACH who="2" step="1"/><F80/><REACH who="2" ten="280,220,220,260" step="2"/><W102/><G102/><T34/><D103/><N who="1" m="60855" /><E42/><V93/><AGARI ba="0,2" hai="3,5,10,41,47,51,75,79,81,88,90,91,93,98" machi="93" ten="30,12000,1" yaku="1,1,0,1,52,1,54,1,53,1" doraHai="2" doraHaiUra="89" who="2" fromWho="2" sc="280,-40,220,-40,220,140,260,-40" /><INIT seed="2,1,0,1,5,59" ten="240,180,360,220" oya="2" hai0="46,124,107,30,21,11,102,73,67,57,108,98,70" hai1="65,36,109,113,66,60,38,0,34,12,87,111,91" hai2="69,29,18,44,39,88,76,26,92,96,42,89,117" hai3="1,40,51,27,115,86,129,32,19,127,7,114,116"/><V135/><F117/><W130/><G51/><T83/><D124/><U5/><E113/><N who="3" m="43018" /><G40/><T105/><D108/><N who="1" m="41547" /><E0/><V43/><F135/><W101/><G19/><T8/><D107/><U79/><E79/><V13/><F42/><W121/><G116/><T112/><D70/><N who="1" m="42279" /><E34/><V63/><F76/><W54/><G54/><T90/><D46/><U33/><E33/><V2/><F2/><W74/><G74/><T52/><D67/><U10/><E66/><V72/><F72/><W45/><G45/><T16/><D30/><U133/><E133/><V61/><F89/><W123/><G86/><T128/><D112/><U9/><E9/><V22/><F69/><W84/><G84/><T78/><D90/><U134/><E134/><V110/><F110/><W58/><G58/><T94/><D105/><U122/><E122/><V99/><F99/><W77/><G77/><T41/><D41/><U20/><E20/><AGARI ba="1,0" hai="13,18,20,22,26,29,39,43,44,61,63,88,92,96" machi="20" ten="30,11600,0" yaku="7,1,52,2,54,1" doraHai="59" who="2" fromWho="1" sc="240,0,180,-119,360,119,220,0" /><INIT seed="2,2,0,3,4,2" ten="240,61,479,220" oya="2" hai0="8,71,107,35,89,87,23,37,20,18,69,123,4" hai1="5,58,52,59,45,33,14,53,129,39,47,108,77" hai2="12,48,50,7,49,15,74,60,118,6,24,90,17" hai3="79,126,114,92,16,99,3,121,11,62,106,51,73"/><V101/><F118/><W95/><G121/><T131/><D123/><U13/><E108/><V100/><F74/><W93/><G126/><T64/><D35/><U122/><E122/><V46/><F46/><W124/><G114/><T130/><D107/><U110/><E110/><V120/><F120/><W94/><G106/><T38/><D64/><U1/><E33/><V91/><F60/><W61/><G124/><T30/><D30/><U57/><E77/><V104/><F104/><W44/><G79/><T125/><D18/><U19/><E129/><N who="0" m="49161" /><D23/><U115/><E115/><V78/><F78/><W113/><G113/><T85/><D20/><U97/><E97/><V10/><F24/><W133/><G133/><T103/><D103/><N who="2" m="39498" /><F12/><N who="3" m="7199" /><G3/><N who="0" m="31" /><D125/><U127/><E127/><V22/><F22/><W112/><G73/><T70/><D87/><U68/><E68/><N who="0" m="17409" /><T28/><DORA hai="128" /><D28/><U117/><E117/><V0/><F0/><W41/><G112/><T36/><D38/><U34/><E34/><V65/><F65/><W27/><G27/><T72/><D72/><U54/><E1/><V25/><F25/><W21/><G21/><T40/><D40/><U83/><E39/><V116/><F116/><W31/><G31/><T81/><AGARI ba="2,0" hai="36,37,81,85,89" m="17409,31,49161" machi="81" ten="50,3200,0" yaku="19,1,52,1" doraHai="2,128" who="0" fromWho="0" sc="240,38,61,-10,479,-18,220,-10" /><INIT seed="3,0,0,0,5,19" ten="278,51,461,210" oya="3" hai0="82,118,132,114,35,50,51,26,128,110,94,31,16" hai1="79,34,68,17,93,100,97,49,126,0,104,129,58" hai2="24,6,32,48,70,101,64,57,109,28,25,77,113" hai3="131,80,111,102,8,130,62,22,38,42,33,23,47"/><W36/><G33/><T73/><D118/><U120/><E120/><V119/><F119/><W121/><G121/><T123/><D123/><U84/><E129/><N who="3" m="49162" /><G38/><T66/><D66/><U3/><E126/><V54/><F113/><W21/><G111/><T83/><D110/><U86/><E68/><V63/><F109/><W91/><G102/><T90/><D132/><U20/><E34/><V98/><F24/><W5/><G62/><T13/><D114/><U87/><E79/><V122/><F77/><W108/><G108/><T76/><D83/><U18/><E18/><V74/><F122/><W96/><G96/><T41/><D41/><U43/><E104/><N who="2" m="63543" /><F6/><W45/><G45/><T29/><D31/><U53/><REACH who="1" step="1"/><E43/><REACH who="1" ten="278,41,461,210" step="2"/><V85/><F32/><W9/><G5/><T56/><D128/><U15/><AGARI ba="0,1" hai="0,3,15,17,20,49,53,58,84,86,87,93,97,100" machi="15" ten="30,8000,1" yaku="1,1,2,1,0,1,52,1,53,1" doraHai="19" doraHaiUra="52" who="1" fromWho="1" sc="278,-20,41,90,461,-20,210,-40" /><INIT seed="4,0,0,3,1,119" ten="258,131,441,170" oya="0" hai0="40,115,30,88,122,92,76,95,3,65,73,118,29" hai1="66,37,36,22,98,77,16,38,109,107,79,129,94" hai2="39,13,83,117,57,23,61,101,44,99,123,20,10" hai3="9,135,51,134,111,85,128,91,133,78,18,104,46"/><T84/><D118/><U102/><E109/><V81/><F117/><W11/><G111/><T31/><D3/><U15/><E129/><V7/><F123/><W121/><G128/><T82/><D122/><U86/><E66/><V96/><F44/><W21/><G104/><T64/><D115/><U17/><E107/><V5/><F5/><W41/><G78/><T113/><D113/><U72/><E72/><V97/><F39/><W108/><G108/><T1/><D1/><U24/><REACH who="1" step="1"/><E86/><REACH who="1" ten="258,121,441,170" step="2"/><V48/><F96/><W126/><G121/><T103/><REACH who="0" step="1"/><D40/><REACH who="0" ten="248,121,441,170" step="2"/><U116/><E116/><V75/><F75/><W55/><G41/><T25/><D25/><U43/><E43/><V125/><F125/><W127/><G126/><T4/><D4/><U12/><E12/><V124/><F7/><W131/><G127/><T45/><D45/><U58/><E58/><V28/><F124/><W14/><REACH who="3" step="1"/><G131/><REACH who="3" ten="248,121,441,160" step="2"/><T8/><D8/><AGARI ba="0,3" hai="8,15,16,17,22,24,36,37,38,77,79,94,98,102" machi="8" ten="40,2600,0" yaku="1,1,54,1,53,0" doraHai="119" doraHaiUra="50" who="1" fromWho="0" sc="248,-26,121,56,441,0,160,0" /><INIT seed="5,0,0,3,4,91" ten="222,177,441,160" oya="1" hai0="23,2,9,45,81,99,133,10,108,73,64,110,90" hai1="114,132,40,1,68,72,34,123,47,71,44,129,32" hai2="77,135,26,134,38,101,14,3,36,80,5,94,70" hai3="13,92,89,12,8,113,52,18,112,100,51,128,15"/><U27/><E123/><V115/><F70/><W63/><G100/><T74/><D64/><U33/><E114/><N who="3" m="44138" /><G128/><T53/><D23/><U109/><E129/><V84/><F115/><W118/><G63/><T43/><D53/><U106/><E132/><N who="2" m="50731" /><F26/><W96/><G118/><T25/><D25/><U54/><E54/><V42/><F3/><W76/><G76/><T103/><D110/><U49/><E109/><V82/><F82/><W107/><G107/><T7/><D10/><U67/><E1/><V57/><F57/><AGARI ba="0,0" hai="8,12,13,15,18,51,52,57,89,92,96" m="44138" machi="57" ten="30,3900,0" yaku="15,1,52,1,54,1" doraHai="91" who="3" fromWho="2" sc="222,0,177,0,441,-39,160,39" /><INIT seed="6,0,0,3,1,72" ten="222,177,402,199" oya="2" hai0="103,6,114,91,53,59,108,21,50,80,45,118,44" hai1="82,17,2,84,73,110,105,43,11,37,104,22,31" hai2="107,88,33,67,123,102,81,9,83,92,86,101,113" hai3="106,47,133,77,66,28,129,46,25,124,16,75,68"/><V112/><F33/><W130/><G106/><T42/><D108/><U97/><E110/><V109/><F109/><W85/><G75/><T3/><D103/><N who="2" m="39434" /><F107/><W30/><G30/><T93/><D114/><N who="2" m="44138" /><F123/><W76/><G124/><T132/><D132/><U51/><E37/><V78/><F67/><W13/><G133/><T8/><D118/><U48/><E31/><V126/><F126/><W96/><G85/><T134/><D134/><U74/><E97/><N who="2" m="57479" /><F81/><W5/><G66/><T56/><D80/><U0/><E82/><V127/><F127/><W10/><G96/><T63/><D21/><U4/><E22/><V70/><F9/><W27/><G68/><AGARI ba="0,0" hai="68,70,78,83,86" m="57479,44138,39434" machi="68" ten="30,5800,0" yaku="15,1,52,1,54,1" doraHai="72" who="2" fromWho="3" sc="222,0,177,0,402,58,199,-58" /><INIT seed="6,1,0,5,0,68" ten="222,177,460,141" oya="2" hai0="101,72,74,48,117,45,127,6,105,1,42,65,125" hai1="53,88,8,79,47,23,120,123,56,92,94,28,12" hai2="26,25,99,122,113,107,3,111,20,31,0,58,100" hai3="93,50,17,83,97,38,84,115,75,69,19,64,27"/><V77/><F122/><N who="1" m="46633" /><E79/><V110/><F113/><W13/><G75/><T34/><D34/><U49/><E28/><V119/><F119/><W78/><G115/><T59/><D117/><U57/><E23/><V89/><F77/><W87/><G87/><T60/><D101/><U96/><E92/><V4/><F89/><W109/><G109/><N who="2" m="41481" /><F4/><AGARI ba="1,0" hai="4,8,12,47,49,53,56,57,88,94,96" m="46633" machi="4" ten="30,2000,0" yaku="13,1,54,1" doraHai="68" who="1" fromWho="2" sc="222,0,177,23,460,-23,141,0" /><INIT seed="7,0,0,4,2,12" ten="222,200,437,141" oya="3" hai0="102,4,48,129,8,21,76,132,115,119,41,73,22" hai1="6,53,29,40,64,60,80,27,99,126,26,84,31" hai2="36,38,59,95,125,68,127,69,104,61,118,63,93" hai3="86,85,133,51,55,35,90,33,30,134,98,56,121"/><W1/><G121/><T49/><D102/><U66/><E126/><V70/><F104/><W65/><G1/><T10/><D119/><U112/><E112/><V44/><F118/><W91/><G65/><T18/><D76/><U114/><E40/><N who="2" m="22535" /><F61/><W107/><G107/><T116/><D132/><N who="3" m="50793" /><G98/><T87/><D87/><N who="3" m="33289" /><G30/><T111/><D115/><U23/><E99/><V75/><F38/><W45/><G45/><T46/><D46/><U72/><E72/><V67/><F75/><W25/><G25/><T19/><D73/><U78/><E6/><V37/><F37/><W100/><G100/><T28/><D28/><U39/><E39/><V54/><F67/><W106/><G106/><T109/><D116/><U88/><E78/><V58/><F58/><W34/><AGARI ba="0,0" hai="33,34,35,51,55,56,90,91" m="33289,50793" machi="34" ten="40,2100,0" yaku="20,1" doraHai="12" who="3" fromWho="3" sc="222,-7,200,-7,437,-7,141,21" /><INIT seed="7,1,0,1,4,83" ten="215,193,430,162" oya="3" hai0="81,78,80,69,102,112,100,35,14,110,75,97,91" hai1="19,135,4,56,76,122,121,125,51,84,8,33,37" hai2="49,79,21,85,93,59,117,71,26,88,87,118,55" hai3="94,27,39,89,124,34,92,40,54,130,62,74,10"/><W38/><G130/><T50/><D35/><U5/><E37/><V119/><F71/><W16/><G124/><T13/><D69/><U70/><E70/><V48/><F79/><W133/><G133/><T98/><D50/><U18/><E33/><V67/><F67/><W20/><G74/><T68/><D68/><U0/><E125/><V28/><F85/><W73/><G73/><T107/><D14/><U30/><E30/><V52/><F117/><W31/><G92/><N who="0" m="58695" /><D13/><U127/><E127/><V99/><F99/><W29/><G29/><T90/><D110/><U134/><E4/><V61/><F48/><W9/><G39/><T42/><D42/><U6/><E6/><V131/><F131/><W109/><G109/><T128/><D112/><U103/><E103/><V106/><F106/><W58/><G40/><T126/><D126/><U77/><E51/><V116/><F116/><W2/><G38/><T45/><D45/><AGARI ba="1,0" hai="21,26,28,45,49,52,55,59,61,87,88,93,118,119" machi="45" ten="30,7700,0" yaku="7,1,52,1,54,2" doraHai="83" who="2" fromWho="0" sc="215,-80,193,0,430,80,162,0" owari="135,-36.5,193,-0.7,510,61.0,162,-23.8" /></mjloggm>