<mjloggm ver="2.3"><GO type="41" lobby="0"/><UN n0="%E3%82%AB%E3%83%8C%E3%83%95%E3%83%A9" n1="%E3%82%A2%E3%83%8A%E3%83%88%E3%83%AA%E3%82%A2%E3%81%AE%E5%82%AD%E5%85%B5" n2="%E6%B2%99%E5%8C%85%E7%BE%BD" n3="%E2%93%9D%4C%75%63%6B%79%4A" dan="15,15,15,16" rate="1968.50,1987.43,1999.75,2161.14" sx="M,M,F,M"/><TAIKYOKU oya="0"/><INIT seed="0,0,0,2,4,135" ten="250,250,250,250" oya="0" hai0="82,92,86,76,17,122,56,7,121,64,59,130,22" hai1="107,89,53,33,105,113,47,81,15,61,112,31,63" hai2="37,69,58,117,57,75,125,126,90,73,8,134,60" hai3="110,49,96,20,21,124,83,52,109,74,127,78,44"/><T23/><D130/><U12/><E33/><V29/><F29/><W38/><G38/><T129/><D129/><U133/><E31/><V39/><F8/><W24/><G96/><T14/><D7/><U114/><E133/><V128/><F90/><W18/><REACH who="3" step="1"/><G21/><REACH who="3" ten="250,250,250,240" step="2"/><T10/><D122/><U132/><E132/><V72/><F134/><W97/><G97/><T51/><D121/><U34/><E34/><V40/><F128/><W26/><G26/><T101/><D101/><U99/><E99/><V93/><F37/><W120/><G120/><T25/><D92/><U123/><E123/><V54/><F93/><W85/><G85/><T116/><D116/><U50/><E107/><V46/><F117/><W95/><G95/><T84/><D86/><N who="1" m="50383" /><E105/><V5/><F69/><W3/><G3/><T1/><D1/><U6/><E6/><V35/><F35/><W36/><G36/><T30/><D22/><U108/><E108/><AGARI ba="0,1" hai="18,20,24,44,49,52,74,78,83,108,109,110,124,127" machi="108" ten="40,8000,1" yaku="1,1,14,1,52,2,54,1,53,0" doraHai="135" doraHaiUra="115" who="3" fromWho="1" sc="250,0,250,-80,250,0,240,90" /><INIT seed="1,0,0,4,2,61" ten="250,170,250,330" oya="1" hai0="103,18,2,126,59,34,90,131,82,97,96,107,44" hai1="43,112,45,76,120,33,42,121,23,24,63,87,7" hai2="30,3,118,128,81,10,72,54,85,25,35,101,66" hai3="65,57,14,21,69,117,38,41,37,6,4,110,70"/><U105/><E33/><V79/><F118/><W95/><G117/><T106/><D2/><U123/><E112/><V129/><F101/><W40/><G95/><T46/><D34/><U122/><E105/><V75/><F54/><W91/><G91/><T48/><D131/><U93/><N who="1" m="30720" /><DORA hai="134" /><U19/><E7/><V109/><F109/><W56/><G21/><T74/><D18/><U39/><E43/><V73/><F10/><W133/><G133/><T124/><D59/><U130/><E130/><N who="2" m="50283" /><F3/><W111/><G14/><T102/><D44/><U115/><E115/><V28/><F28/><W68/><G70/><T8/><D8/><U78/><REACH who="1" step="1"/><E63/><REACH who="1" ten="250,160,250,330" step="2"/><V27/><F27/><W100/><G100/><T26/><D26/><U20/><E20/><V71/><F72/><W64/><AGARI ba="0,1" hai="4,6,37,38,40,41,56,57,64,65,68,69,110,111" machi="64" ten="25,8000,1" yaku="0,1,22,2,52,2" doraHai="61,134" who="3" fromWho="3" sc="250,-20,160,-40,250,-20,330,90" /><INIT seed="2,0,0,4,0,13" ten="230,120,230,420" oya="2" hai0="86,94,131,117,116,75,5,130,85,133,34,90,55" hai1="118,49,0,37,74,98,82,7,106,40,80,125,68" hai2="23,19,8,42,71,31,51,9,122,109,123,134,69" hai3="24,52,45,129,107,2,15,113,14,21,104,114,108"/><V16/><F42/><W132/><G2/><T4/><D34/><U89/><E118/><N who="0" m="45673" /><D55/><U18/><E125/><V120/><F51/><N who="3" m="28783" /><G108/><T126/><D5/><U81/><E68/><V10/><F109/><W62/><G129/><N who="0" m="49163" /><D4/><U124/><E124/><V92/><F92/><W11/><G132/><T46/><D46/><U29/><E29/><V43/><F43/><W36/><G62/><T39/><D126/><U25/><E37/><V66/><F134/><W77/><G77/><T47/><D47/><U76/><E0/><V121/><N who="2" m="30720" /><DORA hai="102" /><V44/><F44/><W83/><G83/><T100/><D39/><U112/><E112/><N who="3" m="43114" /><G36/><T48/><D48/><U79/><E7/><V119/><F119/><W57/><G57/><T111/><D133/><U73/><E40/><V99/><F71/><W110/><G110/><T67/><D111/><U128/><E128/><V12/><F69/><W30/><G15/><T60/><D75/><U54/><E49/><V22/><F66/><W64/><G64/><T70/><D100/><N who="1" m="62743" /><E54/><V50/><F50/><W56/><G56/><T115/><D115/><U93/><E25/><N who="2" m="16823" /><F99/><AGARI ba="0,0" hai="60,67,70,85,86,90,94,99" m="49163,45673" machi="99" ten="30,2000,0" yaku="12,1,19,1" doraHai="13,102" who="0" fromWho="2" sc="230,20,120,0,230,-20,420,0" /><INIT seed="3,0,0,3,0,28" ten="250,120,210,420" oya="3" hai0="39,43,26,9,76,11,30,16,24,44,1,108,42" hai1="52,25,79,10,70,123,118,129,89,102,7,106,3" hai2="82,127,6,87,104,62,15,48,64,95,66,120,112" hai3="107,23,20,46,65,56,47,50,27,37,115,74,88"/><W36/><G74/><T38/><D108/><U128/><E123/><V34/><F112/><W90/><G115/><T98/><D76/><U67/><E118/><V14/><F104/><W69/><G107/><T97/><D1/><U13/><E79/><V133/><F127/><W19/><G69/><T130/><D30/><U117/><E117/><V61/><F133/><W83/><G37/><T68/><D44/><U17/><E25/><V51/><F120/><W91/><G36/><T35/><D68/><U54/><E67/><V31/><F95/><W119/><G119/><T93/><D93/><U121/><E70/><V80/><F31/><W124/><G124/><T45/><D45/><N who="3" m="16905" /><G23/><T0/><D0/><U111/><E121/><V114/><F87/><N who="3" m="50687" /><G65/><T101/><D101/><U49/><E111/><V21/><F21/><W92/><G92/><T60/><D130/><N who="1" m="50283" /><E89/><V73/><F73/><W85/><G85/><T113/><D113/><U41/><E41/><V96/><F114/><W18/><G19/><T105/><D105/><U22/><E49/><V99/><F6/><W100/><G100/><T110/><D110/><U32/><E32/><AGARI ba="0,0" hai="14,15,32,34,48,51,61,62,64,66,80,82,96,99" machi="32" ten="25,6400,0" yaku="22,2,52,2" doraHai="28" who="2" fromWho="1" sc="250,0,120,-64,210,64,420,0" /><INIT seed="4,0,0,3,1,123" ten="250,56,274,420" oya="0" hai0="111,133,95,108,115,59,130,57,3,71,92,100,22" hai1="46,62,127,110,122,107,45,72,6,79,42,81,128" hai2="124,63,38,55,58,118,131,39,61,120,99,5,129" hai3="135,36,27,105,65,16,17,83,10,30,89,49,8"/><T121/><D121/><U50/><E122/><V112/><F120/><W68/><G36/><N who="2" m="13865" /><F5/><W9/><G105/><T34/><D34/><U60/><E127/><V67/><F99/><W98/><G68/><T11/><D71/><U24/><E128/><N who="2" m="49227" /><F124/><W32/><G65/><T52/><D130/><U84/><E107/><V35/><F35/><W134/><G49/><T82/><D82/><U64/><E110/><N who="0" m="42025" /><D133/><N who="3" m="50697" /><G83/><T66/><D115/><U119/><E119/><V7/><F7/><W29/><G30/><T40/><D40/><U88/><E24/><V80/><F80/><W94/><AGARI ba="0,0" hai="8,9,10,16,17,27,29,32,89,94,98" m="50697" machi="94" ten="40,2700,0" yaku="20,1,54,1" doraHai="123" who="3" fromWho="3" sc="250,-13,56,-7,274,-7,420,27" /><INIT seed="5,0,0,5,1,38" ten="237,49,267,447" oya="1" hai0="130,126,19,29,133,37,102,22,75,96,68,84,16" hai1="85,31,128,115,109,116,122,80,42,76,47,11,70" hai2="20,81,0,121,134,72,5,91,78,23,14,36,67" hai3="4,114,40,127,88,106,105,135,113,10,74,54,79"/><U98/><E122/><V35/><F121/><W92/><G54/><T8/><D75/><U119/><E115/><N who="3" m="44042" /><G127/><T104/><D68/><U61/><E128/><V65/><F91/><W107/><G135/><T120/><D126/><U51/><E109/><V15/><F36/><W24/><G24/><T66/><D37/><U93/><E31/><V3/><F35/><W33/><G33/><T117/><D66/><U63/><E70/><V6/><F81/><N who="3" m="45303" /><G40/><T123/><D130/><U132/><E132/><V111/><F78/><W58/><G58/><T7/><D133/><U39/><E39/><V44/><F44/><W87/><G10/><T108/><D123/><U110/><E110/><V30/><F111/><W28/><G4/><T131/><D108/><U50/><E50/><V52/><F134/><W53/><G53/><T97/><D120/><U57/><E61/><V34/><F52/><W82/><G28/><T90/><D29/><U94/><E94/><AGARI ba="0,0" hai="82,87,88,92,94,105,106,107" m="45303,44042" machi="94" ten="40,8000,1" yaku="15,1,34,2,54,1" doraHai="38" who="3" fromWho="1" sc="237,0,49,-80,267,0,447,80" owari="237,-16.3,-31,-53.1,267,6.7,527,62.7" /></mjloggm>