<mjloggm ver="2.3"><GO type="41" lobby="0"/><UN n0="%44%65%63%65%6D%62%65%72" n1="%61%72%61" n2="%73%65%65%73%65%65%6E%64" n3="%E2%93%9D%4C%75%63%6B%79%4A" dan="14,13,15,18" rate="2001.54,1969.89,2096.64,2164.64" sx="M,M,F,M"/><TAIKYOKU oya="0"/><INIT seed="0,0,0,2,1,56" ten="250,250,250,250" oya="0" hai0="125,33,94,17,49,22,90,0,112,76,89,81,59" hai1="19,51,126,64,73,91,93,84,85,45,66,63,47" hai2="38,128,74,35,46,18,30,11,67,103,115,98,21" hai3="110,6,113,36,69,124,20,108,9,133,50,8,32"/><T80/><D112/><U116/><E73/><V127/><F115/><W70/><G113/><T13/><D125/><U135/><E135/><V40/><F74/><W118/><G36/><T57/><D33/><U130/><E130/><V95/><F128/><W2/><G20/><T55/><D0/><U7/><E126/><V29/><F127/><W132/><G124/><T41/><D41/><U87/><E7/><V121/><F121/><W131/><G50/><T106/><D106/><U42/><E64/><V83/><F35/><W37/><G37/><T26/><D76/><U97/><E47/><V119/><F119/><W107/><G107/><T10/><D59/><U54/><E116/><V14/><F83/><W102/><G102/><T114/><D114/><U129/><E129/><V28/><REACH who="2" step="1"/><F67/><REACH who="2" ten="250,250,240,250" step="2"/><W52/><G32/><T31/><REACH who="0" step="1"/><D90/><REACH who="0" ten="240,250,240,250" step="2"/><U53/><REACH who="1" step="1"/><E19/><REACH who="1" ten="240,240,240,250" step="2"/><V61/><F61/><W60/><G131/><T104/><D104/><U100/><E100/><V96/><F96/><AGARI ba="0,3" hai="10,13,17,22,26,31,49,55,57,80,81,89,94,96" machi="96" ten="30,5800,0" yaku="1,1,7,1,8,1,53,0" doraHai="56" doraHaiUra="68" who="0" fromWho="2" sc="240,88,240,0,240,-58,250,0" /><INIT seed="0,1,0,0,3,131" ten="328,240,182,250" oya="0" hai0="20,15,25,77,109,97,69,34,17,22,92,58,90" hai1="1,51,93,124,19,70,84,111,44,48,7,32,99" hai2="123,5,75,37,64,21,85,24,71,57,126,63,36" hai3="135,16,29,43,117,112,53,119,105,31,74,47,127"/><T79/><D69/><U3/><E111/><V130/><F75/><W26/><G74/><T14/><D109/><U113/><E70/><V115/><F123/><W101/><G53/><T13/><D34/><U120/><E120/><V38/><F115/><W54/><G54/><T40/><D40/><U100/><E124/><V35/><F130/><W107/><G101/><T67/><REACH who="0" step="1"/><D20/><REACH who="0" ten="318,240,182,250" step="2"/><U110/><E110/><V56/><F35/><W46/><G43/><T23/><D23/><U45/><E32/><V9/><F126/><W52/><G127/><T132/><D132/><U95/><E113/><V125/><F125/><W66/><G112/><T102/><D102/><U80/><E100/><V49/><F71/><W129/><G135/><T133/><D133/><U106/><E106/><V42/><F42/><W96/><G107/><T39/><D39/><U28/><E48/><V134/><F134/><W10/><G105/><T62/><AGARI ba="1,1" hai="13,14,15,17,22,25,58,62,67,77,79,90,92,97" machi="62" ten="30,6000,0" yaku="1,1,0,1,8,1,53,0" doraHai="131" doraHaiUra="103" who="0" fromWho="0" sc="318,73,240,-21,182,-21,250,-21" /><INIT seed="0,2,0,2,0,66" ten="391,219,161,229" oya="0" hai0="46,124,68,19,51,131,41,109,39,40,25,18,76" hai1="36,56,102,30,85,2,21,88,100,33,14,27,65" hai2="129,52,74,60,130,49,94,4,96,62,105,31,50" hai3="106,125,122,24,97,73,8,119,16,132,135,11,6"/><T43/><D124/><U26/><E2/><V98/><F74/><W59/><G73/><T72/><D131/><N who="2" m="50186" /><F4/><W64/><G64/><T89/><D109/><U103/><E36/><V5/><F5/><W23/><G59/><T99/><D68/><U29/><E14/><V10/><F10/><W71/><G71/><T17/><D39/><U90/><REACH who="1" step="1"/><E85/><REACH who="1" ten="391,209,161,229" step="2"/><V117/><F117/><W9/><G119/><T54/><D72/><U13/><E13/><V87/><F87/><W1/><G125/><T15/><D15/><U110/><E110/><V3/><F3/><W22/><G122/><T107/><D107/><U118/><E118/><V38/><F38/><W115/><G106/><T84/><D99/><U37/><E37/><V104/><F96/><W47/><G97/><T0/><D0/><U91/><E91/><V108/><F108/><W75/><G75/><T28/><D76/><U83/><E83/><V92/><F105/><W80/><G80/><T63/><D89/><U12/><E12/><V111/><F111/><W67/><G11/><T127/><D84/><U53/><E53/><V61/><F104/><W123/><G9/><T82/><D82/><U79/><E79/><V42/><F98/><W121/><G8/><T35/><REACH who="0" step="1"/><D127/><REACH who="0" ten="381,209,161,229" step="2"/><U32/><E32/><V58/><F94/><W116/><G1/><T112/><D112/><U48/><E48/><V113/><F113/><W93/><G115/><T133/><D133/><U45/><E45/><N who="2" m="25783" /><F92/><W69/><G93/><T128/><D128/><U57/><E57/><AGARI ba="2,2" hai="17,18,19,25,28,35,40,41,43,46,51,54,57,63" machi="57" ten="40,2000,0" yaku="1,1,53,0" doraHai="66" doraHaiUra="86" who="0" fromWho="1" sc="381,46,209,-26,161,0,229,0" /><INIT seed="0,3,0,0,5,25" ten="427,183,161,229" oya="0" hai0="26,76,14,65,104,9,119,70,94,64,113,117,105" hai1="49,84,36,115,3,60,131,106,92,102,55,59,78" hai2="47,89,83,75,11,129,103,98,24,99,91,123,46" hai3="34,68,63,93,126,13,71,81,6,5,57,109,15"/><T56/><D113/><U48/><E3/><V90/><F123/><W17/><G34/><T86/><D70/><U27/><E115/><V132/><F129/><W133/><G109/><T111/><D111/><U88/><E36/><V32/><F132/><W121/><G81/><T18/><D65/><U1/><E1/><V107/><F11/><W40/><G40/><T41/><D41/><U97/><E131/><V127/><F127/><W62/><G93/><T69/><D69/><U125/><E125/><V122/><F122/><W120/><G57/><T38/><D38/><U29/><REACH who="1" step="1"/><E78/><REACH who="1" ten="427,173,161,229" step="2"/><V96/><F107/><W44/><G126/><T112/><D76/><U30/><E30/><V134/><F134/><W54/><G133/><T100/><D104/><U87/><E87/><V39/><F39/><W110/><G110/><T74/><D86/><U23/><AGARI ba="3,1" hai="23,27,29,48,49,55,59,60,84,88,92,97,102,106" machi="23" ten="20,12000,2" yaku="1,1,0,1,7,1,52,1,54,1,53,1" doraHai="25" doraHaiUra="58" who="1" fromWho="1" sc="427,-63,173,139,161,-33,229,-33" /><INIT seed="1,0,0,2,3,128" ten="364,312,128,196" oya="1" hai0="87,90,21,100,118,105,85,99,84,5,47,102,115" hai1="110,8,70,37,4,81,66,135,59,40,78,7,112" hai2="86,60,74,58,14,46,9,26,68,44,29,45,35" hai3="31,77,42,57,15,27,130,96,93,34,89,10,41"/><U23/><E112/><V55/><F74/><W119/><G130/><T108/><D115/><U97/><E70/><V120/><F120/><W25/><G119/><T61/><D118/><U11/><E23/><V62/><F68/><W104/><G104/><T91/><D108/><U52/><E66/><V39/><F86/><W113/><G113/><T73/><D5/><U17/><E37/><V94/><F94/><W83/><G27/><T43/><D61/><U72/><E40/><V33/><F62/><W1/><G1/><T48/><D73/><U124/><E110/><V71/><F71/><W64/><G57/><T24/><REACH who="0" step="1"/><D102/><REACH who="0" ten="354,312,128,196" step="2"/><U65/><E72/><V116/><F116/><W92/><G64/><T80/><D80/><U30/><E65/><V134/><F39/><W49/><G83/><T107/><D107/><U76/><E4/><V129/><F129/><W111/><G111/><T0/><D0/><U3/><E7/><V127/><F127/><W12/><G93/><T51/><D51/><U126/><E81/><V13/><F35/><W95/><G34/><T69/><D69/><U6/><E6/><V109/><F109/><W123/><G49/><T2/><D2/><U53/><E3/><V133/><REACH who="2" step="1"/><F9/><REACH who="2" ten="354,312,118,196" step="2"/><W36/><G10/><N who="1" m="3626" /><E126/><V22/><F22/><W114/><G114/><T18/><AGARI ba="0,2" hai="18,21,24,43,47,48,84,85,87,90,91,99,100,105" machi="18" ten="30,4000,0" yaku="1,1,0,1,53,1" doraHai="128" doraHaiUra="16" who="0" fromWho="0" sc="354,60,312,-20,118,-10,196,-10" /><INIT seed="2,0,0,4,3,7" ten="414,292,108,186" oya="2" hai0="39,33,88,22,42,60,30,13,111,105,74,82,66" hai1="34,132,65,104,32,4,89,123,49,35,8,113,124" hai2="71,16,98,0,51,29,95,47,102,50,131,125,134" hai3="53,94,77,15,72,10,11,97,108,83,115,70,79"/><V1/><F71/><W36/><G36/><T129/><D111/><U54/><E113/><V133/><F29/><W14/><G70/><T21/><D129/><U122/><E104/><V59/><F131/><W28/><G115/><T68/><D105/><U91/><E65/><V90/><F125/><W86/><G108/><T73/><D42/><U56/><E132/><N who="2" m="50795" /><F59/><W127/><G72/><T76/><D39/><U26/><E26/><V62/><F62/><W78/><G28/><T3/><D3/><N who="2" m="1098" /><F47/><W80/><G53/><T85/><D33/><U99/><E99/><N who="2" m="57847" /><F16/><N who="3" m="8319" /><G127/><T6/><D30/><U48/><E48/><V69/><F69/><W110/><G110/><T96/><D96/><U27/><E27/><V9/><F9/><W38/><G38/><T37/><D37/><U61/><E61/><V114/><F114/><W64/><G64/><T19/><D6/><U130/><E130/><V92/><AGARI ba="0,0" hai="50,51,92,98,102" m="57847,1098,50795" machi="92" ten="30,1500,0" yaku="20,1" doraHai="7" who="2" fromWho="2" sc="414,-5,292,-5,108,15,186,-5" /><INIT seed="2,1,0,0,5,54" ten="409,287,123,181" oya="2" hai0="28,77,122,42,19,129,103,21,75,10,43,55,8" hai1="47,125,70,0,1,73,61,12,89,79,25,2,127" hai2="102,65,64,106,76,135,67,14,72,51,3,95,82" hai3="85,17,69,22,80,118,48,26,35,45,23,98,83"/><V49/><F3/><W97/><G35/><T84/><D122/><U56/><E70/><V111/><F135/><W5/><G69/><T126/><D75/><U100/><E100/><V68/><F68/><W16/><G118/><T92/><D129/><U128/><E47/><V93/><F111/><W18/><G5/><T110/><D28/><U86/><E128/><V34/><F34/><W108/><G108/><T32/><D32/><U60/><E79/><V7/><F106/><W11/><G11/><T29/><D29/><U27/><E12/><V37/><F37/><W112/><G112/><T134/><D126/><N who="1" m="48139" /><E73/><V88/><F95/><W107/><G83/><T132/><D110/><U99/><E61/><V4/><F102/><W31/><G23/><T87/><D55/><N who="1" m="33823" /><E99/><V74/><F74/><W6/><G6/><T117/><D117/><U124/><N who="1" m="48147" /><U46/><DORA hai="113" /><E46/><V13/><F4/><W59/><G59/><T57/><D57/><U38/><E38/><V15/><REACH who="2" step="1"/><F7/><REACH who="2" ten="409,287,113,181" step="2"/><W66/><G107/><T58/><D134/><U133/><E133/><V101/><F101/><W39/><G39/><T109/><D103/><U30/><E0/><V9/><F9/><W90/><REACH who="3" step="1"/><G66/><REACH who="3" ten="409,287,113,171" step="2"/><T104/><D10/><U24/><E1/><V123/><F123/><W78/><G78/><T105/><D8/><U40/><E2/><V96/><AGARI ba="1,2" hai="13,14,15,49,51,64,65,67,72,76,82,88,93,96" machi="96" ten="30,18000,2" yaku="1,1,0,1,54,1,53,3" doraHai="54,113" doraHaiUra="115,63" who="2" fromWho="2" sc="409,-61,287,-61,113,203,171,-61" /><INIT seed="2,2,0,0,0,93" ten="348,226,316,110" oya="2" hai0="41,108,131,74,54,101,88,7,43,109,4,123,69" hai1="44,29,122,26,106,10,90,19,121,62,21,70,16" hai2="61,100,82,57,0,50,91,87,52,8,11,102,77" hai3="103,96,80,111,120,94,49,59,15,55,116,38,58"/><V132/><F132/><W81/><G120/><N who="1" m="46186" /><E44/><V14/><F0/><W125/><G116/><T126/><D123/><U17/><E106/><V28/><F28/><W34/><G111/><N who="0" m="42571" /><D69/><U51/><E51/><V76/><F8/><W84/><G125/><T25/><D126/><U66/><E90/><V65/><F76/><W134/><G34/><T99/><D131/><U133/><E133/><V127/><F77/><W1/><G1/><T130/><D130/><U24/><E10/><V9/><F9/><W39/><G134/><T53/><D74/><U79/><E79/><V92/><F127/><W36/><G15/><T128/><D25/><AGARI ba="2,0" hai="16,17,19,21,24,25,26,29,62,66,70" m="46186" machi="25" ten="30,2000,0" yaku="13,1,54,1" doraHai="93" who="1" fromWho="0" sc="348,-26,226,26,316,0,110,0" /><INIT seed="3,0,0,0,4,89" ten="322,252,316,110" oya="3" hai0="67,121,112,64,35,107,78,34,37,106,8,123,94" hai1="13,101,110,134,71,85,48,76,28,109,99,100,93" hai2="40,47,17,6,57,3,20,86,133,80,52,120,16" hai3="4,130,79,59,104,68,119,25,135,11,98,117,32"/><W26/><G68/><T58/><D78/><U124/><E71/><V97/><F133/><W66/><G135/><T75/><D8/><U9/><E134/><V33/><F33/><W45/><G45/><T31/><D58/><U91/><E124/><V77/><F120/><W41/><G41/><T118/><D118/><U43/><E28/><V95/><F6/><W116/><G79/><T46/><D46/><U56/><E76/><V19/><F3/><W63/><G130/><T69/><D69/><U54/><E43/><V73/><F73/><W14/><REACH who="3" step="1"/><G32/><REACH who="3" ten="322,252,316,100" step="2"/><T108/><D35/><U74/><E74/><V126/><F126/><W131/><G131/><T92/><D75/><U65/><E110/><V12/><F47/><W132/><G132/><T22/><D34/><U96/><E109/><V61/><F40/><W105/><G105/><T83/><D108/><U27/><E56/><V70/><F70/><W42/><G42/><T82/><D112/><U49/><E101/><AGARI ba="0,1" hai="12,16,17,19,20,52,57,61,77,80,86,95,97,101" machi="101" ten="30,8000,1" yaku="7,1,8,1,52,1,54,2" doraHai="89" who="2" fromWho="1" sc="322,0,252,-80,316,90,100,0" /><AGARI ba="0,0" hai="4,11,14,25,26,59,63,66,98,101,104,116,117,119" machi="101" ten="40,3900,0" yaku="1,1,53,1" doraHai="89" doraHaiUra="1" who="3" fromWho="1" sc="322,0,172,-39,406,0,100,39" /><INIT seed="3,1,0,3,2,55" ten="322,133,406,139" oya="3" hai0="112,82,108,48,51,111,69,84,41,133,57,97,56" hai1="81,42,87,99,26,27,117,75,125,44,40,13,16" hai2="32,134,102,24,4,46,104,132,135,50,127,68,53" hai3="20,49,6,86,60,78,58,65,109,70,89,122,38"/><W94/><G122/><T130/><D69/><U119/><E75/><V71/><F127/><W7/><G38/><T18/><D133/><U9/><E125/><V28/><REACH who="2" step="1"/><F4/><REACH who="2" ten="322,133,396,139" step="2"/><W113/><G113/><T19/><D112/><U29/><E119/><V76/><F76/><W17/><G78/><T95/><D130/><U118/><E117/><V105/><F105/><W77/><G77/><T35/><D111/><U12/><E118/><V121/><F121/><W34/><G109/><T67/><D108/><U131/><E131/><V52/><F52/><N who="3" m="32015" /><G34/><T2/><D35/><U39/><E42/><V0/><F0/><W83/><G83/><T30/><D2/><U43/><E43/><V129/><F129/><W91/><G91/><N who="0" m="51607" /><D41/><U79/><E29/><V128/><F128/><W36/><G36/><T123/><D30/><U92/><REACH who="1" step="1"/><E13/><AGARI ba="1,1" hai="6,7,13,17,20,60,65,70,86,89,94" m="32015" machi="13" ten="30,5800,0" yaku="25,1,52,1,54,1" doraHai="55" who="3" fromWho="1" sc="322,0,133,-61,396,0,139,71" /><INIT seed="3,2,0,3,5,97" ten="322,72,396,210" oya="3" hai0="80,44,55,36,86,69,28,77,78,3,64,76,88" hai1="132,116,123,22,87,93,38,8,19,85,67,96,103" hai2="18,40,43,35,89,26,53,73,6,82,4,99,98" hai3="30,0,107,120,13,45,20,5,91,7,1,75,133"/><W2/><G75/><T42/><D3/><U10/><E132/><V94/><F35/><W47/><G107/><T31/><REACH who="0" step="1"/><D55/><REACH who="0" ten="312,72,396,210" step="2"/><U59/><E123/><V134/><F53/><W41/><G120/><T110/><D110/><U129/><E116/><V24/><F134/><W56/><G2/><T135/><D135/><U33/><E129/><V104/><F43/><W108/><G41/><T72/><D72/><U92/><E38/><V29/><F40/><W74/><G1/><T71/><D71/><U118/><E118/><V9/><F73/><W100/><G0/><T127/><D127/><U112/><E112/><V130/><F130/><W66/><G108/><T17/><D17/><U125/><E125/><V57/><F18/><W50/><G74/><T68/><D68/><U84/><E33/><V62/><F4/><W15/><G7/><T54/><D54/><U121/><E121/><V48/><F6/><W90/><G5/><T12/><D12/><U113/><E113/><V101/><F26/><W65/><G133/><T46/><D46/><U83/><E59/><V63/><F57/><W111/><G56/><T27/><D27/><N who="1" m="14815" /><E67/><V105/><F24/><W21/><G111/><T16/><D16/><U131/><E131/><V79/><F9/><N who="1" m="3689" /><E83/><V60/><F82/><W58/><G58/><T122/><D122/><U37/><E37/><V117/><F117/><W102/><G30/><T124/><D124/><U114/><E114/><V95/><F29/><W81/><G81/><T32/><D32/><U119/><E119/><V61/><F62/><AGARI ba="2,1" hai="28,31,36,42,44,62,64,69,76,77,78,80,86,88" machi="62" ten="40,2600,0" yaku="1,1,54,1,53,0" doraHai="97" doraHaiUra="128" who="0" fromWho="2" sc="312,42,72,0,396,-32,210,0" /><INIT seed="4,0,0,0,0,130" ten="354,72,364,210" oya="0" hai0="41,119,20,22,27,10,85,135,68,92,78,11,3" hai1="19,76,33,106,30,81,103,64,114,44,86,15,7" hai2="73,52,67,120,111,49,121,6,1,75,37,42,32" hai3="89,104,28,31,16,66,100,83,45,98,131,58,72"/><T62/><D119/><U126/><E126/><V63/><F32/><W12/><G131/><T59/><D68/><U129/><E129/><V102/><F102/><W18/><G18/><T127/><D127/><U48/><E64/><V82/><F111/><W118/><G118/><T107/><D107/><U93/><E106/><V46/><F6/><W56/><G45/><T71/><D71/><U117/><E117/><V96/><F96/><W5/><G5/><T122/><D122/><U128/><E128/><V84/><F1/><W61/><G58/><T4/><D41/><U88/><E103/><V91/><F120/><W109/><G109/><T101/><D11/><U74/><E7/><V133/><F133/><W36/><G36/><T23/><D135/><U13/><E114/><V47/><REACH who="2" step="1"/><F121/><REACH who="2" ten="354,72,354,210" step="2"/><W26/><G100/><T60/><D101/><U97/><E97/><V112/><F112/><W39/><G98/><T134/><D134/><U29/><E33/><V79/><F79/><W53/><G104/><T108/><D108/><U105/><E105/><V17/><F17/><W116/><G116/><T94/><D78/><U90/><E90/><V43/><F43/><W40/><G40/><T77/><D77/><U50/><E19/><V35/><F35/><W38/><G89/><T87/><D4/><U113/><E113/><V69/><AGARI ba="0,1" hai="37,42,46,47,49,52,63,67,69,73,75,82,84,91" machi="69" ten="20,5200,0" yaku="1,1,0,1,7,1,54,1,53,0" doraHai="130" doraHaiUra="54" who="2" fromWho="2" sc="354,-26,72,-13,354,62,210,-13" /><INIT seed="5,0,0,0,4,46" ten="328,59,416,197" oya="1" hai0="49,88,99,27,122,66,57,71,9,20,80,5,97" hai1="116,94,70,8,83,14,112,117,108,78,125,111,130" hai2="64,131,101,105,109,51,21,47,34,85,74,69,63" hai3="60,16,126,55,135,29,119,73,15,90,6,133,120"/><U65/><E65/><V44/><F74/><W22/><G73/><T59/><D122/><U104/><E70/><V77/><F34/><W19/><G120/><T102/><D71/><U87/><E14/><V114/><F109/><N who="1" m="42057" /><E8/><V12/><F131/><W123/><G90/><T37/><D37/><U11/><E11/><V1/><F1/><W86/><G86/><N who="0" m="50247" /><D102/><U30/><E30/><V56/><F114/><W129/><G129/><T23/><D23/><U95/><E130/><V107/><F101/><W92/><G29/><N who="0" m="17639" /><D66/><U4/><E4/><V41/><F69/><W40/><G6/><T39/><D39/><U132/><E132/><V43/><F21/><W110/><G22/><T113/><D59/><U89/><E104/><V52/><F105/><W127/><G123/><T61/><D61/><U76/><E125/><V31/><F107/><W93/><G110/><T124/><D124/><U75/><E112/><V17/><F31/><W48/><G127/><T10/><D113/><U91/><E78/><V24/><F77/><W33/><G126/><T54/><D5/><U13/><E13/><V79/><F12/><W42/><G15/><T0/><D0/><U26/><E26/><V38/><F24/><W128/><G128/><T121/><D121/><U28/><E28/><V62/><F17/><W67/><G19/><T118/><D118/><U106/><E106/><V7/><F7/><W58/><G16/><T45/><D57/><U103/><E103/><V98/><F64/><W72/><G67/><T82/><D10/><U3/><E3/><V115/><F115/><W25/><G25/><RYUUKYOKU ba="0,0" sc="328,-10,59,30,416,-10,197,-10" hai1="75,76,83,87,89,91,94,95,116,117" /><INIT seed="5,1,0,4,4,60" ten="318,89,406,187" oya="1" hai0="68,119,26,114,96,77,121,3,66,54,45,91,120" hai1="106,33,41,112,90,52,35,12,126,128,32,131,84" hai2="135,31,30,10,118,64,117,80,46,19,124,70,44" hai3="94,87,7,111,101,62,55,86,72,65,18,8,13"/><U103/><E41/><V59/><F70/><W74/><G111/><T127/><D114/><U11/><E112/><V104/><F104/><W108/><G108/><T37/><D119/><U0/><E0/><V89/><F135/><W58/><G74/><T75/><D3/><U40/><E40/><V61/><F124/><W16/><G72/><T57/><D26/><U110/><E103/><V17/><F117/><W4/><G18/><N who="2" m="6665" /><F10/><W28/><G28/><N who="2" m="10793" /><F118/><W78/><G78/><T2/><D2/><U107/><E110/><V29/><F29/><W63/><G101/><T24/><D77/><U23/><E23/><V47/><F89/><N who="3" m="53567" /><G86/><T42/><D75/><U116/><E116/><V125/><F125/><W92/><G92/><N who="0" m="56351" /><D24/><U27/><E27/><V85/><F85/><W97/><G97/><T34/><D34/><U67/><E126/><V25/><F25/><W22/><G8/><T129/><D129/><N who="1" m="49739" /><E52/><V100/><F100/><W105/><G105/><N who="1" m="39946" /><E12/><V71/><F71/><W109/><G109/><T69/><D69/><U79/><E79/><V134/><F134/><W133/><G133/><T51/><D127/><U102/><E102/><V82/><AGARI ba="1,0" hai="44,46,47,59,61,64,80,82" m="10793,6665" machi="82" ten="40,2700,0" yaku="8,1,52,1" doraHai="60" who="2" fromWho="2" sc="318,-8,89,-14,406,30,187,-8" /><INIT seed="6,0,0,2,4,49" ten="310,75,436,179" oya="2" hai0="126,42,73,120,90,95,76,134,135,82,91,22,43" hai1="26,57,92,127,47,116,8,77,97,111,46,96,18" hai2="39,60,34,81,71,41,93,107,115,66,32,130,68" hai3="72,6,4,125,44,112,50,14,52,54,128,11,63"/><V31/><F115/><W58/><G112/><T118/><D22/><U36/><E36/><V27/><F130/><W88/><G128/><T33/><D33/><U37/><E37/><V75/><F93/><W101/><G72/><T121/><D43/><U23/><E127/><V122/><F122/><N who="0" m="47210" /><D42/><U9/><E111/><V74/><F81/><W40/><G125/><T117/><D126/><U104/><E104/><V103/><F68/><W132/><G132/><N who="0" m="50731" /><D95/><U67/><E97/><N who="2" m="61935" /><F34/><W61/><G101/><T85/><D85/><U69/><E69/><V113/><F113/><W51/><G40/><T1/><D1/><U38/><E38/><V100/><F100/><W55/><G88/><AGARI ba="0,0" hai="73,76,82,88,90,91,117,118" m="50731,47210" machi="88" ten="40,8000,1" yaku="20,1,34,2,54,1" doraHai="49" who="0" fromWho="3" sc="310,80,75,0,436,0,179,-80" /><INIT seed="7,0,0,4,3,15" ten="390,75,436,99" oya="3" hai0="3,92,38,80,108,53,102,52,83,109,57,133,94" hai1="49,74,82,18,51,35,106,9,33,54,39,17,21" hai2="71,115,58,65,121,105,125,124,116,30,48,42,5" hai3="29,117,135,78,79,55,56,122,126,134,46,88,113"/><W26/><G122/><T111/><D133/><N who="3" m="50697" /><G117/><T96/><D38/><U47/><E39/><V103/><F116/><W110/><G46/><T101/><D3/><U119/><E106/><V100/><F121/><W114/><G126/><N who="2" m="48745" /><F115/><N who="3" m="44043" /><G110/><T89/><D53/><U25/><E119/><V81/><F105/><W14/><G14/><T98/><REACH who="0" step="1"/><D89/><REACH who="0" ten="380,75,436,99" step="2"/><U62/><E62/><AGARI ba="0,1" hai="52,57,62,80,83,92,94,96,98,101,102,108,109,111" machi="62" ten="40,12000,2" yaku="1,1,2,1,9,1,54,1,53,2" doraHai="15" doraHaiUra="77" who="0" fromWho="1" sc="380,130,75,-120,436,0,99,0" owari="510,61.0,-45,-54.5,436,23.6,99,-30.1" /></mjloggm>