<mjloggm ver="2.3"><GO type="41" lobby="0"/><UN n0="%41%75%6E" n1="%E6%A1%9C%E5%A1%A9%E6%BC%AC%E3%81%82%E3%82%93%E3%81%B1%E3%82%93" n2="%E2%93%9D%4C%75%63%6B%79%4A" n3="%E9%AD%9A%E6%B0%91%E3%83%B3%E3%82%B4" dan="13,13,17,15" rate="1861.60,1935.60,2156.22,2060.51" sx="M,M,M,M"/><TAIKYOKU oya="0"/><INIT seed="0,0,0,2,2,97" ten="250,250,250,250" oya="0" hai0="79,42,49,53,117,129,73,15,35,130,40,86,78" hai1="31,102,68,54,135,100,113,38,67,51,28,30,76" hai2="114,116,44,98,121,60,45,99,12,29,91,6,107" hai3="127,14,63,37,9,84,27,64,47,19,131,96,106"/><T48/><D117/><U90/><E38/><V69/><F114/><W103/><G127/><T21/><D35/><U13/><E76/><V111/><F121/><W8/><G131/><N who="0" m="50187" /><D73/><U10/><E113/><V87/><F29/><W39/><G47/><T57/><D48/><U77/><E77/><N who="0" m="29193" /><D86/><U108/><E108/><V3/><F111/><W20/><G84/><T58/><D58/><U61/><E90/><V36/><F91/><W92/><G106/><T124/><D124/><U66/><E135/><V11/><F116/><W55/><G55/><T46/><D57/><U93/><E67/><V62/><F87/><W120/><G120/><T22/><D15/><U59/><REACH who="1" step="1"/><E93/><REACH who="1" ten="250,240,250,250" step="2"/><V1/><F36/><W115/><G115/><T126/><D126/><U104/><E104/><V33/><F107/><W32/><G32/><T85/><D85/><U81/><E81/><V52/><F33/><W119/><G119/><T16/><D21/><U125/><E125/><V134/><F134/><W110/><G110/><T24/><AGARI ba="0,1" hai="16,22,24,40,42,46,49,53" m="29193,50187" machi="24" ten="30,3000,0" yaku="19,1,54,1" doraHai="97" who="0" fromWho="0" sc="250,40,240,-10,250,-10,250,-10" /><INIT seed="0,1,0,4,1,133" ten="290,230,240,240" oya="0" hai0="17,120,47,107,72,101,16,11,94,63,130,10,48" hai1="5,119,80,44,59,82,3,132,113,95,83,121,0" hai2="97,34,90,24,124,112,79,114,88,77,134,93,73" hai3="4,8,65,105,126,23,39,76,68,27,14,109,40"/><T81/><D120/><U69/><E119/><V20/><F34/><W64/><G105/><T38/><D130/><U53/><E121/><V6/><F6/><W60/><G109/><T106/><D38/><U62/><E132/><V25/><F134/><W35/><G35/><T98/><D63/><U117/><E117/><V70/><F70/><W74/><G65/><T1/><D10/><U92/><E113/><V9/><F9/><W46/><G76/><N who="2" m="29257" /><F25/><W12/><G74/><T52/><D72/><U50/><E69/><V116/><F24/><W111/><G111/><T13/><D81/><U61/><E61/><V108/><F20/><W100/><G100/><T55/><D55/><U127/><E127/><V21/><F21/><W57/><G126/><T118/><D118/><U123/><E123/><V33/><F33/><W71/><REACH who="3" step="1"/><G12/><REACH who="3" ten="290,230,240,230" step="2"/><T2/><D107/><U49/><E0/><V84/><F116/><W29/><AGARI ba="1,1" hai="4,8,14,23,27,29,39,40,46,57,60,64,68,71" machi="29" ten="20,8000,1" yaku="1,1,2,1,0,1,7,1,53,1" doraHai="133" doraHaiUra="7" who="3" fromWho="3" sc="290,-41,230,-21,240,-21,230,93" /><INIT seed="1,0,0,5,2,65" ten="249,209,219,323" oya="1" hai0="124,48,70,14,120,64,86,8,60,79,29,110,68" hai1="95,12,114,109,94,0,35,77,96,84,2,132,123" hai2="73,41,66,36,38,1,112,46,32,24,71,75,82" hai3="33,21,34,7,67,39,122,3,9,13,28,119,89"/><U30/><E114/><V40/><F112/><W63/><G39/><T105/><D105/><U57/><E123/><V61/><F1/><W115/><G119/><T92/><D120/><U58/><E132/><V23/><F23/><W78/><G78/><T10/><D110/><U129/><E129/><V76/><F41/><W113/><G122/><T50/><D124/><U97/><E12/><V98/><F98/><W22/><G89/><T104/><D104/><U47/><E47/><V91/><F91/><W72/><G72/><T11/><D29/><U44/><E44/><V52/><F52/><W121/><G121/><T85/><D14/><U37/><E77/><V5/><F5/><W133/><G133/><T87/><D79/><U102/><E30/><N who="2" m="19527" /><F38/><W107/><G107/><T103/><REACH who="0" step="1"/><D70/><REACH who="0" ten="239,209,219,323" step="2"/><U69/><E69/><N who="2" m="42191" /><F75/><W54/><G3/><T74/><D74/><U6/><E0/><V131/><F131/><W117/><G28/><T101/><D101/><U59/><E37/><V108/><F108/><W127/><G127/><T106/><D106/><U56/><E109/><V4/><F4/><W25/><G7/><T135/><D135/><U16/><E35/><V99/><F99/><AGARI ba="0,1" hai="8,10,11,48,50,60,64,68,85,86,87,92,99,103" machi="99" ten="40,2600,0" yaku="1,1,52,1,53,0" doraHai="65" doraHaiUra="118" who="0" fromWho="2" sc="239,36,209,0,219,-26,323,0" /><INIT seed="2,0,0,4,5,121" ten="275,209,193,323" oya="2" hai0="76,35,112,48,110,62,18,50,109,107,129,73,135" hai1="134,131,29,23,13,19,125,31,99,97,46,57,25" hai2="77,89,123,103,115,8,96,91,40,64,37,45,20" hai3="87,26,1,44,58,105,36,117,43,106,85,130,118"/><V95/><F123/><W16/><G1/><T124/><D107/><U53/><E125/><V84/><F115/><W122/><G122/><T7/><D112/><U4/><E131/><V100/><F64/><W90/><G87/><T54/><D124/><U67/><E134/><V9/><F77/><W15/><G130/><T88/><D129/><U116/><E116/><V71/><F71/><W83/><G106/><T66/><D35/><U93/><E46/><V41/><F41/><W59/><G105/><T68/><D135/><U14/><E67/><V92/><REACH who="2" step="1"/><F20/><REACH who="2" ten="275,209,183,323" step="2"/><W0/><G118/><T38/><D76/><U80/><E23/><V42/><F42/><W55/><G43/><T113/><D113/><U27/><E53/><V101/><AGARI ba="0,1" hai="8,9,37,40,45,84,89,91,92,95,96,100,101,103" machi="101" ten="30,3000,0" yaku="1,1,0,1,53,0" doraHai="121" doraHaiUra="49" who="2" fromWho="2" sc="275,-10,209,-10,183,40,323,-10" /><INIT seed="2,1,0,4,2,131" ten="265,199,223,313" oya="2" hai0="2,44,64,61,73,40,66,67,109,14,88,81,130" hai1="133,78,32,39,42,13,30,41,33,50,93,7,38" hai2="123,77,129,20,45,90,9,112,95,27,4,120,21" hai3="55,25,47,76,43,19,37,17,115,94,107,84,3"/><V87/><F112/><W103/><G3/><T0/><D130/><U72/><E93/><V106/><F129/><W86/><G107/><T91/><D109/><U26/><E33/><V53/><F106/><W70/><G70/><T108/><D108/><U110/><E110/><V59/><F45/><W99/><G115/><T54/><D14/><U6/><E50/><V15/><F77/><W18/><G55/><T22/><D22/><U114/><E114/><V49/><REACH who="2" step="1"/><F21/><REACH who="2" ten="265,199,213,313" step="2"/><W89/><G76/><T5/><D44/><U102/><E78/><V51/><F51/><W104/><REACH who="3" step="1"/><G86/><REACH who="3" ten="265,199,213,303" step="2"/><T98/><D73/><U8/><E72/><V105/><F105/><W126/><G126/><T58/><D98/><U124/><E124/><V134/><F134/><W135/><G135/><T85/><D85/><U119/><E133/><V34/><F34/><W12/><G12/><T97/><D0/><U128/><E119/><V60/><F60/><W29/><G29/><AGARI ba="1,2" hai="4,9,15,20,27,29,49,53,59,87,90,95,120,123" machi="29" ten="30,2900,0" yaku="1,1,7,1,53,0" doraHai="131" doraHaiUra="101" who="2" fromWho="3" sc="265,0,199,0,213,52,303,-32" /><INIT seed="2,2,0,1,0,123" ten="265,199,265,271" oya="2" hai0="83,47,39,97,85,0,3,105,108,36,87,122,127" hai1="134,102,32,56,74,84,57,61,62,20,92,13,91" hai2="53,30,35,24,128,86,43,132,54,75,7,64,42" hai3="131,44,8,52,34,101,6,41,65,70,107,76,33"/><V1/><F75/><W94/><G107/><T38/><D122/><U121/><E121/><V77/><F64/><W37/><G131/><T96/><D127/><U46/><E32/><V93/><F128/><W59/><G76/><T73/><D105/><U111/><E74/><V99/><F132/><W69/><G101/><T126/><D126/><U106/><E46/><V100/><F7/><W79/><G79/><T60/><D60/><U103/><E134/><V51/><F1/><N who="0" m="586" /><D83/><U9/><E20/><V116/><F116/><W26/><G94/><T25/><D25/><U125/><E125/><V88/><F77/><W31/><G65/><T55/><D55/><U119/><E119/><V104/><REACH who="2" step="1"/><F54/><REACH who="2" ten="265,199,255,271" step="2"/><W29/><G34/><T118/><D73/><U115/><E115/><V4/><F4/><W16/><G31/><T110/><D118/><U109/><E106/><V10/><F10/><W81/><G6/><T72/><D72/><U67/><E103/><V112/><F112/><W98/><G69/><T82/><D47/><AGARI ba="2,1" hai="24,30,35,42,43,47,51,53,86,88,93,99,100,104" machi="47" ten="30,5800,0" yaku="1,1,7,1,54,1,53,0" doraHai="123" doraHaiUra="113" who="2" fromWho="0" sc="265,-64,199,0,255,74,271,0" /><INIT seed="2,3,0,2,3,130" ten="201,199,329,271" oya="2" hai0="88,132,14,96,38,115,6,119,54,73,22,19,12" hai1="102,0,104,16,55,4,23,122,98,62,39,129,9" hai2="114,112,43,70,133,117,48,18,15,69,3,75,53" hai3="126,108,61,10,33,85,57,87,1,110,20,124,47"/><V71/><F75/><W103/><G33/><T45/><D115/><U78/><E129/><V26/><F3/><W49/><G103/><T76/><D119/><U51/><E39/><V72/><F72/><W83/><G20/><T52/><D132/><U97/><E122/><V107/><F107/><W27/><G27/><T44/><D76/><U135/><E78/><V8/><F43/><N who="3" m="24831" /><G10/><N who="0" m="4183" /><D73/><U2/><E62/><V36/><F36/><W5/><G5/><T99/><D38/><U80/><E80/><V94/><F117/><W46/><G46/><N who="0" m="18027" /><D99/><U84/><E84/><N who="3" m="32330" /><G83/><T58/><D58/><U82/><E82/><V42/><F71/><W101/><G101/><T17/><D19/><U116/><E116/><V91/><F70/><W60/><G1/><T118/><D118/><U40/><E40/><V105/><F42/><W121/><G60/><T131/><D131/><U128/><E128/><V65/><F114/><W13/><G13/><T92/><AGARI ba="3,0" hai="14,17,22,52,54,88,92,96" m="18027,4183" machi="92" ten="30,4000,0" yaku="8,1,54,2" doraHai="130" who="0" fromWho="0" sc="201,49,199,-13,329,-23,271,-13" /><INIT seed="3,0,0,0,5,86" ten="250,186,306,258" oya="3" hai0="130,103,80,50,26,83,10,65,118,45,17,33,75" hai1="3,116,110,60,95,106,58,105,37,55,129,112,120" hai2="107,8,34,91,63,70,100,54,41,71,42,115,47" hai3="77,18,113,7,66,64,19,44,93,84,9,31,79"/><W23/><G113/><T94/><D118/><U39/><E112/><V128/><F115/><W4/><G31/><T132/><D130/><U30/><E120/><V135/><F100/><W22/><G44/><T16/><D132/><U36/><E129/><V48/><F107/><W125/><G125/><T109/><D109/><U40/><E110/><V72/><F72/><W81/><G93/><T119/><D119/><U38/><E3/><V61/><F8/><W35/><G35/><T52/><D65/><N who="3" m="25193" /><G79/><T53/><D75/><U59/><E116/><V76/><F76/><W1/><G1/><T49/><D33/><U90/><E30/><V56/><F34/><W99/><G99/><N who="0" m="59895" /><D26/><U12/><E12/><V15/><F15/><N who="3" m="9567" /><G9/><T29/><D29/><U123/><E123/><V13/><F13/><AGARI ba="0,0" hai="4,7,13,19,23,77,81,84" m="9567,25193" machi="13" ten="30,1500,0" yaku="8,1" doraHai="86" who="3" fromWho="2" sc="250,0,186,0,306,-15,258,15" /><INIT seed="3,1,0,0,1,86" ten="250,186,291,273" oya="3" hai0="2,72,120,33,6,37,104,111,36,112,87,66,54" hai1="51,46,102,9,73,91,89,114,10,15,58,8,38" hai2="47,98,67,64,135,14,23,56,125,128,92,95,3" hai3="90,94,69,55,19,49,122,32,108,50,113,81,27"/><W106/><G106/><T99/><D111/><U85/><E73/><V126/><F3/><W12/><G113/><T121/><D112/><U25/><E114/><V80/><F47/><W83/><G69/><T129/><D129/><U45/><E38/><N who="0" m="14953" /><D72/><U124/><E124/><V18/><F95/><W28/><G108/><T109/><D87/><U21/><E102/><V119/><F119/><W16/><G19/><T79/><D54/><N who="1" m="32095" /><E15/><V118/><F135/><W17/><G17/><T61/><D33/><U4/><E4/><V77/><F118/><W133/><G50/><T97/><D97/><U53/><E85/><N who="2" m="48271" /><F128/><W22/><G133/><T30/><D30/><U127/><E127/><N who="2" m="48651" /><F56/><W39/><G39/><T93/><D109/><U35/><E35/><V101/><AGARI ba="1,0" hai="14,18,23,64,67,92,98,101" m="48651,48271" machi="101" ten="30,1100,0" yaku="18,1" doraHai="86" who="2" fromWho="2" sc="250,-4,186,-4,291,14,273,-6" /><INIT seed="4,0,0,1,2,129" ten="246,182,305,267" oya="0" hai0="89,115,106,26,36,100,38,76,116,47,7,39,109" hai1="49,30,119,90,22,104,52,126,44,46,130,98,32" hai2="50,25,111,92,1,64,133,28,123,114,108,124,20" hai3="66,91,58,85,41,101,105,9,69,6,14,48,102"/><T29/><D116/><U40/><E130/><V62/><F123/><W33/><G33/><T43/><D115/><U110/><E110/><V51/><F1/><W72/><G72/><T87/><D109/><U135/><E32/><V79/><F114/><W131/><G69/><T121/><D121/><U19/><E119/><V122/><F122/><W93/><G105/><T132/><D7/><U125/><E30/><V56/><F124/><N who="1" m="47721" /><E90/><V97/><F133/><W68/><G68/><T45/><D76/><U4/><E4/><V2/><F2/><W83/><G131/><T82/><D132/><U24/><E135/><V18/><F111/><W71/><G71/><T12/><D12/><U42/><E46/><V75/><F108/><W17/><G66/><T67/><D67/><U27/><E24/><V16/><F79/><N who="3" m="46335" /><G17/><N who="2" m="6761" /><F75/><W35/><G35/><T59/><D43/><U15/><E15/><V94/><F94/><W70/><G70/><T23/><REACH who="0" step="1"/><D59/><REACH who="0" ten="236,182,305,267" step="2"/><U73/><E73/><V81/><F81/><W99/><G58/><T53/><D53/><U127/><E127/><V65/><F65/><W34/><G34/><T21/><D21/><U37/><E42/><V96/><F97/><AGARI ba="0,1" hai="23,26,29,36,38,39,45,47,82,87,89,97,100,106" machi="97" ten="40,2000,0" yaku="1,1,53,0" doraHai="129" doraHaiUra="118" who="0" fromWho="2" sc="236,30,182,0,305,-20,267,0" /><INIT seed="4,1,0,2,1,1" ten="266,182,285,267" oya="0" hai0="38,82,15,0,99,92,124,34,28,119,70,130,102" hai1="101,50,109,110,77,64,21,79,41,96,118,134,133" hai2="19,91,69,132,126,46,63,43,16,18,125,113,17" hai3="106,71,48,135,111,42,44,52,53,84,20,54,90"/><T23/><D0/><U30/><E64/><N who="2" m="41119" /><F91/><W74/><G135/><N who="1" m="51722" /><E30/><V27/><N who="2" m="4096" /><DORA hai="25" /><V61/><F132/><W115/><G115/><T14/><D70/><U72/><E21/><V98/><F98/><W55/><G111/><N who="1" m="42506" /><E41/><V10/><F10/><W5/><G74/><T31/><D34/><U66/><E50/><V11/><F11/><W58/><G106/><T93/><D38/><U75/><E66/><V57/><F27/><W120/><G120/><T59/><D23/><U33/><E33/><V76/><F76/><N who="1" m="29257" /><E118/><V13/><F13/><W68/><G5/><T60/><D119/><U83/><E83/><V2/><F2/><W127/><G20/><T24/><D82/><U80/><E80/><V123/><F61/><W7/><G7/><T129/><D60/><U22/><E22/><V6/><F6/><W108/><G108/><T51/><D24/><U94/><AGARI ba="1,0" hai="72,75,94,96,101" m="29257,42506,51722" machi="94" ten="40,5200,0" yaku="20,1,34,2" doraHai="1,25" who="1" fromWho="1" sc="266,-27,182,55,285,-14,267,-14" /><INIT seed="5,0,0,1,0,78" ten="239,237,271,253" oya="1" hai0="50,134,116,31,80,87,44,51,118,1,86,128,109" hai1="106,95,79,107,11,29,121,14,68,55,90,43,49" hai2="17,113,75,63,74,22,103,27,69,124,39,82,76" hai3="129,21,104,47,35,60,25,117,110,105,64,9,20"/><U4/><E121/><V26/><F39/><W23/><G110/><T45/><D109/><U13/><E68/><V30/><F124/><W84/><G129/><T8/><D128/><U3/><E43/><V72/><F103/><W97/><G117/><T94/><D134/><U96/><E29/><V65/><REACH who="2" step="1"/><F113/><REACH who="2" ten="239,237,261,253" step="2"/><W48/><G105/><T15/><D118/><U7/><E107/><V54/><F54/><W36/><G36/><T28/><D116/><U85/><E4/><V99/><F99/><W119/><G119/><T53/><D1/><U83/><REACH who="1" step="1"/><E106/><REACH who="1" ten="239,227,261,253" step="2"/><V88/><F88/><W16/><G104/><T61/><D31/><U100/><E100/><V123/><F123/><W89/><G35/><AGARI ba="0,2" hai="17,22,26,27,30,35,63,65,69,72,74,75,76,82" machi="35" ten="30,3900,0" yaku="1,1,7,1,52,1,53,0" doraHai="78" doraHaiUra="131" who="2" fromWho="3" sc="239,0,227,0,261,59,253,-39" /><INIT seed="6,0,0,0,1,34" ten="239,227,320,214" oya="2" hai0="125,1,74,80,58,105,37,91,126,108,57,122,42" hai1="134,89,13,78,85,50,3,72,8,68,46,90,48" hai2="56,21,61,87,132,79,47,117,60,39,116,98,83" hai3="65,55,133,97,70,11,23,28,45,33,53,0,86"/><V88/><F61/><W102/><G133/><T130/><D105/><U24/><E68/><V118/><F132/><W12/><G0/><T111/><D122/><U77/><E134/><V52/><F21/><W7/><G33/><T81/><D130/><U25/><E72/><V40/><REACH who="2" step="1"/><F98/><REACH who="2" ten="239,227,310,214" step="2"/><W27/><G70/><T94/><D111/><U104/><E24/><V73/><F73/><W62/><G45/><T92/><D74/><U9/><E25/><V2/><F2/><W119/><G86/><T51/><D1/><U49/><E85/><V120/><F120/><W43/><G119/><T75/><D75/><U15/><E46/><V63/><F63/><W115/><G115/><T19/><D108/><U127/><E50/><V17/><F17/><W135/><G135/><T110/><D110/><U95/><E127/><V103/><F103/><W4/><G4/><T106/><D51/><U18/><E18/><V36/><F36/><W96/><G96/><T100/><D19/><U124/><E3/><V69/><F69/><W131/><G131/><T76/><D37/><U128/><E124/><V54/><F54/><W93/><G43/><T123/><D42/><U32/><E128/><V107/><F107/><W64/><REACH who="3" step="1"/><G62/><REACH who="3" ten="239,227,310,204" step="2"/><T114/><D123/><U109/><E109/><V31/><F31/><W20/><G20/><T10/><D114/><U14/><E32/><V16/><F16/><W99/><G99/><N who="0" m="61727" /><D126/><U30/><E30/><V44/><F44/><W41/><G41/><T66/><D125/><U5/><E104/><V113/><F113/><W84/><G84/><T35/><D35/><RYUUKYOKU ba="0,2" sc="239,-15,227,-15,310,15,204,15" hai2="39,40,47,52,56,60,79,83,87,88,116,117,118" hai3="7,11,12,23,27,28,53,55,64,65,93,97,102" /><INIT seed="6,1,2,1,2,116" ten="224,212,325,219" oya="2" hai0="54,108,76,44,48,25,29,72,132,96,13,63,12" hai1="40,69,57,41,117,58,55,27,124,115,100,122,23" hai2="87,82,131,123,129,46,26,106,28,99,6,62,84" hai3="14,94,52,90,64,81,34,125,24,17,86,80,39"/><V42/><F6/><W47/><G125/><T112/><D108/><U104/><E117/><V113/><F62/><W60/><G34/><T35/><D112/><U3/><E69/><V51/><F113/><W119/><G24/><T135/><D63/><U68/><E68/><V10/><F10/><W114/><G114/><T73/><D96/><U110/><E110/><V93/><F106/><W30/><G30/><T33/><D33/><U71/><E71/><V75/><F75/><N who="0" m="28746" /><D76/><U67/><E3/><V79/><F87/><W111/><G111/><T2/><D2/><U89/><E124/><V95/><F123/><W4/><G4/><T59/><D59/><U32/><E32/><V5/><F5/><W61/><G39/><T21/><D35/><U31/><E67/><V126/><F126/><W83/><G64/><T121/><D121/><U109/><E109/><V91/><REACH who="2" step="1"/><F95/><REACH who="2" ten="224,212,315,219" step="2"/><W0/><G119/><T7/><D7/><U20/><E122/><V15/><F15/><W16/><G0/><T134/><AGARI ba="1,3" hai="12,13,21,25,29,44,48,54,132,134,135" m="28746" machi="134" ten="40,1500,0" yaku="20,1" doraHai="116" who="0" fromWho="0" sc="224,48,212,-5,315,-8,219,-5" /><INIT seed="7,0,0,4,5,82" ten="272,207,307,214" oya="3" hai0="23,49,24,22,110,36,129,98,126,84,42,125,7" hai1="134,87,26,3,76,133,107,124,106,40,63,77,121" hai2="55,1,35,28,70,95,14,80,132,25,18,93,44" hai3="127,66,61,120,91,108,112,58,27,15,135,94,21"/><W19/><G120/><T116/><D110/><U81/><E121/><V62/><F1/><W20/><G108/><T114/><D116/><U12/><E124/><N who="0" m="47721" /><D36/><U0/><E76/><V50/><F80/><W39/><G112/><T90/><D7/><U85/><E85/><V54/><F132/><N who="1" m="50793" /><E40/><V41/><F55/><W17/><G127/><T100/><D114/><U51/><E51/><V4/><F4/><W86/><REACH who="3" step="1"/><G135/><REACH who="3" ten="272,207,307,204" step="2"/><T72/><D129/><U69/><E12/><V6/><F14/><W128/><G128/><T45/><D24/><U34/><E26/><V37/><F25/><W64/><G64/><T119/><D119/><U99/><E34/><V29/><F35/><W48/><G48/><T101/><D72/><U46/><E46/><V9/><F44/><W73/><G73/><T68/><D68/><U105/><E99/><V103/><F70/><W43/><G43/><T31/><D31/><U79/><E79/><V117/><F29/><W113/><G113/><T130/><D130/><U104/><N who="1" m="26624" /><DORA hai="30" /><U111/><E111/><V10/><F41/><W74/><G74/><T97/><D98/><U53/><E53/><V65/><F54/><W33/><G33/><T109/><D109/><U131/><E131/><V13/><F117/><W47/><G47/><T59/><D97/><U5/><E5/><V88/><F6/><W75/><G75/><T83/><D59/><U78/><E78/><V8/><F50/><W96/><G96/><T102/><AGARI ba="0,1" hai="22,23,42,45,49,83,84,90,100,101,102" m="47721" machi="102" ten="30,2000,0" yaku="18,1,52,1" doraHai="82,30" who="0" fromWho="0" sc="272,30,207,-5,307,-5,204,-10" owari="302,40.2,202,-19.8,302,10.2,194,-30.6" /></mjloggm>