<mjloggm ver="2.3"><GO type="41" lobby="0"/><UN n0="%41%63%61%63%61%73%63" n1="%E2%93%9D%4C%75%63%6B%79%4A" n2="%E5%8C%97%E6%B5%B7%E9%81%93%E9%9B%80%E3%82%AD%E3%83%81" n3="%EF%BD%87%EF%BD%87%EF%BC%99%EF%BC%99%EF%BC%99%EF%BC%99" dan="15,14,14,14" rate="1927.95,2043.65,1879.58,1823.36" sx="M,M,M,M"/><TAIKYOKU oya="0"/><INIT seed="0,0,0,5,5,76" ten="250,250,250,250" oya="0" hai0="94,74,63,60,5,14,85,45,6,126,64,50,122" hai1="113,97,69,101,109,53,11,71,89,39,30,20,34" hai2="106,29,27,16,28,65,4,105,13,54,40,80,133" hai3="42,93,8,104,24,72,56,118,91,95,114,22,87"/><T86/><D122/><U90/><E39/><V17/><F65/><W52/><G118/><T103/><D74/><U57/><E34/><V123/><F40/><W88/><G114/><T58/><D126/><U19/><E30/><V132/><F123/><W108/><G72/><T59/><D14/><U41/><E41/><V9/><F54/><W77/><G42/><T129/><D129/><U119/><E109/><V2/><F80/><N who="3" m="47503" /><G104/><T128/><D128/><U111/><E11/><N who="2" m="6207" /><F106/><W7/><G8/><T48/><D103/><U70/><E111/><V66/><F66/><W96/><G7/><N who="0" m="2571" /><D45/><U43/><E113/><V68/><F68/><W37/><G37/><T84/><D94/><N who="3" m="35849" /><G96/><T38/><D38/><U130/><E130/><V55/><F55/><AGARI ba="0,0" hai="48,50,55,58,59,60,63,64,84,85,86" m="2571" machi="55" ten="30,1500,0" yaku="8,1" doraHai="76" who="0" fromWho="2" sc="250,15,250,0,250,-15,250,0" /><INIT seed="0,1,0,4,4,45" ten="265,250,235,250" oya="0" hai0="15,55,90,91,5,123,50,27,120,33,79,107,68" hai1="87,125,8,113,93,62,129,41,94,2,80,47,43" hai2="24,51,72,84,37,53,124,110,64,49,56,105,65" hai3="85,114,89,10,83,96,127,34,1,109,60,126,58"/><T31/><D107/><U112/><E43/><V20/><F105/><W67/><G114/><N who="1" m="44138" /><E62/><V26/><F72/><W66/><G34/><T7/><D68/><U9/><E125/><V54/><F37/><W61/><G109/><T88/><D79/><N who="1" m="46495" /><E129/><V134/><F134/><W40/><G40/><T0/><D0/><U115/><N who="1" m="44146" /><U11/><DORA hai="108" /><E2/><V12/><F110/><W29/><G29/><T6/><REACH who="0" step="1"/><D15/><REACH who="0" ten="255,250,235,250" step="2"/><U130/><E130/><V92/><F124/><W69/><G126/><T111/><D111/><U101/><E101/><V81/><F92/><W78/><G127/><T44/><AGARI ba="1,1" hai="5,6,7,27,31,33,44,50,55,88,90,91,120,123" machi="44" ten="30,11700,0" yaku="1,1,0,1,52,1,54,1,53,0" doraHai="45,108" doraHaiUra="99,74" who="0" fromWho="0" sc="255,130,250,-40,235,-40,250,-40" /><INIT seed="0,2,0,5,3,16" ten="385,210,195,210" oya="0" hai0="69,109,60,22,9,71,117,87,130,8,106,6,118" hai1="3,74,18,32,47,2,112,97,122,5,127,1,65" hai2="128,103,99,29,36,73,11,116,113,75,102,0,79" hai3="67,132,96,68,66,88,40,38,45,14,95,93,91"/><T21/><D130/><U25/><E74/><V64/><F113/><W33/><G132/><T28/><D106/><U105/><E65/><V131/><F36/><W20/><G33/><T125/><D125/><U90/><E90/><V19/><F29/><W50/><G68/><T129/><D129/><N who="2" m="49738" /><F64/><W120/><G38/><T48/><D48/><U84/><E84/><V12/><F0/><W70/><G70/><T100/><D100/><N who="2" m="38442" /><F99/><W44/><G120/><T56/><D87/><U59/><E97/><V53/><F116/><W104/><G104/><T39/><D39/><U119/><E105/><V115/><F115/><W26/><G14/><T133/><D133/><U37/><E3/><V35/><F35/><W63/><G44/><T111/><D28/><U34/><E47/><V81/><F53/><W77/><G63/><T15/><D71/><U58/><E37/><V135/><F135/><W52/><G77/><T78/><D78/><U62/><E34/><V61/><F61/><W80/><G80/><T108/><D69/><U46/><E32/><V123/><F73/><W82/><G82/><T121/><D121/><AGARI ba="2,0" hai="11,12,19,75,79,81,121,123" m="38442,49738" machi="121" ten="30,1000,0" yaku="19,1" doraHai="16" who="2" fromWho="0" sc="385,-16,210,0,195,16,210,0" /><INIT seed="1,0,0,4,2,58" ten="369,210,211,210" oya="1" hai0="43,114,45,33,135,57,92,134,37,18,31,34,39" hai1="126,95,2,109,83,73,25,96,97,120,19,132,11" hai2="122,5,52,49,113,90,60,91,12,9,71,7,50" hai3="69,77,123,6,129,44,102,127,65,121,21,4,133"/><U35/><E120/><V117/><F122/><W87/><G123/><T3/><D3/><U110/><E132/><N who="0" m="50729" /><D114/><U51/><E51/><N who="2" m="19467" /><F71/><W101/><G121/><T46/><D31/><U42/><E42/><V93/><F117/><W22/><G133/><T98/><D45/><U125/><E83/><V104/><F104/><W29/><G129/><T118/><D118/><U115/><E73/><V54/><F113/><W74/><G44/><T99/><D39/><U0/><E97/><N who="2" m="57527" /><F91/><W32/><G74/><T62/><D18/><U28/><E96/><N who="0" m="36905" /><D92/><U81/><E95/><V75/><F75/><W61/><G127/><N who="1" m="48650" /><E81/><V68/><F68/><W41/><G41/><T40/><D40/><U10/><E115/><V30/><F30/><W80/><G32/><T24/><D24/><U128/><E128/><V56/><F54/><AGARI ba="0,0" hai="33,34,37,43,46,54,57,62" m="36905,50729" machi="54" ten="30,2000,0" yaku="20,1,52,1" doraHai="58" who="0" fromWho="2" sc="369,20,210,0,211,-20,210,0" /><INIT seed="2,0,0,2,4,107" ten="389,210,191,210" oya="2" hai0="28,33,40,4,133,81,25,95,62,130,65,43,64" hai1="117,93,124,113,66,31,26,123,32,75,13,34,105" hai2="114,38,77,84,22,96,126,46,80,56,9,102,78" hai3="72,108,29,104,125,129,16,100,112,37,99,35,57"/><V118/><F118/><W0/><RYUUKYOKU type="yao9" ba="0,0" sc="389,0,210,0,191,0,210,0" hai3="0,16,29,35,37,57,72,99,100,104,108,112,125,129" /><INIT seed="2,1,0,0,2,9" ten="389,210,191,210" oya="2" hai0="92,31,103,8,25,130,89,24,52,38,61,26,54" hai1="115,76,17,79,66,94,7,77,123,99,100,64,129" hai2="131,132,122,21,58,30,68,35,2,118,74,133,71" hai3="95,106,13,82,29,83,4,73,91,6,57,65,112"/><V37/><F21/><W33/><G106/><T47/><D130/><U67/><E129/><V28/><F58/><W55/><G112/><T119/><D119/><U36/><E36/><V56/><F56/><W22/><G33/><T10/><D103/><U18/><E115/><V126/><F30/><W87/><G65/><T53/><D61/><U60/><E123/><V23/><F23/><W127/><G73/><T20/><D38/><U108/><E108/><V85/><F28/><W121/><G29/><T98/><D31/><U93/><E7/><N who="3" m="2602" /><G127/><T135/><D20/><U15/><E18/><V107/><F85/><W1/><G1/><T45/><D135/><U86/><E60/><V16/><F16/><N who="3" m="10511" /><G121/><T111/><D111/><U81/><REACH who="1" step="1"/><E94/><REACH who="1" ten="389,200,191,210" step="2"/><V88/><F133/><W63/><AGARI ba="1,1" hai="55,57,63,82,83,87,91,95" m="10511,2602" machi="63" ten="30,4000,0" yaku="8,1,52,1,54,1" doraHai="9" who="3" fromWho="3" sc="389,-11,200,-11,191,-21,210,53" /><INIT seed="3,0,0,1,5,75" ten="378,189,170,263" oya="3" hai0="79,1,118,45,117,52,15,16,108,51,130,36,103" hai1="23,49,116,58,22,129,131,42,77,82,50,119,17" hai2="59,98,115,85,123,25,38,26,80,4,11,47,128" hai3="71,111,66,114,12,127,126,13,87,104,101,10,83"/><W124/><G114/><T133/><D133/><U65/><E65/><V120/><F115/><W94/><G104/><T41/><D108/><U46/><E58/><V72/><F98/><N who="3" m="59607" /><G111/><T44/><D1/><U93/><E50/><V56/><F128/><N who="1" m="49225" /><E93/><V7/><F7/><W70/><G66/><T90/><D103/><U62/><E62/><V8/><F8/><W78/><G13/><T57/><D130/><U27/><E23/><V30/><F26/><W68/><G68/><T54/><D90/><U21/><E22/><V69/><F69/><W63/><G63/><T99/><D99/><U122/><E122/><N who="2" m="46635" /><F72/><AGARI ba="0,0" hai="17,21,27,42,46,49,72,77,82,116,119" m="49225" machi="72" ten="30,2000,0" yaku="19,1,52,1" doraHai="75" who="1" fromWho="2" sc="378,0,189,20,170,-20,263,0" /><INIT seed="4,0,0,4,1,135" ten="378,209,150,263" oya="0" hai0="111,115,32,36,125,112,50,51,19,47,93,40,22" hai1="74,10,86,96,24,18,82,1,102,131,110,108,59" hai2="53,67,83,6,65,69,70,106,118,80,57,87,56" hai3="17,34,85,12,52,129,133,119,134,68,99,113,128"/><T11/><D32/><U49/><E74/><V116/><F6/><W71/><G119/><T92/><D111/><U64/><E131/><N who="3" m="50250" /><G34/><T48/><D11/><U81/><E82/><V61/><F106/><W27/><G99/><T100/><D100/><U122/><E122/><V41/><F87/><W84/><G27/><T63/><D63/><U76/><E64/><V15/><F15/><W121/><G85/><T123/><D123/><U73/><E73/><V127/><F41/><W114/><G84/><T124/><D93/><U77/><E77/><V38/><F38/><W31/><G31/><T0/><D0/><U21/><E1/><V54/><F61/><W16/><G121/><T126/><D92/><U90/><E76/><V14/><F14/><AGARI ba="0,0" hai="14,19,22,36,40,47,48,50,51,112,115,124,125,126" machi="14" ten="50,12000,1" yaku="18,1,52,3" doraHai="135" who="0" fromWho="2" sc="378,120,209,0,150,-120,263,0" /><INIT seed="4,1,0,2,3,31" ten="498,209,30,263" oya="0" hai0="99,120,30,42,7,129,39,24,16,21,9,95,128" hai1="134,92,70,62,124,132,64,5,113,97,93,98,78" hai2="32,49,130,1,54,80,57,135,6,91,131,18,100" hai3="22,109,45,76,116,8,122,67,37,71,69,84,36"/><T20/><D120/><U14/><E78/><V117/><F100/><W63/><G109/><T74/><D74/><U3/><E3/><V13/><F117/><W72/><G116/><T88/><D39/><U123/><E123/><V52/><F135/><N who="1" m="51753" /><E124/><V61/><F32/><W133/><G133/><T51/><D42/><U25/><E25/><V75/><F6/><W86/><G22/><T119/><D51/><U68/><E113/><V104/><F1/><W85/><G69/><N who="1" m="26730" /><E14/><V11/><F104/><W43/><G37/><T112/><D112/><U125/><E5/><V126/><F126/><W121/><REACH who="3" step="1"/><G8/><REACH who="3" ten="498,209,30,253" step="2"/><T29/><D119/><U101/><E125/><V82/><F75/><W102/><G102/><T55/><D21/><U58/><E98/><V10/><F10/><W38/><G38/><T94/><D29/><U105/><AGARI ba="1,1" hai="58,62,64,92,93,97,101,105" m="26730,51753" machi="105" ten="30,1100,0" yaku="20,1" doraHai="31" who="1" fromWho="1" sc="498,-6,209,24,30,-4,253,-4" /><INIT seed="5,0,0,2,5,101" ten="492,233,26,249" oya="1" hai0="119,22,114,1,135,8,128,52,112,89,40,125,31" hai1="66,78,18,30,91,37,38,108,9,26,54,19,39" hai2="46,106,64,93,23,61,15,68,35,85,71,36,82" hai3="33,120,62,76,122,124,134,127,14,51,24,11,57"/><U129/><E78/><V80/><F35/><W111/><G111/><T132/><D119/><U69/><E108/><V105/><F71/><W117/><G76/><T95/><D125/><N who="3" m="48201" /><G117/><T7/><D128/><U121/><E121/><V81/><F93/><W102/><G51/><T90/><D40/><U43/><E54/><V96/><F96/><W58/><G102/><T130/><D130/><U16/><E129/><V67/><F67/><N who="3" m="39375" /><G58/><T133/><D52/><U50/><E50/><V126/><F85/><W55/><G55/><T72/><D72/><U4/><E91/><N who="0" m="34825" /><D95/><U104/><E43/><V97/><F97/><W107/><G134/><T48/><D48/><U115/><E66/><V65/><F65/><W59/><G59/><T60/><D60/><U123/><E123/><N who="3" m="47146" /><G24/><AGARI ba="0,0" hai="1,7,8,22,24,31,112,114,132,133,135" m="34825" machi="24" ten="40,1300,0" yaku="20,1" doraHai="101" who="0" fromWho="3" sc="492,13,233,0,26,0,249,-13" /><INIT seed="6,0,0,2,3,2" ten="505,233,26,236" oya="2" hai0="103,5,0,134,65,74,73,45,132,75,100,31,57" hai1="128,67,14,85,84,119,21,32,124,38,15,55,135" hai2="59,44,113,118,86,60,27,37,52,97,78,13,111" hai3="50,70,88,24,36,22,131,6,9,127,1,51,114"/><V53/><F118/><W64/><G127/><T54/><D65/><U10/><E32/><V68/><F111/><W19/><G36/><T81/><D31/><U61/><E38/><V58/><F113/><W42/><G131/><T130/><D130/><U102/><E102/><V34/><F68/><W79/><G79/><T129/><D129/><U72/><E72/><V30/><F97/><W109/><G109/><T93/><D81/><U108/><E135/><N who="0" m="51753" /><D93/><U26/><E15/><V11/><F37/><W46/><G114/><T66/><D66/><U110/><E124/><V20/><F44/><W121/><G121/><T83/><D83/><U47/><E119/><V91/><F78/><W43/><G70/><T107/><D107/><U3/><E3/><V28/><F34/><W116/><G64/><T104/><D104/><U33/><E33/><V115/><F115/><W48/><G116/><T25/><D25/><U76/><E76/><V96/><F96/><W105/><G105/><T92/><D92/><U126/><E126/><V98/><F98/><W125/><G43/><T80/><D80/><U99/><E99/><V40/><F40/><W4/><G125/><T101/><D45/><U123/><E110/><V8/><F30/><W106/><G106/><T87/><D87/><U90/><E85/><V82/><REACH who="2" step="1"/><F13/><REACH who="2" ten="505,233,16,236" step="2"/><W16/><G42/><T71/><D71/><U39/><E108/><V18/><F18/><W17/><G46/><T69/><D69/><U35/><E128/><V29/><F29/><N who="3" m="17559" /><G1/><T77/><D77/><U117/><E117/><V94/><F94/><W12/><G88/><RYUUKYOKU ba="0,1" sc="505,-15,233,-15,16,15,236,15" hai2="8,11,20,27,28,52,53,58,59,60,82,86,91" hai3="4,6,9,12,16,17,19,48,50,51" /><INIT seed="6,1,1,3,3,9" ten="490,218,31,251" oya="2" hai0="118,55,24,36,120,4,5,33,110,60,94,59,88" hai1="38,65,103,25,97,30,74,28,23,70,48,98,76" hai2="67,81,10,93,89,114,131,8,123,46,99,19,80" hai3="1,37,96,16,42,115,57,128,27,26,58,49,29"/><V34/><F123/><W82/><G37/><T47/><D120/><U21/><E38/><V11/><F34/><W13/><G1/><T2/><D110/><U95/><E74/><V119/><F119/><W133/><G115/><T15/><D2/><U50/><E76/><V109/><F114/><W78/><G128/><T75/><D75/><U22/><E70/><V106/><F131/><W53/><G133/><T6/><D36/><U44/><E65/><V41/><F106/><W113/><G42/><T63/><D63/><U135/><E50/><N who="2" m="26959" /><F109/><W39/><G39/><T7/><D47/><U104/><E135/><V111/><F111/><W18/><G96/><N who="0" m="57415" /><D33/><U112/><E112/><V117/><F67/><W54/><G29/><T51/><D24/><U125/><E125/><V43/><F43/><W85/><G18/><T69/><D69/><U14/><E30/><V35/><F35/><W62/><G113/><T71/><D71/><U91/><E14/><N who="2" m="7623" /><F117/><W0/><G0/><T45/><D15/><U108/><E108/><V101/><F101/><W52/><G54/><AGARI ba="1,1" hai="21,22,23,25,28,44,48,54,91,95,97,98,103,104" machi="54" ten="30,1000,0" yaku="7,1" doraHai="9" who="1" fromWho="3" sc="490,0,218,23,31,0,251,-13" /><INIT seed="7,0,0,0,0,51" ten="490,241,31,238" oya="3" hai0="116,7,120,99,114,38,132,39,15,11,36,9,58" hai1="64,61,130,78,102,96,75,19,131,17,105,4,76" hai2="46,134,85,129,42,41,30,66,37,13,118,65,68" hai3="89,113,98,80,100,103,2,110,40,5,8,97,12"/><W28/><G110/><T33/><D116/><U34/><E4/><V127/><F127/><W1/><BYE who="2" /><G113/><T84/><D120/><U16/><E34/><V125/><F125/><W3/><G28/><T121/><D121/><U123/><E123/><V104/><F104/><W124/><G40/><T128/><D128/><N who="1" m="49195" /><E75/><V22/><F22/><W29/><G29/><T10/><D99/><U88/><E88/><V71/><F71/><AGARI ba="0,0" hai="16,17,19,61,64,71,76,78,96,102,105" m="49195" machi="71" ten="30,2000,0" yaku="19,1,54,1" doraHai="51" who="1" fromWho="2" sc="490,0,241,20,31,-20,238,0" owari="490,59.0,261,6.1,11,-48.9,238,-16.2" /></mjloggm>