<mjloggm ver="2.3"><GO type="41" lobby="0"/><UN n0="%61%61%73%73%64%64%66%66" n1="%48%6F%6E%76%65%72" n2="%54%46%68%69%6B%61%72%69" n3="%E2%93%9D%4C%75%63%6B%79%4A" dan="13,13,14,17" rate="1820.26,1891.62,1890.22,2144.56" sx="M,M,M,M"/><TAIKYOKU oya="0"/><INIT seed="0,0,0,1,3,79" ten="250,250,250,250" oya="0" hai0="12,20,27,9,128,82,55,102,17,67,14,35,13" hai1="70,78,49,52,123,73,114,133,25,99,81,84,31" hai2="61,97,63,2,15,33,125,50,46,5,53,127,68" hai3="8,4,124,101,36,1,130,126,69,64,118,72,42"/><T21/><D67/><U75/><E123/><V3/><F33/><W57/><G101/><T66/><D66/><U76/><E70/><V16/><F5/><W111/><G118/><T58/><D102/><U23/><E133/><V24/><F24/><W10/><G10/><T41/><D41/><U37/><E37/><V85/><F97/><W54/><G130/><T96/><D96/><U113/><E99/><V71/><F3/><W117/><G111/><T98/><D98/><U105/><E105/><V92/><F2/><W129/><G129/><T56/><D128/><U74/><REACH who="1" step="1"/><E78/><REACH who="1" ten="250,240,250,250" step="2"/><V80/><F71/><W47/><G117/><T32/><D32/><U93/><E93/><V39/><F68/><W29/><G69/><T104/><D104/><U60/><E60/><V88/><F92/><W38/><G38/><T30/><D35/><U62/><E62/><V112/><F39/><W34/><G34/><T135/><D135/><U106/><E106/><V77/><F77/><W94/><G94/><T95/><D95/><U51/><E51/><V59/><F63/><W109/><G36/><T65/><D65/><U131/><E131/><V18/><F61/><W22/><G64/><T115/><D115/><U6/><E6/><V89/><F89/><W107/><G4/><T103/><D103/><U83/><E83/><V121/><F121/><W19/><G107/><T116/><D82/><U7/><E7/><V48/><F80/><W134/><G134/><T120/><D116/><U132/><E132/><V43/><F50/><W119/><G119/><T45/><D120/><U26/><E26/><RYUUKYOKU ba="0,1" sc="250,-10,240,30,250,-10,250,-10" hai1="23,25,31,49,52,73,74,75,76,81,84,113,114" /><INIT seed="1,1,1,2,2,69" ten="240,270,240,240" oya="1" hai0="100,108,117,103,129,135,102,34,4,18,47,23,93" hai1="31,105,104,50,74,92,101,62,22,32,6,116,114" hai2="7,21,64,12,119,80,70,134,96,51,5,57,65" hai3="28,109,19,54,61,13,41,87,36,67,24,8,45"/><U53/><E114/><V63/><F119/><W98/><G109/><T40/><D108/><U131/><E32/><V112/><F112/><W79/><G98/><T10/><D34/><U115/><E115/><V38/><F134/><W71/><G79/><T43/><D135/><U48/><E74/><V127/><F127/><W30/><G87/><T68/><D68/><U91/><E6/><V76/><F65/><W60/><G61/><T14/><D129/><U52/><E116/><V113/><F113/><W72/><G72/><T118/><D93/><U90/><E131/><V83/><F96/><W121/><G121/><T111/><D111/><U77/><E77/><V15/><F38/><W123/><G123/><T125/><D125/><U59/><E105/><V33/><F33/><W88/><G54/><T39/><REACH who="0" step="1"/><D43/><REACH who="0" ten="230,270,240,240" step="2"/><U99/><E104/><V73/><F70/><W46/><G46/><T25/><AGARI ba="1,2" hai="4,10,14,18,23,25,39,40,47,100,102,103,117,118" machi="25" ten="30,7900,0" yaku="1,1,2,1,0,1,52,1,53,0" doraHai="69" doraHaiUra="81" who="0" fromWho="0" sc="230,102,270,-40,240,-21,240,-21" /><INIT seed="2,0,0,0,5,47" ten="332,230,219,219" oya="2" hai0="22,93,46,108,4,121,36,24,70,43,80,76,11" hai1="69,5,122,71,88,134,28,6,98,82,18,117,34" hai2="19,3,115,120,9,103,127,132,64,68,100,31,78" hai3="123,74,2,61,79,39,41,90,67,57,85,51,111"/><V66/><F120/><W49/><G123/><T116/><D70/><U50/><E122/><V65/><F127/><W29/><G2/><T14/><D108/><U55/><E117/><V27/><F115/><W87/><G74/><T86/><D116/><U23/><E134/><V129/><F78/><W21/><G39/><T107/><D121/><U109/><E109/><V62/><F129/><W32/><G32/><T52/><D107/><U25/><E71/><V95/><F132/><W81/><G41/><T0/><D93/><U126/><E69/><V131/><F131/><W133/><G133/><T73/><D86/><U124/><E124/><V59/><F68/><W63/><G63/><T101/><D101/><U130/><E130/><V118/><F118/><W42/><G42/><T40/><D40/><U125/><E125/><V94/><F3/><W72/><G72/><T97/><D97/><U26/><E126/><V135/><F135/><W113/><G113/><T17/><D14/><U38/><E38/><V8/><F19/><W35/><G35/><T105/><D105/><U104/><E104/><V114/><F114/><W15/><G111/><T110/><D110/><U1/><E1/><V106/><F106/><W56/><G57/><T10/><D10/><N who="2" m="4202" /><F27/><N who="3" m="16623" /><G15/><T58/><D58/><U99/><E99/><N who="2" m="59511" /><F31/><W60/><G61/><T13/><D13/><U30/><E30/><V7/><F7/><W128/><G128/><T112/><D112/><U77/><E28/><V92/><F92/><AGARI ba="0,0" hai="49,51,56,60,67,79,81,85,87,90,92" m="16623" machi="92" ten="30,3900,0" yaku="8,1,52,2" doraHai="47" who="3" fromWho="2" sc="332,0,230,0,219,-39,219,39" /><INIT seed="3,0,0,1,2,46" ten="332,230,180,258" oya="3" hai0="10,20,51,131,50,68,38,89,45,22,54,95,73" hai1="107,55,66,34,128,108,105,116,71,47,135,26,90" hai2="49,44,12,81,41,37,72,134,13,3,103,127,88" hai3="29,119,76,21,86,59,11,101,80,120,93,123,67"/><W36/><G36/><T125/><D38/><U60/><E108/><V52/><F127/><W31/><G119/><T1/><D68/><U27/><E116/><V43/><F134/><W104/><G104/><T84/><D73/><U110/><E135/><V40/><F3/><W78/><G11/><T5/><D131/><U126/><E110/><V118/><F118/><W2/><G2/><T85/><D125/><U133/><E126/><V79/><F103/><W99/><G78/><T18/><D85/><U35/><E133/><V0/><F0/><W70/><G70/><T87/><D87/><U92/><E128/><V115/><F115/><W112/><G112/><T106/><D106/><U82/><E82/><V77/><F77/><W64/><G67/><T17/><D20/><U25/><E107/><V114/><F114/><W83/><G83/><T48/><D18/><U117/><E105/><V91/><REACH who="2" step="1"/><F37/><REACH who="2" ten="332,230,170,258" step="2"/><W28/><G123/><T111/><D111/><U97/><REACH who="1" step="1"/><E117/><REACH who="1" ten="332,220,170,258" step="2"/><V74/><F74/><W109/><G109/><T102/><REACH who="0" step="1"/><D102/><REACH who="0" ten="322,220,170,258" step="2"/><U75/><E75/><V132/><F132/><W14/><G120/><T19/><D19/><U130/><E130/><V121/><F121/><W57/><G76/><T24/><AGARI ba="0,3" hai="1,5,10,17,22,24,45,48,50,51,54,84,89,95" machi="24" ten="20,12000,2" yaku="1,1,0,1,7,1,52,3,53,0" doraHai="46" doraHaiUra="8" who="0" fromWho="0" sc="322,150,220,-30,170,-30,258,-60" /><INIT seed="4,0,0,1,3,85" ten="472,190,140,198" oya="0" hai0="34,62,24,123,27,64,89,13,107,104,47,58,117" hai1="16,8,130,15,32,122,66,119,91,17,106,101,125" hai2="127,73,134,22,70,96,30,105,29,100,93,99,57" hai3="18,45,31,97,41,40,10,51,90,121,37,42,23"/><T82/><D123/><U131/><E119/><V114/><F73/><W83/><G121/><T133/><D133/><U63/><E122/><V87/><F134/><W111/><G111/><T65/><D117/><U77/><E32/><V5/><F5/><W132/><G37/><T54/><D65/><U50/><E77/><V28/><F127/><W9/><G31/><T81/><D104/><U1/><E125/><V59/><F70/><W7/><G132/><T118/><D107/><U52/><E1/><V20/><F114/><W2/><G10/><T120/><D120/><U102/><E17/><V69/><F69/><W38/><G38/><T109/><D109/><U126/><E126/><V95/><F87/><W44/><G45/><T110/><D110/><U116/><E116/><V6/><F6/><W86/><REACH who="3" step="1"/><G97/><REACH who="3" ten="472,190,140,188" step="2"/><T80/><D47/><U53/><E131/><V74/><F74/><W55/><G55/><T79/><D54/><U68/><E53/><V108/><F108/><W46/><G46/><T35/><D118/><U26/><E130/><V135/><F135/><W124/><G124/><T43/><D43/><U92/><E52/><V56/><F105/><W60/><G60/><T36/><D36/><U4/><E106/><V33/><F33/><W49/><G49/><T67/><D35/><U39/><E50/><V21/><F100/><W129/><G129/><T25/><D34/><U61/><E39/><V76/><F76/><W19/><G19/><T12/><D79/><U128/><E61/><V98/><AGARI ba="0,1" hai="20,21,22,28,29,30,56,57,59,93,95,96,98,99" machi="98" ten="40,32000,5" yakuman="40" doraHai="85" who="2" fromWho="2" sc="472,-160,190,-80,140,330,188,-80" /><INIT seed="5,0,0,4,4,2" ten="312,110,470,108" oya="1" hai0="88,75,50,84,112,0,45,101,5,38,79,16,55" hai1="14,23,31,133,41,110,131,29,20,39,10,95,109" hai2="53,68,46,35,129,96,62,3,7,11,52,97,82" hai3="76,44,17,66,86,70,134,22,15,87,67,125,9"/><U106/><E106/><V40/><F129/><W130/><G130/><T26/><D38/><U113/><E131/><V37/><F35/><W4/><G125/><T111/><D101/><U43/><E95/><V74/><F97/><W105/><G134/><T64/><D64/><U93/><E93/><V6/><F6/><W58/><G70/><T32/><D32/><U61/><E61/><V85/><F96/><W116/><G116/><T117/><D79/><U103/><E103/><V56/><F68/><W104/><G44/><T63/><D75/><U122/><E39/><V30/><F30/><N who="1" m="11273" /><E43/><V73/><F53/><W8/><G9/><T89/><D63/><U99/><E99/><V127/><F127/><W47/><G47/><T128/><D128/><U57/><E57/><V121/><F121/><W108/><G108/><N who="1" m="41578" /><E41/><V120/><F120/><W90/><G105/><T118/><D111/><U27/><E122/><V107/><F107/><W91/><G104/><T1/><D89/><AGARI ba="0,0" hai="3,7,11,37,40,46,52,56,62,73,74,82,85,89" machi="89" ten="30,3900,0" yaku="7,1,52,1,54,1" doraHai="2" who="2" fromWho="0" sc="312,-39,110,0,470,39,108,0" /><INIT seed="6,0,0,0,1,95" ten="273,110,509,108" oya="2" hai0="8,29,90,38,7,30,116,125,36,85,99,105,26" hai1="127,33,58,48,128,2,3,69,87,129,22,96,10" hai2="40,94,24,13,25,106,21,56,53,103,104,101,23" hai3="107,45,19,98,32,46,114,50,57,4,135,61,73"/><V134/><F134/><W60/><G32/><T14/><D125/><U123/><E33/><V91/><F40/><W117/><G73/><T71/><D71/><U130/><E69/><V80/><F80/><W118/><G4/><T66/><D66/><U92/><E127/><V108/><F108/><W43/><G19/><T110/><D110/><U63/><E123/><V93/><F13/><W27/><G27/><T18/><D30/><U86/><E48/><V64/><F64/><W42/><G107/><T97/><D105/><U100/><E22/><V9/><F9/><W122/><G98/><T78/><D78/><U126/><E126/><V52/><F56/><W62/><G114/><T68/><D68/><U88/><E10/><V39/><F91/><W82/><G82/><T79/><D79/><U37/><E87/><V132/><F132/><W15/><G15/><T5/><D116/><N who="3" m="44649" /><G122/><T113/><D38/><AGARI ba="0,0" hai="21,23,24,25,38,39,52,53,93,94,101,103,104,106" machi="38" ten="25,4800,0" yaku="22,2,54,1" doraHai="95" who="2" fromWho="0" sc="273,-48,110,0,509,48,108,0" /><INIT seed="6,1,0,1,1,40" ten="225,110,557,108" oya="2" hai0="123,29,109,64,135,125,77,105,9,5,121,93,78" hai1="38,58,39,134,31,56,57,102,99,116,47,6,100" hai2="76,54,67,12,25,49,80,51,65,18,36,85,74" hai3="4,114,82,35,88,96,128,112,28,87,117,97,44"/><V106/><F106/><W20/><G117/><T126/><D105/><U60/><E116/><V129/><F36/><W110/><G110/><T53/><D64/><U8/><E134/><V69/><F129/><W70/><G70/><T104/><D29/><U119/><E119/><V90/><F25/><N who="3" m="18831" /><G4/><T98/><D104/><U75/><E75/><V45/><F51/><W115/><G128/><T37/><D37/><U62/><E31/><V91/><F69/><W26/><G44/><T86/><D53/><U81/><E81/><N who="2" m="49455" /><F91/><W103/><G103/><T46/><D46/><U79/><E79/><V133/><F133/><W30/><AGARI ba="1,0" hai="20,26,30,82,87,88,96,97,112,114,115" m="18831" machi="30" ten="30,4000,0" yaku="15,1,11,1,54,1" doraHai="40" who="3" fromWho="3" sc="225,-11,110,-11,557,-21,108,43" /><INIT seed="7,0,0,0,3,32" ten="214,99,536,151" oya="3" hai0="77,106,81,53,115,18,107,42,34,28,25,16,50" hai1="3,104,95,108,105,58,10,33,1,134,90,8,131" hai2="27,114,44,24,88,14,38,92,127,73,37,35,67" hai3="49,93,68,29,45,89,60,19,99,12,0,71,126"/><W94/><G126/><T133/><D42/><U122/><E108/><V125/><F73/><W80/><G29/><T119/><D119/><U117/><E122/><V83/><F67/><W82/><G0/><T13/><D133/><U21/><E33/><V47/><F114/><W65/><G94/><T85/><D115/><U51/><E131/><V61/><F61/><W110/><G110/><T5/><D5/><U43/><E134/><V6/><F83/><W135/><G71/><T7/><D7/><U70/><E70/><V15/><F6/><W4/><G4/><T39/><D39/><U116/><E21/><V17/><F17/><W75/><G75/><T22/><REACH who="0" step="1"/><D18/><REACH who="0" ten="204,99,536,151" step="2"/><U112/><E112/><V78/><F38/><W103/><G135/><T121/><D121/><U40/><E40/><V48/><F37/><W23/><REACH who="3" step="1"/><G103/><REACH who="3" ten="204,99,536,141" step="2"/><T128/><D128/><U84/><E117/><V20/><F125/><W120/><G120/><T91/><D91/><U109/><E116/><V124/><F127/><W100/><G100/><T123/><D123/><U59/><E109/><V69/><F124/><W36/><G36/><T130/><D130/><U52/><E1/><V31/><F69/><W64/><G64/><T76/><D76/><U55/><E3/><V66/><F88/><W132/><G132/><T79/><D79/><U118/><E118/><V101/><F78/><W26/><G26/><T102/><D102/><U87/><E90/><V113/><F101/><W46/><G46/><AGARI ba="0,2" hai="13,16,22,25,28,34,46,50,53,77,81,85,106,107" machi="46" ten="30,7700,0" yaku="1,1,7,1,54,1,53,1" doraHai="32" doraHaiUra="9" who="0" fromWho="3" sc="204,97,99,0,536,0,141,-77" owari="301,10.1,99,-30.1,536,63.6,64,-43.6" /></mjloggm>