<mjloggm ver="2.3"><GO type="41" lobby="0"/><UN n0="%E3%81%AF%E3%81%B2%E3%82%85%E3%81%85" n1="%E5%B0%8F%E7%8E%89%E3%83%88%E3%83%9E%E3%83%88" n2="%E5%8D%97%E9%87%8E%E7%A7%80%E4%B8%80" n3="%E2%93%9D%4C%75%63%6B%79%4A" dan="14,14,15,18" rate="1932.42,1902.25,2004.10,2220.96" sx="M,M,M,M"/><TAIKYOKU oya="0"/><INIT seed="0,0,0,4,3,108" ten="250,250,250,250" oya="0" hai0="64,76,117,15,51,71,133,134,4,34,47,100,50" hai1="18,105,125,87,7,59,130,48,99,25,44,67,60" hai2="69,126,124,112,33,72,13,17,107,16,106,36,45" hai3="49,55,111,54,131,9,115,28,92,63,81,10,41"/><T56/><D117/><U91/><E125/><N who="2" m="48235" /><F69/><W29/><G111/><T84/><D34/><U37/><E130/><V8/><F72/><W14/><G131/><T0/><D0/><U22/><E37/><V73/><F73/><W109/><G109/><T113/><D100/><U114/><E7/><V78/><F78/><W89/><G115/><T2/><D2/><U57/><E105/><N who="2" m="39947" /><F33/><W98/><G10/><N who="0" m="4551" /><D71/><U103/><E114/><V21/><F112/><W85/><G41/><N who="0" m="24943" /><D113/><U127/><E127/><V93/><F93/><W11/><G11/><T74/><D74/><U122/><E122/><V123/><F123/><W42/><G42/><T70/><D70/><U66/><E103/><V3/><F3/><W43/><G43/><T129/><D129/><U118/><E118/><V104/><N who="2" m="39955" /><V27/><DORA hai="121" /><F45/><W120/><G120/><T31/><D31/><U79/><E44/><V75/><F75/><W80/><G29/><T94/><D94/><U20/><E99/><V88/><F36/><W128/><G28/><T101/><D101/><U30/><E30/><V39/><F39/><W110/><G110/><T38/><D38/><U96/><E96/><V32/><F32/><W58/><G98/><T68/><D68/><U1/><E1/><V23/><F8/><W97/><G97/><T135/><D76/><U52/><E79/><V83/><F83/><W5/><REACH who="3" step="1"/><G128/><REACH who="3" ten="250,250,250,240" step="2"/><T62/><D84/><U119/><E119/><V61/><F21/><W53/><G53/><T102/><D102/><U86/><E22/><V65/><F23/><W132/><G132/><T24/><D24/><RYUUKYOKU ba="0,1" sc="250,15,250,-15,250,-15,240,15" hai0="51,56,62,64,133,134,135" hai3="5,9,14,49,54,55,58,63,80,81,85,89,92" /><INIT seed="0,1,1,5,5,92" ten="265,235,235,255" oya="0" hai0="113,21,39,90,37,40,25,73,8,20,57,91,2" hai1="26,85,33,105,67,10,32,45,120,101,15,115,58" hai2="59,121,108,124,46,86,123,52,4,131,17,112,7" hai3="66,119,82,30,14,80,35,95,102,9,84,69,122"/><T49/><D113/><U53/><E120/><V6/><F112/><W13/><G119/><T51/><D73/><U129/><E129/><V0/><F0/><W104/><G122/><T117/><D117/><U56/><E26/><V42/><F131/><W89/><G14/><T116/><D116/><U97/><E115/><V5/><F108/><W75/><G69/><T38/><D40/><U96/><E45/><V70/><F70/><W72/><G66/><T12/><D2/><U77/><E67/><V18/><F124/><W19/><G30/><T125/><D125/><U31/><E31/><V114/><F114/><W16/><G35/><T41/><D41/><U135/><E135/><V99/><F86/><W133/><G19/><T55/><D51/><U36/><E36/><V48/><N who="2" m="1024" /><DORA hai="83" /><V23/><F18/><W34/><G34/><T44/><D44/><U24/><E33/><V78/><F99/><N who="1" m="37961" /><E32/><V71/><F71/><W87/><G104/><T62/><D8/><U50/><E105/><V68/><F68/><W109/><G109/><T81/><D12/><U107/><E107/><V64/><F64/><W22/><G9/><T11/><D11/><U132/><E132/><V27/><REACH who="2" step="1"/><F78/><REACH who="2" ten="265,235,225,255" step="2"/><W29/><G133/><T43/><D25/><U54/><E77/><V60/><AGARI ba="1,2" hai="17,23,27,42,46,48,52,59,60,121,123" m="1024" machi="60" ten="40,8000,1" yaku="1,1,2,1,0,1,54,1,53,0" doraHai="92,83" doraHaiUra="76,127" who="2" fromWho="2" sc="265,-41,235,-21,225,103,255,-21" /><INIT seed="1,0,0,5,3,134" ten="224,214,328,234" oya="1" hai0="104,60,84,103,48,135,69,89,90,31,99,22,85" hai1="116,110,36,51,54,56,17,10,26,3,45,46,119" hai2="77,107,42,13,29,122,87,105,74,62,117,9,73" hai3="24,61,111,57,102,124,11,97,2,96,1,98,67"/><U15/><E3/><V86/><F117/><W20/><G111/><T7/><D135/><U88/><E110/><V132/><F132/><W25/><G25/><T131/><D131/><U100/><E100/><V30/><F122/><W79/><G79/><T101/><D7/><U81/><E26/><V37/><F62/><W91/><G91/><T65/><D103/><U6/><E6/><V34/><F42/><W125/><G102/><T4/><D4/><U47/><REACH who="1" step="1"/><E36/><REACH who="1" ten="224,204,328,234" step="2"/><V68/><F37/><W95/><G95/><T92/><D104/><U72/><E72/><V123/><F73/><W78/><G78/><T106/><D106/><U121/><E121/><V53/><F74/><W38/><G38/><T118/><D101/><U94/><E94/><V23/><F77/><W5/><REACH who="3" step="1"/><G2/><REACH who="3" ten="224,204,328,224" step="2"/><T66/><D92/><U27/><E27/><V114/><F105/><W70/><G70/><T0/><D69/><U19/><E19/><AGARI ba="0,2" hai="1,5,11,19,20,24,57,61,67,96,97,98,124,125" machi="19" ten="40,8000,1" yaku="1,1,52,2,53,1" doraHai="134" doraHaiUra="14" who="3" fromWho="1" sc="224,0,204,-80,328,0,224,100" /><INIT seed="2,0,0,3,0,49" ten="224,124,328,324" oya="2" hai0="84,15,114,13,29,14,39,132,20,28,97,130,54" hai1="46,80,48,79,104,0,73,17,60,108,76,47,53" hai2="117,19,74,41,90,102,22,63,103,45,27,89,57" hai3="30,10,72,120,110,6,125,37,38,101,81,18,98"/><V113/><F113/><W31/><G120/><T32/><D114/><U99/><E0/><V42/><F117/><W24/><G18/><T64/><D130/><U91/><E108/><V59/><F74/><W25/><G110/><T128/><D128/><U23/><E79/><V134/><F134/><W87/><G72/><T122/><D132/><U3/><E3/><V11/><F11/><W126/><G98/><T40/><D32/><U51/><E60/><V5/><F5/><W34/><G101/><T93/><D84/><U12/><E104/><V94/><F89/><W129/><G129/><T116/><D116/><U112/><E112/><V95/><F95/><W52/><G10/><T55/><D64/><U66/><E66/><V118/><F59/><W111/><G6/><T135/><D135/><U78/><E78/><V106/><F106/><W4/><G4/><T119/><D119/><U131/><E131/><V26/><F26/><W86/><G111/><T44/><D122/><U56/><E51/><V50/><F41/><W36/><G81/><T124/><D124/><N who="3" m="47721" /><G52/><N who="0" m="20011" /><D20/><AGARI ba="0,0" hai="20,24,25,30,31,34,36,37,38,86,87" m="47721" machi="20" ten="40,1300,0" yaku="18,1" doraHai="49" who="3" fromWho="0" sc="224,-13,124,0,328,0,324,13" /><INIT seed="3,0,0,2,2,73" ten="211,124,328,337" oya="3" hai0="79,1,9,44,53,110,37,23,43,132,19,96,14" hai1="12,52,69,126,115,48,66,80,90,38,86,63,124" hai2="7,131,93,112,88,85,46,5,99,101,107,59,62" hai3="65,6,116,27,8,22,42,120,105,35,61,30,31"/><W87/><G120/><T135/><D110/><U128/><E115/><V56/><F112/><W118/><G105/><T125/><D125/><U58/><E128/><V129/><F46/><W68/><G42/><T81/><D96/><U32/><E32/><V92/><F56/><W41/><G41/><T36/><D36/><U4/><E38/><V29/><F29/><W76/><G31/><T16/><D53/><U117/><E117/><V106/><F106/><W114/><G114/><T28/><D28/><U13/><REACH who="1" step="1"/><E4/><REACH who="1" ten="211,114,328,337" step="2"/><V60/><F131/><W130/><G130/><T18/><D1/><U108/><E108/><V100/><F129/><W98/><G35/><T21/><D21/><U49/><E49/><V51/><F5/><W97/><G118/><T82/><D23/><U64/><E64/><V78/><F7/><W47/><G116/><T57/><D9/><U109/><E109/><V102/><F51/><W134/><G8/><T20/><D20/><U17/><E17/><V77/><F62/><W127/><G6/><T122/><D19/><U133/><E133/><V75/><F75/><W50/><G134/><T10/><D135/><U54/><E54/><N who="2" m="33911" /><F107/><W123/><G50/><T2/><D132/><U103/><E103/><AGARI ba="0,1" hai="77,78,85,88,92,93,99,100,101,102,103" m="33911" machi="103" ten="30,7700,0" yaku="8,1,52,2,54,1" doraHai="73" who="2" fromWho="1" sc="211,0,114,-77,328,87,337,0" /><INIT seed="4,0,0,1,3,66" ten="211,37,415,337" oya="0" hai0="125,56,76,105,52,80,72,102,100,120,3,68,106" hai1="114,113,51,1,45,93,44,87,84,69,63,57,18" hai2="132,96,115,60,34,110,88,83,116,128,31,42,129" hai3="92,95,48,77,10,126,25,54,22,74,9,101,73"/><T59/><D120/><U118/><E118/><V47/><F110/><W55/><G126/><T98/><D125/><U38/><E1/><V107/><F116/><W94/><G101/><T30/><D30/><U15/><E38/><V14/><F115/><N who="1" m="44041" /><E93/><V50/><F132/><W5/><G77/><T27/><D27/><U58/><E58/><V131/><F34/><W13/><G10/><T4/><D59/><U111/><E111/><V104/><F31/><W79/><G79/><T119/><D119/><U53/><E44/><V134/><F134/><W8/><G9/><T12/><D3/><U89/><E89/><V28/><F28/><W20/><G55/><T32/><D32/><U123/><E123/><V33/><F33/><W67/><G67/><T135/><D135/><U133/><E133/><V39/><F39/><W46/><REACH who="3" step="1"/><G25/><REACH who="3" ten="211,37,415,327" step="2"/><T71/><D102/><U61/><E15/><V103/><F14/><W29/><G29/><T35/><D35/><U41/><E18/><V0/><F0/><W19/><G19/><T117/><D117/><U85/><E63/><V62/><F104/><W127/><G127/><T86/><D106/><U24/><E24/><V108/><F108/><W6/><G6/><T75/><D12/><U36/><E61/><V109/><F109/><W23/><AGARI ba="0,1" hai="5,8,13,20,22,23,46,48,54,73,74,92,94,95" machi="23" ten="30,8000,1" yaku="1,1,0,1,53,3" doraHai="66" doraHaiUra="17" who="3" fromWho="3" sc="211,-40,37,-20,415,-20,327,90" /><INIT seed="5,0,0,2,3,116" ten="171,17,395,417" oya="1" hai0="109,128,19,31,13,63,23,39,130,117,86,101,43" hai1="73,111,64,90,26,81,30,112,35,20,11,34,49" hai2="107,106,59,66,6,60,75,45,2,36,0,78,72" hai3="42,10,103,113,47,92,53,4,40,121,83,89,110"/><U84/><E73/><V88/><F88/><W74/><G110/><T114/><D109/><U50/><E111/><V115/><F115/><W54/><G42/><T27/><D114/><U124/><E112/><V5/><F6/><W41/><G41/><T98/><D117/><U129/><E129/><V118/><F118/><W61/><G103/><T135/><D135/><U93/><E124/><V58/><F59/><W28/><G28/><T62/><D86/><U65/><E35/><V51/><F2/><W132/><G61/><T37/><D43/><U55/><E34/><V80/><F75/><W15/><G121/><T52/><D63/><U17/><E49/><V134/><F134/><W7/><G7/><T32/><D39/><U104/><E104/><V38/><F38/><W133/><G113/><T125/><D37/><U25/><E93/><V56/><F56/><W108/><G108/><T70/><D70/><U97/><E97/><V79/><F79/><W48/><G133/><T77/><D77/><U44/><E25/><V131/><F131/><W76/><REACH who="3" step="1"/><G132/><REACH who="3" ten="171,17,395,407" step="2"/><T12/><D62/><U18/><E30/><V68/><F51/><W3/><G3/><T21/><D130/><U87/><REACH who="1" step="1"/><E87/><AGARI ba="0,1" hai="4,10,15,40,47,48,53,54,74,76,83,87,89,92" machi="87" ten="30,2000,0" yaku="1,1,7,1,53,0" doraHai="116" doraHaiUra="95" who="3" fromWho="1" sc="171,0,17,-20,395,0,407,30" owari="171,-22.9,-3,-50.3,395,19.5,437,53.7" /></mjloggm>