<mjloggm ver="2.3"><GO type="41" lobby="0"/><UN n0="%42%61%72%72%79%32" n1="%E7%9A%AE%E7%8B%97%E6%B3%A2%E6%B3%A2" n2="%E3%82%AD%E3%83%BC%E5%9D%8A" n3="%E2%93%9D%4C%75%63%6B%79%4A" dan="15,15,15,15" rate="1994.15,1988.23,2001.03,2122.43" sx="M,M,M,M"/><TAIKYOKU oya="0"/><INIT seed="0,0,0,5,4,38" ten="250,250,250,250" oya="0" hai0="111,4,40,76,100,74,51,73,24,11,49,118,56" hai1="110,22,86,6,79,123,26,21,124,63,117,20,134" hai2="5,44,75,66,31,93,71,48,88,106,85,69,10" hai3="52,77,14,133,30,35,81,29,132,13,113,126,108"/><T33/><D118/><U58/><E117/><V109/><F109/><W62/><G113/><T116/><D116/><U102/><E123/><V80/><F66/><W67/><G108/><T28/><D100/><U127/><E110/><V125/><F106/><W9/><G126/><N who="1" m="48170" /><E134/><N who="3" m="51818" /><G35/><T84/><D111/><U70/><E70/><V18/><F18/><N who="3" m="8527" /><G13/><T19/><D19/><U96/><E6/><V90/><F31/><W121/><G121/><T87/><D73/><U43/><E79/><V129/><F129/><W25/><G25/><T16/><D74/><U107/><E43/><V60/><F60/><W53/><G30/><T64/><D40/><U119/><E119/><V15/><F125/><W46/><G46/><T36/><D76/><U17/><E86/><V32/><F32/><W115/><G29/><T114/><D114/><U27/><E27/><V39/><F39/><W103/><G103/><T54/><D36/><U99/><E99/><V98/><REACH who="2" step="1"/><F75/><REACH who="2" ten="250,250,240,250" step="2"/><N who="3" m="43199" /><G115/><T1/><D16/><U8/><E8/><V112/><F112/><W23/><G23/><T50/><REACH who="0" step="1"/><D64/><AGARI ba="0,1" hai="17,20,21,22,26,58,63,64,96,102,107" m="48170" machi="64" ten="30,1000,0" yaku="18,1" doraHai="38" who="1" fromWho="0" sc="250,-10,250,20,240,0,250,0" /><INIT seed="1,0,0,3,0,97" ten="240,270,240,250" oya="1" hai0="68,54,121,40,72,133,120,80,101,39,64,1,70" hai1="15,10,14,94,35,91,69,60,65,105,47,73,134" hai2="129,28,85,98,75,102,114,13,3,53,123,62,66" hai3="23,26,46,0,135,127,16,74,33,18,25,8,41"/><U20/><E73/><V42/><F3/><W115/><G74/><T116/><D1/><U106/><E134/><V49/><F75/><W100/><G115/><T11/><D116/><U50/><E35/><V113/><F123/><N who="0" m="47178" /><D133/><U131/><E131/><V93/><F42/><W130/><G135/><T81/><D11/><U57/><E20/><V44/><F129/><W30/><G127/><T107/><D54/><U56/><E56/><V96/><F28/><W110/><G110/><T22/><D22/><U87/><E69/><N who="0" m="26729" /><D64/><U63/><E63/><V34/><F34/><W61/><G61/><T128/><D128/><U95/><E95/><V12/><F85/><W78/><G130/><T83/><D40/><U125/><E125/><V76/><F76/><W36/><G78/><N who="0" m="44103" /><D39/><U112/><E15/><V27/><F27/><W21/><G33/><T5/><D5/><U2/><E112/><N who="2" m="43115" /><F98/><AGARI ba="0,0" hai="81,83,98,101,107" m="44103,26729,47178" machi="98" ten="30,2000,0" yaku="13,1,52,1" doraHai="97" who="0" fromWho="2" sc="240,20,270,0,240,-20,250,0" /><INIT seed="2,0,0,4,5,0" ten="260,270,220,250" oya="2" hai0="26,31,118,36,89,116,77,83,92,2,67,109,98" hai1="70,125,10,135,58,56,46,90,65,55,74,33,93" hai2="18,103,47,5,28,124,42,80,3,115,6,20,94" hai3="8,34,127,62,106,7,112,84,48,130,68,119,104"/><V88/><F115/><W122/><G112/><T73/><D36/><U86/><E74/><V30/><F124/><W76/><G119/><T38/><D38/><U45/><E125/><V63/><F63/><W39/><G34/><T35/><D109/><U79/><E33/><V110/><F80/><W114/><G39/><T60/><REACH who="0" step="1"/><D2/><REACH who="0" ten="250,270,220,250" step="2"/><U40/><E135/><V11/><F110/><W66/><G114/><T69/><AGARI ba="0,1" hai="26,31,35,60,67,69,73,77,83,89,92,98,116,118" machi="69" ten="30,4000,0" yaku="1,1,2,1,0,1,53,0" doraHai="0" doraHaiUra="101" who="0" fromWho="0" sc="250,50,270,-10,220,-20,250,-10" /><INIT seed="3,0,0,2,5,78" ten="300,260,200,240" oya="3" hai0="101,97,65,57,69,11,12,15,121,72,125,34,67" hai1="76,29,133,80,82,19,64,47,120,74,61,128,88" hai2="30,117,113,52,115,102,1,20,89,116,96,4,28" hai3="49,114,131,39,33,108,126,110,18,22,87,91,43"/><W23/><G114/><T27/><D125/><U10/><E120/><V25/><F30/><W14/><G33/><T42/><D42/><U107/><E107/><V56/><F89/><W81/><G126/><T75/><D121/><U13/><E29/><V99/><F99/><W9/><G39/><T119/><D119/><U21/><E128/><V17/><F115/><W84/><G131/><T51/><D69/><U59/><E133/><V73/><F73/><W94/><G43/><T70/><D70/><U44/><REACH who="1" step="1"/><E10/><REACH who="1" ten="300,250,200,240" step="2"/><V48/><F113/><W100/><G110/><T7/><D11/><U123/><E123/><V90/><F28/><W109/><G109/><T135/><D135/><U122/><E122/><V103/><F117/><W6/><G108/><T16/><D34/><U53/><E53/><V63/><F116/><W38/><G38/><T98/><D65/><U132/><E132/><V60/><F1/><W35/><G35/><T3/><D67/><U93/><E93/><N who="2" m="56375" /><F4/><W71/><G6/><T58/><D7/><U26/><E26/><V92/><F92/><W129/><G129/><T66/><D27/><U50/><E50/><V37/><F37/><W54/><G71/><T85/><D51/><U104/><E104/><V105/><F105/><W86/><G94/><T2/><D66/><U130/><E130/><V118/><F118/><W0/><G0/><T40/><D40/><U62/><E62/><AGARI ba="0,1" hai="17,20,25,48,52,56,60,62,63,102,103" m="56375" machi="62" ten="30,2000,0" yaku="8,1,54,1" doraHai="78" who="2" fromWho="1" sc="300,0,250,-20,200,30,240,0" /><INIT seed="4,0,0,4,1,99" ten="300,230,230,240" oya="0" hai0="30,104,107,121,12,110,45,58,23,100,118,92,64" hai1="79,77,53,68,133,101,40,28,117,73,59,82,20" hai2="37,46,88,5,72,95,10,91,111,51,39,24,49" hai3="69,4,86,66,131,76,113,32,89,84,27,71,61"/><T106/><D118/><U17/><E68/><V67/><F72/><W11/><G131/><T128/><D121/><U120/><E117/><V102/><F111/><W50/><G113/><T29/><D128/><U122/><E120/><V41/><F102/><W103/><G71/><T42/><D110/><U85/><E122/><V48/><F67/><W112/><G76/><T93/><D64/><U87/><E133/><V96/><F39/><W80/><G86/><T78/><D78/><U115/><E115/><V129/><F129/><W124/><G124/><T55/><D100/><U38/><E28/><V47/><F24/><W25/><G32/><T35/><D35/><U65/><E65/><V62/><F62/><W126/><G126/><T108/><D12/><U0/><E0/><V9/><F9/><W21/><G50/><T19/><D45/><U119/><E119/><V2/><REACH who="2" step="1"/><F91/><REACH who="2" ten="300,230,220,240" step="2"/><W94/><G112/><T109/><D109/><U16/><E101/><V132/><F132/><W114/><G114/><T123/><D108/><U81/><E73/><V18/><F18/><W130/><G130/><T116/><D123/><U8/><E8/><V134/><F134/><W125/><G125/><T7/><D19/><U105/><E105/><V33/><F33/><W3/><G21/><T22/><D116/><U74/><E74/><V56/><F56/><W83/><G103/><T60/><D106/><U13/><E17/><V1/><F1/><W15/><G3/><T36/><D104/><U90/><E38/><V26/><F26/><N who="3" m="9739" /><G69/><T97/><D107/><U6/><E90/><V57/><F57/><RYUUKYOKU ba="0,1" sc="300,-15,230,-15,220,15,240,15" hai2="2,5,10,37,41,46,47,48,49,51,88,95,96" hai3="4,11,15,61,66,80,83,84,89,94" /><INIT seed="5,1,1,4,2,85" ten="285,215,235,255" oya="1" hai0="16,35,18,36,68,31,22,111,86,66,12,8,34" hai1="120,95,52,105,43,27,104,90,9,24,122,94,21" hai2="80,116,6,32,40,72,101,59,73,67,30,103,97" hai3="124,28,109,81,11,65,79,49,133,76,54,0,135"/><U7/><E43/><V15/><F116/><W14/><G0/><T93/><D36/><U132/><E132/><N who="3" m="50762" /><G109/><T61/><D111/><U71/><E71/><V2/><F2/><W117/><G28/><T121/><D31/><U5/><E21/><V126/><F126/><W4/><G65/><T123/><D93/><U13/><E52/><V41/><F103/><W3/><G124/><T25/><REACH who="0" step="1"/><D86/><REACH who="0" ten="275,215,235,255" step="2"/><U62/><E62/><V110/><F30/><W47/><G117/><T39/><D39/><U19/><E95/><V127/><F72/><N who="3" m="43239" /><G3/><T115/><D115/><U99/><E104/><V107/><F107/><W33/><G76/><T17/><D17/><U10/><E105/><V100/><F73/><W125/><G125/><T98/><D98/><U70/><E19/><V78/><F97/><W129/><G33/><AGARI ba="1,2" hai="8,12,16,18,22,25,33,34,35,61,66,68,121,123" machi="33" ten="40,2600,0" yaku="1,1,54,1,53,0" doraHai="85" doraHaiUra="96" who="0" fromWho="3" sc="275,49,215,0,235,0,255,-29" /><INIT seed="6,0,0,1,0,52" ten="324,215,235,226" oya="2" hai0="68,74,121,22,113,50,59,44,12,94,93,131,19" hai1="61,34,85,83,110,125,55,103,111,40,108,18,47" hai2="16,99,75,10,30,102,39,100,130,48,106,77,124" hai3="56,79,80,73,78,105,66,6,90,5,20,35,70"/><V46/><F124/><W126/><G35/><T81/><D121/><U98/><E34/><V101/><F130/><W58/><G105/><T36/><D68/><U26/><E125/><V21/><F39/><W88/><G126/><T71/><D71/><U69/><E69/><V51/><F51/><W89/><G70/><T114/><D131/><U42/><E26/><V31/><F10/><W37/><G37/><T134/><D134/><U104/><E18/><V24/><F99/><W133/><G133/><T60/><D81/><U7/><E7/><N who="3" m="2570" /><G73/><T76/><D76/><N who="3" m="29225" /><G66/><N who="0" m="39199" /><D74/><U109/><N who="1" m="27648" /><DORA hai="23" /><U28/><E28/><V11/><F11/><W0/><G0/><T25/><D12/><U32/><E32/><V62/><F62/><W41/><G41/><N who="0" m="24847" /><D36/><U92/><E104/><V63/><F63/><W84/><G20/><T17/><D17/><U97/><E97/><V53/><REACH who="2" step="1"/><F106/><REACH who="2" ten="324,215,225,226" step="2"/><W86/><G80/><AGARI ba="0,1" hai="16,21,24,30,31,46,48,53,75,77,80,100,101,102" machi="80" ten="40,12000,1" yaku="1,1,2,1,52,1,54,1,53,1" doraHai="52,23" doraHaiUra="43,135" who="2" fromWho="3" sc="324,0,215,0,225,130,226,-120" /><INIT seed="6,1,0,0,4,89" ten="324,215,355,106" oya="2" hai0="84,99,28,32,36,57,101,1,116,71,58,113,130" hai1="75,121,134,22,43,27,56,131,64,119,105,69,118" hai2="14,90,91,85,18,49,93,86,100,128,87,29,108" hai3="2,46,122,72,38,30,82,19,11,94,98,44,47"/><V132/><F132/><W5/><G122/><T126/><D71/><U66/><E134/><V0/><F0/><W48/><G30/><T9/><D36/><U80/><E121/><V10/><F128/><W37/><G19/><T96/><D130/><U92/><E105/><V17/><F108/><W76/><REACH who="3" step="1"/><G48/><REACH who="3" ten="324,215,355,96" step="2"/><T40/><D28/><U61/><E131/><V20/><F29/><W25/><G25/><T39/><D39/><U21/><E118/><V33/><F49/><W51/><G51/><T6/><D116/><U110/><E119/><V23/><F33/><W13/><G13/><T24/><D24/><U67/><E27/><N who="2" m="14735" /><F23/><W106/><G106/><T114/><D32/><U55/><E110/><V53/><F53/><W3/><G3/><T74/><D40/><U88/><E43/><V8/><F8/><W45/><N who="3" m="11264" /><DORA hai="15" /><W78/><G78/><T62/><D9/><U127/><E127/><V34/><F34/><W124/><G124/><T77/><D77/><U81/><E69/><V133/><F133/><W117/><G117/><T111/><D111/><U123/><E123/><V104/><F104/><W129/><G129/><T125/><D1/><U109/><E109/><V54/><F54/><W60/><G60/><T103/><D62/><U7/><E22/><V31/><F31/><W65/><G65/><T73/><D6/><U135/><E21/><V59/><F59/><W50/><G50/><T35/><D35/><U12/><E135/><V16/><F18/><W63/><G63/><T52/><D52/><U97/><E7/><V42/><F42/><W102/><AGARI ba="1,1" hai="2,5,11,37,38,72,76,82,94,98,102" m="11264" machi="102" ten="40,12000,2" yaku="1,1,5,1,0,1,52,1,53,2" doraHai="89,15" doraHaiUra="95,4" who="3" fromWho="3" sc="324,-31,215,-31,355,-61,96,133" /><INIT seed="7,0,0,2,0,97" ten="293,184,294,229" oya="3" hai0="29,77,135,9,88,32,95,39,15,75,3,42,106" hai1="11,27,53,63,49,72,81,113,40,73,78,30,80" hai2="34,118,107,124,110,101,13,58,68,37,28,45,0" hai3="31,74,7,130,93,59,67,22,90,12,92,84,96"/><W54/><G74/><T43/><D3/><U64/><E113/><V119/><F0/><W46/><G130/><T8/><D106/><U71/><E11/><V100/><F68/><W20/><G67/><T109/><D109/><U122/><E122/><V70/><F70/><W115/><G46/><T33/><D77/><U120/><E120/><V86/><F110/><W112/><G31/><T127/><D75/><U17/><E17/><V24/><F86/><W99/><G7/><T10/><D135/><U91/><E40/><V111/><F111/><W126/><G126/><T36/><D29/><U52/><E49/><V98/><F100/><N who="3" m="60527" /><G12/><T1/><D15/><U56/><E71/><V121/><F121/><W41/><G41/><T69/><D69/><U105/><E105/><V131/><F131/><W6/><G6/><T102/><D1/><U103/><E103/><V133/><F133/><W51/><G96/><N who="0" m="59679" /><D127/><U79/><REACH who="1" step="1"/><E91/><REACH who="1" ten="293,174,294,229" step="2"/><V87/><F124/><W44/><G115/><T83/><D39/><U4/><E4/><V5/><F5/><W104/><G104/><T128/><D36/><U125/><E125/><V23/><F37/><W14/><G112/><T94/><D128/><U132/><E132/><V62/><F107/><W19/><G44/><T26/><D43/><U60/><E60/><V16/><F45/><W123/><G123/><T129/><D42/><U2/><E2/><V76/><F62/><W55/><G55/><T21/><D129/><U38/><E38/><V85/><F16/><W47/><G47/><T50/><D50/><U114/><E114/><V65/><F58/><RYUUKYOKU ba="0,1" sc="293,-15,174,15,294,-15,229,15" hai1="27,30,52,53,56,63,64,72,73,78,79,80,81" hai3="14,19,20,22,51,54,59,84,90,92" /><INIT seed="7,1,1,5,2,122" ten="278,189,279,244" oya="3" hai0="22,93,16,44,42,74,119,3,124,85,96,4,127" hai1="111,17,82,102,100,97,43,34,36,6,28,131,30" hai2="133,7,10,117,49,83,112,130,123,1,54,87,73" hai3="81,113,32,21,89,103,20,55,121,66,53,79,40"/><W71/><G32/><T78/><D119/><U5/><E34/><V76/><F123/><W39/><G121/><T11/><D74/><U134/><E131/><V61/><F117/><W14/><G103/><N who="1" m="39466" /><E36/><V80/><F112/><W99/><G66/><T60/><D60/><U101/><N who="1" m="39474" /><U12/><DORA hai="47" /><E134/><V0/><F133/><W126/><G71/><T24/><D96/><U9/><E97/><V38/><F38/><W75/><G126/><N who="0" m="48171" /><D93/><U88/><E111/><V19/><F19/><W46/><G113/><T41/><D44/><U35/><E35/><V13/><F130/><W104/><G104/><T132/><D132/><U108/><E108/><V118/><F61/><W94/><REACH who="3" step="1"/><G14/><REACH who="3" ten="278,189,279,234" step="2"/><T86/><D78/><U63/><E63/><V65/><F65/><W105/><G105/><T50/><D3/><U33/><E33/><V59/><F118/><W23/><AGARI ba="1,2" hai="20,21,23,39,40,46,53,55,75,79,81,89,94,99" machi="23" ten="30,12000,1" yaku="1,1,0,1,53,3" doraHai="122,47" doraHaiUra="51,92" who="3" fromWho="3" sc="278,-41,189,-41,279,-41,234,143" owari="237,-16.3,148,-35.2,238,3.8,377,47.7" /></mjloggm>