<mjloggm ver="2.3"><GO type="41" lobby="0"/><UN n0="%E3%81%AD%E3%81%AD%E8%94%B5%E2%99%AA%E3%81%AE%E4%B8%80%E6%B4%BE" n1="%E3%81%9F%E3%81%A0%E3%81%95%E3%82%93" n2="%E3%83%AA%E3%83%BC%E3%83%81%E7%A6%81%E6%AD%A2" n3="%E2%93%9D%4C%75%63%6B%79%4A" dan="13,14,14,18" rate="1924.46,1814.33,1939.62,2164.06" sx="M,M,M,M"/><TAIKYOKU oya="0"/><INIT seed="0,0,0,4,2,26" ten="250,250,250,250" oya="0" hai0="58,106,54,60,83,128,52,53,16,81,113,116,104" hai1="74,71,68,72,12,132,105,78,55,85,120,97,66" hai2="49,93,89,10,31,17,37,130,94,19,24,45,47" hai3="134,28,75,100,4,131,6,82,112,21,67,111,43"/><T38/><D38/><U61/><E71/><V115/><F130/><W64/><G112/><T90/><D128/><U41/><E120/><V56/><F115/><W96/><G131/><T70/><D116/><U133/><E41/><V40/><F94/><W29/><G111/><T46/><D70/><U80/><E12/><V114/><F56/><W50/><G75/><T25/><D104/><U127/><E55/><V42/><F10/><W122/><G82/><T76/><D106/><U35/><E85/><V129/><F129/><W135/><G21/><N who="0" m="13479" /><D76/><U14/><E14/><V11/><F11/><W36/><G36/><T32/><D32/><U8/><E8/><V126/><F126/><W95/><G122/><T69/><D69/><U118/><E118/><V123/><F123/><W7/><G135/><T1/><D1/><U117/><E117/><V57/><F57/><W73/><G73/><T22/><D113/><U77/><E127/><V91/><F91/><W3/><G3/><T79/><D79/><U108/><E108/><V92/><F92/><W121/><G134/><T2/><D2/><U13/><E13/><V39/><F49/><W110/><G110/><T103/><D103/><U109/><E109/><V87/><REACH who="2" step="1"/><F114/><REACH who="2" ten="250,250,240,250" step="2"/><W18/><G121/><T84/><D81/><U59/><E59/><V33/><AGARI ba="0,1" hai="17,19,24,31,33,37,39,40,42,45,47,87,89,93" machi="33" ten="20,12000,2" yaku="1,1,2,1,0,1,7,1,9,1,52,1,53,1" doraHai="26" doraHaiUra="86" who="2" fromWho="2" sc="250,-60,250,-30,240,130,250,-30" /><INIT seed="1,0,0,1,2,76" ten="190,220,370,220" oya="1" hai0="41,74,53,57,5,68,63,134,106,97,60,8,84" hai1="49,32,35,31,50,59,85,130,99,80,55,21,82" hai2="24,127,109,132,10,9,79,119,120,1,77,135,65" hai3="39,108,56,15,27,112,38,129,114,48,44,115,62"/><U83/><E130/><V73/><F119/><W11/><G27/><T4/><D74/><U51/><E85/><V92/><F120/><W117/><G15/><T47/><D68/><U71/><E71/><V72/><F24/><W96/><G11/><T33/><D33/><U17/><E31/><V131/><F65/><W0/><G0/><T75/><D75/><U123/><E123/><V81/><F92/><W98/><G98/><T2/><D4/><U40/><E40/><V23/><F23/><W20/><G96/><T118/><D118/><U16/><E99/><V103/><F103/><W95/><G20/><T7/><D7/><U78/><E78/><V42/><F131/><W90/><G90/><T43/><D84/><U126/><E126/><V70/><F70/><W124/><G95/><T3/><D3/><U104/><E104/><V88/><F127/><W91/><G91/><T34/><D34/><U122/><E122/><V13/><F42/><N who="3" m="24599" /><G129/><T54/><D134/><U6/><E6/><V121/><F88/><W107/><G107/><T22/><D22/><U67/><E67/><V29/><F29/><W94/><G94/><T100/><D47/><U61/><REACH who="1" step="1"/><E17/><REACH who="1" ten="190,210,370,220" step="2"/><V58/><F79/><W37/><G124/><T30/><D30/><U116/><E116/><V105/><F77/><W46/><G117/><T110/><REACH who="0" step="1"/><D110/><REACH who="0" ten="180,210,370,220" step="2"/><U93/><E93/><V66/><F109/><W18/><G108/><T113/><D113/><U19/><E19/><V102/><F121/><W69/><G18/><T52/><D52/><U12/><AGARI ba="0,2" hai="12,16,21,32,35,49,50,51,55,59,61,80,82,83" machi="12" ten="30,18000,2" yaku="1,1,0,1,52,3,54,1,53,1" doraHai="76" doraHaiUra="14" who="1" fromWho="1" sc="180,-60,210,200,370,-60,220,-60" /><INIT seed="1,1,0,1,5,88" ten="120,410,310,160" oya="1" hai0="24,67,76,50,94,42,39,77,99,60,110,14,96" hai1="8,75,65,56,102,19,68,38,103,41,105,21,107" hai2="133,72,31,117,11,23,78,112,131,3,59,18,64" hai3="16,25,51,129,40,30,71,45,97,87,28,57,0"/><U116/><E75/><V6/><F117/><W4/><G71/><T122/><D39/><U91/><E116/><V83/><F133/><W84/><G129/><T63/><D122/><U73/><E73/><V27/><F131/><W90/><G0/><T37/><D37/><U101/><E68/><V10/><F112/><W130/><G4/><T120/><D120/><U135/><E135/><V114/><F114/><W118/><G130/><T123/><D123/><U74/><E74/><V1/><F11/><W127/><G127/><T89/><D60/><U100/><N who="1" m="25600" /><DORA hai="9" /><U49/><E38/><V47/><F47/><W13/><G57/><T119/><D99/><U92/><E107/><V134/><F134/><W12/><G87/><T15/><D119/><U115/><E115/><V32/><F64/><W104/><G97/><T82/><D82/><U69/><E69/><V53/><F3/><W125/><G125/><T20/><D110/><U54/><E105/><V111/><F111/><W106/><G106/><T126/><D126/><U113/><E113/><V81/><F81/><N who="3" m="49423" /><G104/><T95/><D95/><U124/><E124/><V108/><F108/><W62/><G62/><T109/><D109/><U132/><E132/><V55/><F59/><W93/><G93/><T85/><D96/><N who="1" m="57375" /><E8/><V44/><REACH who="2" step="1"/><F44/><REACH who="2" ten="120,410,300,160" step="2"/><W33/><G118/><T98/><D98/><U2/><E2/><V26/><AGARI ba="1,1" hai="1,6,10,18,23,26,27,31,32,53,55,72,78,83" machi="26" ten="20,5200,0" yaku="1,1,2,1,0,1,7,1,53,0" doraHai="88,9" doraHaiUra="66,36" who="2" fromWho="2" sc="120,-14,410,-27,300,65,160,-14" /><INIT seed="2,0,0,4,5,86" ten="106,383,365,146" oya="2" hai0="40,132,60,63,0,122,17,100,79,114,130,21,98" hai1="3,102,105,26,25,116,120,80,10,45,134,56,15" hai2="32,70,20,50,110,27,71,109,7,8,49,124,43" hai3="118,125,89,76,95,104,68,103,61,90,38,128,44"/><V81/><F124/><W14/><G104/><T12/><D0/><U47/><E3/><V30/><F81/><W39/><G118/><T65/><D122/><U28/><E134/><V36/><F36/><W2/><G2/><T24/><D132/><U62/><E26/><V72/><F72/><W53/><G128/><T135/><D114/><U131/><E131/><V113/><F113/><W94/><G103/><T92/><D130/><U59/><E59/><V57/><F32/><W123/><G76/><T75/><D75/><U119/><E105/><V93/><F43/><W83/><G83/><T1/><D1/><U78/><E102/><V42/><F42/><W117/><G117/><T19/><D79/><U18/><E120/><V48/><F57/><W115/><G125/><T37/><D135/><U112/><E112/><V111/><REACH who="2" step="1"/><F93/><REACH who="2" ten="106,383,355,146" step="2"/><W74/><G74/><T66/><D40/><U96/><E119/><V23/><F23/><W16/><G115/><T77/><D77/><U101/><E116/><V91/><F91/><N who="3" m="34827" /><G39/><T6/><D37/><U35/><E80/><V11/><F11/><N who="3" m="6239" /><G38/><T107/><D107/><U126/><E78/><V9/><F9/><W34/><G34/><T97/><D6/><U127/><E126/><V46/><F46/><W52/><G123/><T58/><D92/><N who="3" m="35369" /><G44/><T85/><D100/><U133/><E133/><V106/><F106/><W108/><G108/><T84/><D85/><U82/><E127/><V99/><F99/><W69/><G69/><N who="0" m="42151" /><D84/><U129/><E129/><V51/><N who="2" m="12288" /><DORA hai="64" /><V73/><F73/><W67/><G68/><T33/><D33/><RYUUKYOKU ba="0,1" sc="106,10,383,-30,355,10,146,10" hai0="12,17,19,21,24,58,63,66,97,98" hai2="7,8,20,27,30,70,71,109,110,111" hai3="52,53,61,67" /><INIT seed="2,1,1,1,2,48" ten="116,353,365,156" oya="2" hai0="39,34,20,75,43,129,25,44,22,18,124,86,84" hai1="12,11,15,104,113,64,68,41,4,69,72,109,118" hai2="91,103,67,8,132,0,33,126,14,16,107,37,76" hai3="6,115,90,93,116,47,2,97,31,60,119,40,82"/><V80/><F37/><W29/><G115/><T73/><D34/><U122/><E64/><V110/><F126/><W87/><G2/><T42/><D124/><U120/><E41/><V59/><F132/><W21/><G6/><T78/><D129/><U9/><E72/><V52/><F33/><W53/><G119/><T51/><D39/><U81/><E104/><V134/><F0/><W5/><G5/><T96/><D42/><U61/><E113/><V23/><F134/><W3/><G3/><T114/><D114/><U58/><E118/><V94/><F67/><W111/><G111/><T30/><D96/><U89/><E109/><V27/><F103/><W98/><G98/><T57/><D73/><U74/><E120/><V71/><F71/><W106/><G106/><T45/><D45/><U99/><E122/><V125/><F107/><W83/><G83/><T133/><D78/><U28/><E28/><V95/><F91/><W56/><G21/><T49/><D75/><U127/><E127/><V7/><F110/><W79/><REACH who="3" step="1"/><G116/><REACH who="3" ten="116,353,365,146" step="2"/><T100/><D133/><U55/><E99/><V62/><F125/><W26/><G26/><N who="0" m="16711" /><D100/><U112/><E112/><V121/><F121/><W105/><G105/><T123/><D123/><U54/><E4/><V101/><F101/><W13/><G13/><T38/><D38/><AGARI ba="1,2" hai="29,31,38,40,47,53,56,60,79,82,87,90,93,97" machi="38" ten="30,3900,0" yaku="1,1,7,1,52,1,53,0" doraHai="48" doraHaiUra="10" who="3" fromWho="0" sc="116,-42,353,0,365,0,146,62" /><INIT seed="3,0,0,1,4,30" ten="74,353,365,208" oya="3" hai0="106,128,94,19,18,80,124,66,0,21,74,121,110" hai1="8,34,12,71,27,42,49,64,100,76,40,104,123" hai2="109,84,65,96,87,55,43,7,57,2,54,75,115" hai3="131,23,112,4,41,97,13,67,60,79,15,33,122"/><W72/><G112/><T118/><D66/><U83/><E123/><V113/><F75/><W48/><G122/><T119/><D94/><U46/><E42/><V32/><F2/><W29/><G131/><T36/><D80/><U59/><E71/><V90/><F7/><W63/><G72/><T14/><D19/><U117/><E117/><V58/><F43/><W86/><G33/><T20/><D18/><U61/><E104/><V6/><F6/><W17/><G29/><T89/><D21/><U26/><E34/><V107/><F96/><W135/><G135/><T77/><D20/><U68/><E68/><V81/><F107/><W5/><G97/><T11/><D89/><U114/><E114/><V28/><F65/><W3/><G3/><T101/><D14/><U39/><E100/><V126/><F126/><W50/><G67/><T38/><D77/><U125/><E125/><V108/><F90/><W56/><G5/><T69/><D11/><U134/><E134/><V24/><F28/><W95/><G95/><T1/><D101/><U10/><E39/><V127/><F24/><W129/><G129/><T9/><D9/><U99/><E99/><V102/><F127/><W130/><G130/><T88/><D88/><U132/><E132/><V16/><F102/><W47/><G15/><T62/><D38/><U22/><E22/><V111/><F111/><W85/><G4/><T91/><D118/><U105/><E10/><V52/><F109/><W73/><G73/><T31/><D110/><U120/><E8/><V51/><F108/><W133/><G133/><T45/><D119/><RYUUKYOKU ba="0,0" sc="74,0,353,0,365,0,208,0" /><INIT seed="4,1,0,1,5,5" ten="74,353,365,208" oya="0" hai0="127,32,38,77,63,26,94,14,79,34,50,104,30" hai1="59,27,1,113,6,90,44,69,85,8,55,124,98" hai2="80,13,40,39,109,61,93,58,102,4,15,100,62" hai3="88,125,91,31,105,116,28,25,46,67,97,42,115"/><T57/><D38/><U11/><E69/><V73/><F109/><W18/><G116/><T20/><D104/><U71/><E71/><V41/><F39/><W129/><G125/><T99/><D127/><U106/><E124/><V29/><F102/><W114/><G67/><T76/><D50/><U54/><E113/><N who="3" m="43018" /><G129/><T9/><D34/><U107/><E27/><V128/><F62/><W10/><G97/><T48/><D48/><U84/><E1/><V92/><F92/><W35/><G31/><T51/><D51/><N who="1" m="29031" /><E6/><V82/><F82/><W131/><G105/><T49/><D32/><U43/><E43/><V134/><F41/><W118/><G118/><T65/><D49/><N who="1" m="31215" /><E107/><V72/><F4/><W89/><G131/><T103/><D76/><U74/><E106/><V2/><F40/><W120/><G120/><T117/><D117/><U86/><E74/><V132/><F134/><W96/><G42/><T111/><REACH who="0" step="1"/><D111/><REACH who="0" ten="64,353,365,208" step="2"/><U23/><E23/><V83/><F128/><W47/><G47/><T112/><D112/><U126/><E126/><V17/><F61/><W7/><G46/><T123/><D123/><U135/><E135/><V121/><F121/><W66/><G35/><T108/><D108/><U81/><E81/><V37/><F37/><W68/><G68/><T45/><D45/><U3/><E3/><V130/><F2/><W60/><G60/><T70/><D70/><U78/><E78/><V64/><F132/><W110/><G110/><T33/><D33/><U16/><E16/><AGARI ba="1,1" hai="9,14,16,20,26,30,57,63,65,77,79,94,99,103" machi="16" ten="30,24000,3" yaku="1,1,7,1,25,2,8,1,52,1,54,1,53,1" doraHai="5" doraHaiUra="56" who="0" fromWho="1" sc="64,253,353,-243,365,0,208,0" /><INIT seed="4,2,0,2,1,78" ten="317,110,365,208" oya="0" hai0="128,55,77,38,6,122,67,36,37,85,45,20,69" hai1="75,94,32,109,17,5,87,57,68,9,15,89,130" hai2="62,2,97,93,76,22,53,100,105,125,96,30,16" hai3="44,60,135,118,127,54,102,91,129,116,26,72,106"/><T66/><D6/><U35/><E109/><V80/><F125/><W117/><G72/><T126/><D122/><U82/><E130/><V63/><F2/><W3/><G3/><T39/><D128/><U98/><E68/><V47/><F30/><W103/><G129/><T40/><D20/><U11/><E75/><V131/><F131/><W108/><G106/><T12/><D12/><U0/><REACH who="1" step="1"/><E57/><REACH who="1" ten="317,100,365,208" step="2"/><V4/><F47/><W115/><G44/><N who="0" m="23559" /><D126/><U28/><E28/><V83/><F105/><W95/><G108/><T81/><D69/><U1/><E1/><V43/><F43/><W56/><G127/><T33/><D45/><U64/><E64/><V42/><F42/><W29/><G118/><T14/><D67/><U27/><E27/><V52/><F53/><W104/><G54/><T25/><D66/><U34/><E34/><V90/><F52/><W73/><G26/><T10/><D55/><U110/><E110/><V101/><F63/><W48/><G60/><T46/><D46/><U70/><E70/><V99/><F62/><W79/><G117/><T51/><D33/><U120/><E120/><V119/><F119/><W112/><G116/><T114/><D25/><U65/><E65/><V123/><F123/><W19/><G56/><T134/><D51/><U121/><E121/><V41/><F41/><W18/><G48/><T88/><D39/><U86/><E86/><V132/><F99/><W133/><G73/><T61/><D38/><U124/><E124/><V13/><F97/><W111/><G111/><T107/><D37/><U74/><E74/><N who="2" m="43031" /><F96/><W71/><G71/><RYUUKYOKU ba="2,1" sc="317,-10,100,30,365,-10,208,-10" hai1="0,5,9,11,15,17,32,35,82,87,89,94,98" /><INIT seed="5,3,1,3,1,77" ten="307,130,355,198" oya="1" hai0="98,70,11,75,24,63,93,43,126,28,49,113,115" hai1="74,59,79,97,26,54,78,29,51,132,67,5,9" hai2="127,31,102,112,35,69,64,111,15,37,55,118,108" hai3="107,20,119,121,41,19,16,38,131,99,60,117,76"/><U100/><E132/><V17/><F118/><N who="3" m="45067" /><G121/><T25/><D75/><U83/><E79/><V87/><F37/><W73/><G131/><T46/><D126/><U85/><E74/><V89/><F102/><N who="3" m="62943" /><G20/><T94/><D11/><U36/><E36/><V133/><F112/><W62/><G41/><T2/><D2/><U32/><E67/><V61/><F127/><W47/><G47/><T48/><D48/><U86/><E86/><V22/><F55/><W124/><G38/><T101/><D93/><U125/><E125/><V12/><F12/><W44/><G44/><T134/><D134/><U120/><E120/><V123/><F123/><W50/><G50/><T42/><D42/><U105/><E9/><V3/><F3/><W10/><G124/><T40/><D40/><U122/><E122/><V116/><F116/><W66/><G10/><T71/><D24/><U65/><E65/><V129/><F129/><W8/><G8/><T84/><D63/><N who="3" m="24105" /><G66/><T104/><D104/><U106/><REACH who="1" step="1"/><E106/><REACH who="1" ten="307,120,355,198" step="2"/><V88/><F133/><W53/><G53/><T7/><D7/><AGARI ba="3,2" hai="5,7,26,29,32,51,54,59,78,83,85,97,100,105" machi="7" ten="40,7700,0" yaku="1,1,2,1,52,1,53,0" doraHai="77" doraHaiUra="128" who="1" fromWho="0" sc="307,-86,120,106,355,0,198,0" /><INIT seed="5,4,0,5,1,2" ten="221,226,355,198" oya="1" hai0="8,91,24,37,55,3,14,59,133,78,135,131,13" hai1="12,22,120,7,67,52,26,47,73,58,21,72,88" hai2="77,81,46,110,79,43,126,44,11,92,20,30,83" hai3="60,113,102,95,51,0,40,94,128,116,38,71,57"/><U31/><E120/><V80/><F110/><W119/><G0/><T111/><D37/><U68/><E68/><V82/><F126/><W35/><G35/><T134/><D111/><U103/><E103/><V108/><F108/><W10/><G10/><T98/><D78/><U84/><E73/><V62/><F82/><W76/><G76/><T6/><D24/><U33/><E72/><V132/><F132/><N who="0" m="33794" /><T87/><DORA hai="50" /><D98/><U130/><E130/><V123/><F123/><W48/><G113/><T64/><D64/><U105/><E105/><V41/><F62/><W5/><G128/><T101/><D101/><U4/><E67/><V34/><F34/><W9/><G38/><T129/><D131/><U69/><E47/><V125/><F125/><W109/><G102/><T42/><D42/><U66/><E66/><V122/><F11/><W53/><G40/><T106/><D106/><U45/><E45/><V16/><F30/><W90/><G109/><T86/><D129/><U27/><E69/><V65/><F65/><W17/><G71/><T99/><D99/><U104/><E104/><V114/><F46/><W70/><G70/><T97/><D97/><U19/><E27/><N who="2" m="14727" /><F43/><W29/><G119/><T117/><D117/><U15/><E15/><N who="0" m="5641" /><D91/><U96/><E96/><V36/><F114/><W18/><G116/><T39/><D39/><U25/><E25/><V112/><F112/><W23/><G90/><T124/><D124/><U115/><E33/><V100/><F122/><W75/><G29/><T54/><D59/><U61/><E115/><V93/><F100/><W63/><G57/><RYUUKYOKU ba="4,0" sc="221,10,226,10,355,10,198,-30" hai0="3,6,8,54,55,86,87" hai1="4,7,12,19,21,22,26,31,52,58,61,84,88" hai2="36,41,44,77,79,80,81,83,92,93" /><INIT seed="5,5,0,2,4,129" ten="231,236,365,168" oya="1" hai0="128,74,23,134,116,34,118,36,12,67,95,35,6" hai1="19,132,108,48,106,58,99,60,79,125,61,15,29" hai2="89,5,20,38,45,17,21,16,96,123,1,39,119" hai3="46,107,51,102,8,72,131,81,135,92,110,3,11"/><U62/><E125/><V122/><F119/><W42/><G110/><T103/><D36/><U82/><E108/><V22/><F5/><W70/><G70/><T43/><D74/><U47/><E132/><V127/><F1/><W83/><G107/><T2/><D43/><U104/><E29/><V87/><F96/><W53/><G131/><T4/><D2/><U65/><E99/><V56/><F56/><W84/><G72/><T49/><D128/><U126/><E126/><V88/><F127/><W54/><G135/><T69/><D49/><U80/><E106/><V124/><F124/><W109/><G83/><T37/><D37/><U105/><E104/><V26/><F22/><W93/><G102/><T117/><D134/><U98/><E98/><V112/><F112/><W25/><G25/><T121/><D103/><U33/><E33/><V130/><F130/><W7/><G11/><T86/><D121/><U18/><E18/><V31/><F31/><W76/><REACH who="3" step="1"/><G109/><REACH who="3" ten="231,236,365,158" step="2"/><T101/><D101/><U114/><E105/><V71/><F26/><W113/><G113/><T77/><D69/><U66/><E114/><V0/><F71/><W44/><G44/><T52/><D116/><U133/><E133/><V94/><F45/><W41/><G41/><T68/><D68/><U9/><E82/><V63/><F123/><W97/><G97/><T50/><D118/><U10/><E10/><V24/><F24/><W55/><AGARI ba="5,1" hai="3,7,8,42,46,51,53,54,55,76,81,84,92,93" machi="55" ten="30,4000,0" yaku="1,1,0,1,53,1" doraHai="129" doraHaiUra="75" who="3" fromWho="3" sc="231,-15,236,-25,365,-15,158,65" /><INIT seed="6,0,0,0,1,2" ten="216,211,350,223" oya="2" hai0="27,86,70,118,69,110,108,127,40,39,59,33,50" hai1="64,84,10,99,121,47,109,43,75,73,81,79,88" hai2="93,104,48,38,91,8,103,23,36,44,9,87,72" hai3="15,94,18,77,55,97,67,61,120,3,125,46,112"/><V98/><F72/><W133/><G3/><T63/><D33/><U76/><E109/><V51/><F38/><W105/><G105/><T134/><D27/><U52/><E121/><V106/><F36/><W114/><G77/><T14/><D14/><U111/><E111/><V92/><F106/><W53/><G125/><T13/><D13/><U16/><E64/><V31/><F104/><W119/><G119/><T128/><D86/><U1/><E99/><V66/><F66/><W42/><G133/><T95/><D95/><U135/><E135/><V29/><F51/><W41/><G120/><T22/><D22/><U78/><E1/><V62/><F62/><W117/><G117/><T24/><D24/><U102/><E102/><V32/><F32/><W6/><G18/><T131/><D134/><U45/><E45/><V65/><F65/><W25/><G25/><T19/><D19/><U20/><E43/><V124/><F124/><W26/><G26/><T100/><D100/><U58/><E47/><V5/><F23/><W130/><G42/><T90/><D90/><U89/><E89/><V28/><REACH who="2" step="1"/><F5/><REACH who="2" ten="216,211,340,223" step="2"/><W83/><G6/><T68/><D127/><U132/><E132/><V60/><F60/><W57/><G61/><T115/><D39/><U54/><E10/><V101/><F101/><W74/><G67/><N who="0" m="39423" /><D118/><U30/><E30/><V116/><F116/><W107/><G107/><T0/><D0/><U4/><E4/><V82/><F82/><W126/><G83/><T71/><N who="0" m="17408" /><DORA hai="122" /><T34/><D34/><U96/><E75/><V21/><F21/><W123/><G126/><RYUUKYOKU ba="0,1" sc="216,-10,211,-10,340,30,223,-10" hai2="8,9,28,29,31,44,48,87,91,92,93,98,103" /><INIT seed="6,1,1,4,4,125" ten="206,201,370,213" oya="2" hai0="81,70,126,30,33,128,38,74,40,4,42,39,67" hai1="111,66,19,8,28,89,119,109,6,124,133,27,63" hai2="120,113,85,116,16,93,95,52,12,5,62,117,55" hai3="107,61,53,103,31,68,69,60,59,44,127,64,23"/><V73/><F120/><W46/><G107/><T84/><D74/><U76/><E119/><V36/><F113/><W11/><G103/><T41/><D33/><U49/><E124/><V29/><F73/><W135/><G11/><T65/><D30/><U71/><E133/><V0/><F36/><N who="0" m="13866" /><D4/><U80/><E19/><V98/><F29/><W134/><G127/><T13/><D84/><U122/><E122/><V105/><F5/><W121/><G121/><T1/><D81/><U47/><E89/><V118/><F0/><W130/><G130/><T108/><D13/><U34/><E49/><V17/><F17/><W50/><G23/><T75/><D75/><U7/><E7/><V21/><F62/><W54/><G31/><T2/><D108/><U99/><E47/><V26/><F105/><W43/><G69/><T35/><D35/><U79/><E79/><V97/><F26/><W32/><G32/><T22/><D22/><U20/><E20/><V72/><F72/><W115/><G115/><T37/><D126/><U25/><E25/><V129/><F85/><W57/><G46/><N who="0" m="23823" /><D1/><U3/><E80/><V18/><F12/><W112/><G112/><T123/><D2/><U104/><REACH who="1" step="1"/><E76/><REACH who="1" ten="206,191,370,213" step="2"/><V94/><F21/><W88/><G88/><T51/><D123/><U58/><E58/><V78/><F78/><W15/><G15/><T82/><D82/><U131/><E131/><V10/><F129/><W92/><G92/><T132/><D132/><N who="3" m="50729" /><G59/><T56/><D128/><U102/><AGARI ba="1,2" hai="3,6,8,27,28,34,63,66,71,99,102,104,109,111" machi="102" ten="30,12000,2" yaku="1,1,0,1,25,2,23,2,53,0" doraHai="125" doraHaiUra="48" who="1" fromWho="1" sc="206,-31,191,143,370,-61,213,-31" /><INIT seed="7,0,0,4,3,30" ten="175,334,309,182" oya="3" hai0="41,76,95,108,121,28,49,92,105,133,67,101,24" hai1="2,68,10,23,97,32,94,128,62,15,110,111,118" hai2="70,36,0,19,78,71,107,75,20,60,44,3,127" hai3="18,104,38,89,55,11,25,93,87,114,131,13,27"/><W126/><G104/><T34/><D121/><U52/><E32/><V82/><F127/><W35/><G126/><T58/><D108/><U14/><E2/><V112/><F107/><W81/><G38/><T33/><D76/><U125/><E128/><V77/><F112/><W43/><G43/><T22/><D92/><U53/><E125/><V8/><F78/><W69/><G69/><T88/><D105/><U99/><E99/><V132/><F132/><W47/><G114/><T46/><D133/><U115/><E115/><V103/><F103/><W65/><G65/><T119/><D119/><U116/><E68/><V72/><F72/><W122/><G122/><T134/><D134/><U59/><E53/><V29/><F29/><W117/><G117/><N who="1" m="45162" /><E23/><V106/><F106/><W74/><G131/><T21/><D21/><U7/><E14/><V26/><F60/><W130/><G130/><T73/><D73/><U113/><E113/><V129/><F0/><W100/><G35/><T42/><D42/><U61/><E62/><V1/><F1/><W120/><G120/><T83/><D83/><U45/><E45/><V135/><F135/><W98/><G74/><T5/><D5/><U37/><E37/><V9/><F129/><W31/><G31/><T79/><D79/><U91/><AGARI ba="0,0" hai="7,10,15,52,59,61,91,94,97,110,111" m="45162" machi="91" ten="30,2000,0" yaku="12,1,54,1" doraHai="30" who="1" fromWho="1" sc="175,-5,334,20,309,-5,182,-10" owari="170,-33.0,354,45.4,304,10.4,172,-22.8" /></mjloggm>