<mjloggm ver="2.3"><GO type="41" lobby="0"/><UN n0="%E3%83%8F%E3%83%B3%E3%83%80%E3%83%BC%E3%82%BD%E3%83%B3%E3%81%A0" n1="%E3%82%86%E3%81%86%EF%BC%A0" n2="%E3%83%A0%E3%83%BC%E3%82%AD%E3%83%BC%E3%83%BB%E3%83%99%E3%83%83%E3%83%84" n3="%E2%93%9D%4C%75%63%6B%79%4A" dan="13,13,14,13" rate="1838.42,1802.36,2042.97,1962.27" sx="M,M,M,M"/><TAIKYOKU oya="0"/><INIT seed="0,0,0,5,2,79" ten="250,250,250,250" oya="0" hai0="49,99,115,29,59,7,84,51,128,119,53,18,91" hai1="36,37,114,23,123,14,98,24,102,73,112,50,12" hai2="35,82,95,69,76,78,41,108,3,38,83,56,131" hai3="88,134,77,0,47,100,44,17,87,55,8,31,33"/><T118/><D115/><N who="1" m="44075" /><E73/><V67/><F35/><W101/><G134/><T52/><D128/><U28/><E123/><V61/><F3/><W105/><G77/><N who="2" m="29801" /><F38/><N who="1" m="14953" /><E50/><V121/><F69/><W5/><G17/><T4/><D29/><U113/><N who="1" m="44083" /><U89/><DORA hai="21" /><E89/><V65/><F121/><W40/><G55/><T90/><D18/><U26/><E24/><V86/><F108/><W106/><G106/><AGARI ba="0,0" hai="12,14,23,26,28,98,102,106" m="14953,44083" machi="106" ten="40,2600,0" yaku="11,1,52,1" doraHai="79,21" who="1" fromWho="3" sc="250,0,250,26,250,0,250,-26" /><INIT seed="1,0,0,0,2,47" ten="250,276,250,224" oya="1" hai0="49,121,107,123,80,92,81,129,87,93,111,48,74" hai1="105,42,70,132,127,100,2,126,109,5,50,39,101" hai2="77,29,36,25,40,69,16,55,116,106,17,34,0" hai3="108,52,97,22,118,128,4,89,94,23,15,14,84"/><U98/><E132/><V46/><F116/><W44/><G118/><T41/><D107/><U71/><E101/><V125/><F125/><N who="1" m="47625" /><E109/><V110/><F110/><W54/><G128/><T85/><D111/><U73/><E73/><V1/><F69/><N who="1" m="26121" /><E39/><V120/><F106/><W104/><G108/><T19/><D19/><U122/><E122/><N who="0" m="46601" /><D41/><U57/><E57/><V59/><F77/><W18/><G104/><T10/><D74/><U13/><E2/><V37/><F37/><W82/><G44/><T117/><D129/><U35/><E35/><V91/><F120/><W12/><G4/><T9/><D117/><U114/><E114/><V96/><F0/><W32/><G32/><T124/><D124/><U51/><E42/><V102/><F1/><W75/><G75/><T45/><D45/><U133/><E133/><V83/><F102/><W76/><REACH who="3" step="1"/><G23/><REACH who="3" ten="250,276,250,214" step="2"/><T90/><D10/><AGARI ba="0,1" hai="5,10,13,50,51,98,100,105" m="26121,47625" machi="10" ten="30,5800,0" yaku="18,1,52,2" doraHai="47" who="1" fromWho="0" sc="250,-58,276,68,250,0,214,0" /><INIT seed="1,1,0,5,2,18" ten="192,344,250,214" oya="1" hai0="13,36,112,75,121,106,89,33,74,39,49,93,99" hai1="135,16,87,57,60,2,28,86,11,96,37,78,70" hai2="108,55,12,111,44,79,129,103,22,120,125,114,46" hai3="8,128,131,50,27,126,115,63,34,130,38,85,113"/><U101/><E37/><V6/><F120/><W98/><G38/><T24/><D112/><N who="3" m="43081" /><G85/><T124/><D49/><U81/><E70/><V73/><F114/><W82/><G82/><T3/><D13/><U51/><E135/><V31/><F129/><W61/><G98/><T42/><D3/><U110/><E2/><V21/><F125/><W97/><G97/><T104/><D33/><U72/><E110/><N who="2" m="42027" /><F103/><W5/><G50/><T30/><D42/><U102/><E28/><V68/><F68/><W66/><G66/><T58/><D58/><U23/><E11/><N who="2" m="4215" /><F31/><N who="3" m="19839" /><G126/><T0/><D0/><AGARI ba="1,0" hai="0,5,8,61,63,128,130,131" m="19839,43081" machi="0" ten="40,1300,0" yaku="19,1" doraHai="18" who="3" fromWho="0" sc="192,-16,344,0,250,0,214,16" /><INIT seed="2,0,0,3,4,21" ten="176,344,250,230" oya="2" hai0="28,46,10,128,89,0,62,31,67,135,94,93,58" hai1="116,1,90,41,100,6,79,76,68,37,39,114,77" hai2="11,122,112,99,117,20,101,60,95,2,96,32,40" hai3="53,130,30,50,125,33,23,44,63,106,83,59,71"/><V92/><F112/><W109/><G106/><T47/><D128/><U126/><E68/><V51/><F117/><W129/><G33/><T69/><D135/><U49/><E114/><V55/><F122/><W5/><G5/><T134/><D134/><U131/><E116/><V80/><F32/><W120/><G83/><T74/><D74/><U73/><E100/><V36/><F36/><W98/><G98/><T118/><D118/><U29/><E73/><V91/><F40/><W86/><G86/><T56/><D0/><U3/><E131/><N who="3" m="50186" /><G30/><T26/><D10/><U18/><E126/><V124/><F124/><W12/><G12/><T72/><D31/><U81/><E18/><V42/><F42/><W103/><G103/><T97/><D93/><U22/><E6/><V113/><F113/><W57/><G23/><T16/><D72/><U24/><E1/><V45/><F60/><W54/><G109/><T132/><D69/><U82/><E3/><V17/><F80/><W70/><G120/><T84/><D56/><U7/><E7/><V102/><F2/><W110/><G110/><T88/><D16/><U9/><E9/><V27/><REACH who="2" step="1"/><F11/><REACH who="2" ten="176,344,240,230" step="2"/><W127/><G127/><T38/><D38/><U107/><E39/><V75/><F75/><W65/><G125/><T64/><D132/><U15/><E37/><V34/><F34/><W108/><G108/><T115/><D115/><U25/><E82/><V14/><F14/><W43/><G43/><T66/><D62/><AGARI ba="0,1" hai="44,50,53,54,57,59,62,63,65,70,71" m="50186" machi="62" ten="30,3900,0" yaku="19,1,34,2" doraHai="21" who="3" fromWho="0" sc="176,-39,344,0,240,0,230,49" /><INIT seed="3,0,0,0,4,50" ten="137,344,240,279" oya="3" hai0="127,75,83,73,68,67,124,91,22,17,57,28,78" hai1="29,129,5,82,135,122,72,32,71,13,90,101,52" hai2="23,38,87,132,120,9,66,69,0,100,41,107,10" hai3="96,48,86,27,112,59,85,108,131,125,2,39,79"/><W64/><G112/><T30/><D73/><U42/><E71/><V94/><F132/><W40/><G2/><T18/><D68/><U46/><E135/><V74/><F74/><W130/><G96/><T15/><D91/><U115/><E122/><V126/><F0/><W81/><G125/><T14/><D67/><U55/><E115/><V21/><F126/><W47/><G27/><T56/><D124/><U133/><E133/><V49/><F38/><W105/><G105/><T7/><D127/><U3/><E3/><V34/><F34/><W93/><G108/><T77/><D78/><U128/><E101/><V36/><F36/><W25/><G25/><T123/><D7/><U116/><E116/><V117/><F117/><W45/><G93/><T61/><D56/><U110/><E110/><V26/><F23/><W37/><G86/><T11/><REACH who="0" step="1"/><D123/><REACH who="0" ten="127,344,240,279" step="2"/><U109/><E109/><V53/><F66/><W106/><G64/><T99/><D99/><U65/><E65/><V60/><F69/><W103/><G59/><T19/><D19/><U89/><E72/><V43/><F120/><W95/><G79/><T92/><D92/><U70/><E70/><V114/><F94/><W24/><G95/><T84/><D84/><N who="1" m="50455" /><E89/><V4/><F87/><W58/><G85/><T121/><D121/><U35/><E29/><N who="2" m="17615" /><F4/><W1/><G81/><T134/><D134/><U12/><E5/><V111/><F100/><W31/><G103/><T54/><AGARI ba="0,1" hai="11,14,15,17,18,22,28,30,54,57,61,75,77,83" machi="54" ten="20,5200,0" yaku="1,1,0,1,7,1,52,1,53,0" doraHai="50" doraHaiUra="62" who="0" fromWho="0" sc="127,62,344,-13,240,-13,279,-26" /><INIT seed="4,0,0,5,1,51" ten="189,331,227,253" oya="0" hai0="79,45,35,135,120,38,126,53,18,119,124,114,28" hai1="29,46,14,16,87,60,118,32,22,3,24,67,17" hai2="77,36,25,80,108,81,49,90,72,103,66,4,33" hai3="26,74,105,128,62,133,64,98,11,123,99,7,58"/><T109/><D120/><U83/><E118/><V113/><F36/><W1/><G123/><T21/><D119/><U86/><E3/><V15/><F108/><W59/><G74/><T100/><D109/><U65/><E17/><V55/><F113/><W0/><G128/><T102/><D114/><U97/><E97/><V85/><F103/><W130/><G130/><T112/><D112/><U69/><E67/><V131/><F131/><W134/><G1/><T117/><D117/><U5/><E5/><V127/><F127/><N who="0" m="48682" /><D79/><U30/><E30/><V27/><F66/><W34/><G59/><T75/><D75/><U92/><E92/><V116/><F33/><W68/><G58/><T23/><D135/><N who="3" m="51721" /><G105/><T2/><D2/><U52/><REACH who="1" step="1"/><E83/><REACH who="1" ten="189,321,227,253" step="2"/><V48/><F116/><W91/><G99/><T93/><D93/><U10/><E10/><V101/><F80/><W47/><G11/><T122/><D122/><U95/><E95/><V63/><F4/><W50/><G7/><T13/><D35/><U9/><E9/><V43/><F81/><W6/><G6/><T107/><D107/><U42/><E42/><V89/><F43/><N who="3" m="24959" /><G0/><T40/><D53/><U19/><E19/><V88/><F55/><W20/><G34/><T61/><D61/><U73/><E73/><V76/><F63/><W106/><G106/><T70/><D70/><U125/><E125/><V121/><F72/><W41/><G41/><T94/><D94/><U44/><E44/><V57/><F121/><W31/><G98/><T12/><D28/><U37/><E37/><V111/><F111/><W8/><G8/><RYUUKYOKU ba="0,1" sc="189,10,321,10,227,-30,253,10" hai0="12,13,18,21,23,38,40,45,100,102" hai1="14,16,22,24,29,32,46,52,60,65,69,86,87" hai3="20,26,31,62,64,68,91" /><INIT seed="4,1,1,3,2,56" ten="199,331,197,263" oya="0" hai0="37,25,73,93,15,6,29,12,107,120,112,92,67" hai1="31,66,23,130,19,85,9,97,82,17,51,38,83" hai2="4,90,10,48,89,72,42,78,105,124,69,111,70" hai3="131,39,94,106,22,81,30,36,75,34,68,127,84"/><T63/><D107/><U135/><E38/><V118/><F111/><W64/><G22/><T134/><D37/><U133/><E130/><V104/><F124/><W40/><G94/><T57/><D120/><U11/><E31/><V28/><F28/><W50/><G75/><T108/><D73/><U77/><E83/><V91/><F118/><W103/><G50/><T86/><D134/><U65/><E97/><V109/><F109/><W121/><G40/><T117/><D117/><U1/><E51/><V18/><F18/><W20/><G20/><N who="0" m="15527" /><D108/><U46/><E46/><V53/><F42/><W47/><G47/><T44/><D44/><U7/><E11/><V55/><F78/><W98/><G131/><T79/><D112/><U116/><E19/><V74/><F89/><W32/><G121/><T58/><D58/><U123/><E123/><V88/><F90/><W45/><G45/><T122/><D122/><U2/><E2/><V3/><F48/><W114/><G114/><T115/><D115/><U76/><E76/><V52/><F53/><W41/><G41/><T5/><D79/><U33/><E33/><V110/><F110/><W0/><G34/><T87/><D87/><U126/><E126/><V13/><F3/><W61/><G0/><T95/><D86/><U96/><E96/><V128/><F128/><W99/><G99/><T129/><D129/><U26/><REACH who="1" step="1"/><E116/><REACH who="1" ten="199,321,197,263" step="2"/><V43/><F43/><W14/><G127/><T101/><D101/><U54/><E54/><V49/><F49/><W125/><G125/><T100/><D100/><U80/><E80/><V24/><F55/><RYUUKYOKU ba="1,2" sc="199,15,321,15,197,-15,263,-15" hai0="5,6,12,15,57,63,67,92,93,95" hai1="1,7,9,17,23,26,65,66,77,82,85,133,135" /><INIT seed="4,2,2,4,5,106" ten="214,336,182,248" oya="0" hai0="42,67,109,5,115,64,37,43,61,90,4,132,53" hai1="97,16,75,111,23,118,55,84,56,79,31,133,27" hai2="46,44,91,50,92,126,40,101,32,96,131,119,114" hai3="48,36,123,94,47,127,86,34,59,99,14,51,28"/><T102/><D102/><U21/><E111/><V113/><F131/><W22/><G34/><T39/><D90/><U108/><E118/><V98/><F126/><W57/><G36/><T105/><D105/><U95/><E108/><V7/><F32/><W62/><G123/><T60/><D109/><U58/><E75/><V76/><F76/><W33/><G33/><T135/><D4/><U41/><E41/><N who="0" m="15369" /><D5/><U110/><E110/><V25/><F7/><W2/><G59/><N who="0" m="34927" /><D115/><N who="2" m="44042" /><F119/><W0/><G2/><T116/><D116/><U66/><E133/><N who="0" m="51273" /><D67/><U45/><E66/><V88/><F25/><W81/><G0/><T129/><D129/><U72/><E72/><V38/><F98/><W24/><G99/><T70/><AGARI ba="2,2" hai="37,39,61,64,70" m="51273,34927,15369" machi="70" ten="30,6000,0" yaku="20,1,34,2" doraHai="106" who="0" fromWho="0" sc="214,86,336,-22,182,-22,248,-22" /><INIT seed="4,3,0,4,2,14" ten="300,314,160,226" oya="0" hai0="48,51,43,21,107,16,22,65,112,130,38,122,60" hai1="35,86,91,18,117,55,10,58,88,6,92,119,40" hai2="73,89,78,28,94,81,47,134,121,13,4,42,99" hai3="85,115,110,49,54,11,127,46,125,36,106,129,61"/><T120/><D107/><U52/><E35/><V63/><F121/><W26/><G106/><T64/><D38/><U3/><E40/><V23/><F134/><W67/><G85/><T80/><D22/><U114/><E114/><V77/><F77/><W25/><G110/><T29/><D65/><U103/><E103/><V105/><F63/><W93/><G93/><T53/><D112/><U41/><E41/><V79/><F79/><W27/><G129/><T31/><D130/><U108/><E108/><V101/><F4/><W118/><G118/><T34/><D34/><U131/><E131/><V37/><F28/><W45/><G11/><T50/><D80/><U59/><E91/><V70/><F70/><W17/><G46/><T1/><D1/><U96/><E96/><V95/><REACH who="2" step="1"/><F89/><REACH who="2" ten="300,314,150,226" step="2"/><W0/><G115/><T5/><D5/><U69/><E69/><V100/><F100/><W39/><G127/><T72/><D120/><U133/><E133/><V33/><F33/><W124/><G125/><T82/><D122/><U44/><E119/><V83/><F83/><W123/><G123/><T74/><D82/><U66/><E117/><V132/><F132/><W24/><G124/><T71/><D72/><U135/><E135/><V116/><F116/><W62/><G62/><T2/><D74/><U111/><E6/><V109/><F109/><W9/><N who="3" m="6144" /><DORA hai="30" /><W126/><G126/><T76/><D60/><U87/><E88/><V57/><F57/><N who="3" m="37295" /><G0/><T15/><D2/><U7/><E3/><V104/><F104/><W90/><G90/><T98/><D71/><U12/><E111/><RYUUKYOKU ba="3,1" sc="300,-15,314,-15,150,15,226,15" hai2="13,23,37,42,47,73,78,81,94,95,99,101,105" hai3="9,17,36,39,45,49,54" /><INIT seed="5,4,1,1,0,46" ten="285,299,165,241" oya="1" hai0="92,21,113,58,53,44,3,132,125,65,99,5,40" hai1="51,27,118,89,26,95,131,29,74,70,107,68,127" hai2="126,62,4,34,94,30,63,14,15,37,72,110,61" hai3="23,49,103,91,41,71,120,129,130,56,134,43,88"/><U32/><E118/><V80/><F110/><W60/><G103/><T109/><D109/><U31/><E107/><V75/><F37/><W85/><G120/><T16/><D125/><U59/><E127/><V76/><F126/><W9/><G9/><T19/><D65/><U11/><E74/><V52/><F75/><W128/><G134/><T35/><D35/><U73/><E73/><V122/><F122/><W79/><G23/><T7/><D3/><U2/><E131/><V1/><F1/><W123/><G123/><T12/><D19/><U87/><E11/><V33/><F4/><W117/><G71/><T55/><D55/><U36/><E36/><V81/><F81/><N who="3" m="47295" /><G117/><T45/><D45/><U82/><E82/><V108/><F108/><W28/><G28/><T93/><D93/><U18/><E18/><V105/><F105/><W69/><G69/><T42/><D42/><N who="3" m="15881" /><G49/><N who="0" m="26759" /><D113/><U10/><E10/><V112/><F112/><W8/><G8/><T124/><D132/><U25/><E25/><V57/><F94/><W22/><G22/><T77/><D124/><U104/><E104/><V0/><F0/><W119/><G119/><T66/><D66/><AGARI ba="4,1" hai="56,60,66,88,91,128,129,130" m="15881,47295" machi="66" ten="30,2000,0" yaku="19,1,54,1" doraHai="46" who="3" fromWho="0" sc="285,-32,299,0,165,0,241,42" /><INIT seed="6,0,0,5,2,72" ten="253,299,165,283" oya="2" hai0="87,29,45,21,117,18,91,103,30,2,22,116,79" hai1="71,24,8,76,112,105,104,14,63,56,82,123,93" hai2="99,11,75,52,6,4,68,90,60,20,36,132,44" hai3="38,115,41,43,110,122,40,34,66,7,134,15,67"/><V51/><F75/><W77/><G34/><T102/><D2/><U42/><E123/><V135/><F36/><W50/><G122/><T46/><D91/><U16/><E71/><V55/><F20/><W85/><G110/><T23/><D18/><U32/><E112/><V131/><F131/><W62/><G134/><N who="2" m="51241" /><F6/><W89/><G38/><T17/><D17/><U86/><E42/><N who="2" m="24983" /><F68/><W13/><G115/><T128/><D128/><U12/><E12/><N who="2" m="5223" /><F60/><W124/><G62/><T48/><D23/><U25/><E93/><AGARI ba="0,0" hai="52,55,90,93,99" m="5223,24983,51241" machi="93" ten="30,2900,0" yaku="20,1,54,1" doraHai="72" who="2" fromWho="1" sc="253,0,299,-29,165,29,283,0" /><INIT seed="6,1,0,0,0,56" ten="253,270,194,283" oya="2" hai0="65,47,112,34,1,80,35,99,98,52,28,20,100" hai1="45,109,90,4,91,10,117,16,78,13,36,18,111" hai2="32,53,107,26,113,81,68,132,29,30,76,15,43" hai3="123,11,110,97,82,57,130,115,59,88,85,42,3"/><V125/><F113/><W92/><G123/><T41/><D1/><U40/><E117/><V69/><F132/><W116/><G116/><T84/><D112/><U118/><E118/><V124/><F107/><W102/><G115/><T77/><D65/><U50/><E78/><V46/><F53/><W48/><G110/><T51/><D98/><U12/><E36/><N who="2" m="21863" /><F15/><W17/><G130/><T86/><D84/><U8/><REACH who="1" step="1"/><E4/><REACH who="1" ten="253,260,194,283" step="2"/><V103/><F103/><W96/><G102/><T21/><D100/><U104/><E104/><V31/><F31/><W0/><G3/><T122/><D122/><U55/><E55/><V93/><F30/><W38/><G38/><T73/><D35/><U62/><E62/><V33/><F33/><W14/><G0/><T129/><D34/><U25/><E25/><V87/><F93/><W44/><G92/><T22/><D28/><U23/><E23/><V133/><F133/><W89/><G42/><T75/><D41/><U54/><E54/><V66/><F66/><W101/><G101/><T67/><D67/><U74/><E74/><V134/><F134/><W106/><G106/><T5/><D5/><U79/><E79/><V9/><F9/><W94/><G11/><T6/><D6/><U58/><E58/><V135/><F135/><W61/><G59/><T19/><D73/><U120/><E120/><V37/><F37/><W121/><G121/><T70/><D75/><U105/><E105/><V49/><F49/><W83/><G48/><T60/><D51/><U63/><E63/><V64/><F64/><W72/><G61/><T7/><D60/><RYUUKYOKU ba="1,1" sc="253,-15,260,15,194,15,283,-15" hai1="8,10,12,13,16,18,40,45,50,90,91,109,111" hai2="26,29,32,68,69,76,81,87,124,125" /><INIT seed="6,2,1,3,2,38" ten="238,275,209,268" oya="2" hai0="96,68,116,123,47,112,84,105,24,113,70,111,95" hai1="22,7,11,72,51,69,36,59,103,14,75,0,106" hai2="130,37,23,40,21,114,107,77,110,67,49,97,90" hai3="76,61,135,20,79,129,78,48,17,55,2,88,8"/><V52/><F114/><N who="0" m="44138" /><D24/><U9/><E69/><N who="0" m="26729" /><D105/><U45/><E36/><V39/><F130/><W92/><G135/><T1/><D1/><U6/><E59/><V128/><F128/><W80/><G61/><T34/><D34/><U73/><E22/><V5/><F77/><W12/><G129/><T10/><D10/><U109/><E109/><V19/><F110/><W53/><G2/><T33/><D33/><U26/><E26/><V32/><F32/><W89/><G55/><T94/><D111/><U46/><E46/><V102/><F67/><W54/><G54/><T56/><D56/><U65/><E65/><V122/><F122/><W42/><G8/><T74/><D74/><U29/><E29/><V117/><F117/><W82/><G89/><N who="0" m="53543" /><D47/><U64/><E64/><V121/><F121/><W57/><REACH who="3" step="1"/><G42/><REACH who="3" ten="238,275,209,258" step="2"/><T63/><D123/><U30/><E103/><V4/><F90/><W99/><AGARI ba="2,2" hai="12,17,20,48,53,57,76,78,79,80,82,88,92,99" machi="99" ten="30,8000,1" yaku="1,1,2,1,0,1,8,1,54,1,53,0" doraHai="38" doraHaiUra="134" who="3" fromWho="3" sc="238,-22,275,-22,209,-42,258,106" /><INIT seed="7,0,0,3,2,104" ten="216,253,167,364" oya="3" hai0="34,1,115,102,114,127,32,92,20,35,60,67,19" hai1="108,26,133,33,124,37,22,122,8,96,24,58,77" hai2="87,27,79,110,64,120,40,118,51,56,129,83,46" hai3="68,62,75,101,44,4,93,30,16,99,121,39,53"/><W85/><G99/><T38/><D1/><U132/><E37/><V41/><F110/><W131/><G44/><T47/><D127/><U48/><E48/><V126/><F118/><W106/><G62/><T103/><D47/><U7/><E58/><V72/><F126/><W100/><G101/><T10/><D38/><U15/><E124/><V31/><F129/><W113/><G100/><T128/><D128/><U107/><E96/><V69/><F120/><W134/><G4/><T23/><D102/><U52/><E107/><V74/><F69/><W57/><G30/><T0/><D103/><U81/><E52/><V91/><F41/><W112/><G113/><N who="0" m="43019" /><D92/><U5/><E122/><V17/><F17/><W29/><G112/><T18/><D60/><U59/><E59/><V12/><F12/><W105/><G106/><T65/><D67/><U36/><E36/><V111/><F111/><W21/><G39/><T11/><D65/><U119/><E119/><V55/><F64/><W50/><G105/><T49/><D49/><U76/><E76/><V45/><F79/><W61/><G50/><T73/><D73/><U63/><E63/><V135/><F135/><N who="1" m="51785" /><E108/><V42/><F46/><W94/><G61/><T13/><D0/><N who="1" m="39" /><E81/><V71/><F71/><W95/><G68/><T84/><D84/><U82/><E82/><V89/><F42/><W97/><G134/><T66/><D66/><U109/><E109/><V3/><F3/><W88/><G121/><T80/><D80/><U98/><E98/><V54/><F54/><W70/><G70/><T78/><D78/><U86/><E77/><RYUUKYOKU ba="0,0" sc="216,30,253,-10,167,-10,364,-10" hai0="10,11,13,18,19,20,23,32,34,35" owari="246,4.6,243,-15.7,157,-34.3,354,45.4" /></mjloggm>