<mjloggm ver="2.3"><GO type="41" lobby="0"/><UN n0="%E3%83%AA%E3%83%83%E3%83%81%E8%BF%91%E8%97%A4" n1="%E2%93%9D%4C%75%63%6B%79%4A" n2="%E5%A4%A7%E5%89%8D%E7%94%B0%E5%B8%8C%E5%8D%83%E4%BB%A3" n3="%E3%81%A9%E3%82%89%E3%81%84%E3%81%8B%E3%82%8C%E3%83%BC" dan="15,17,14,14" rate="2042.48,2152.86,1836.07,1925.43" sx="M,M,M,M"/><TAIKYOKU oya="0"/><INIT seed="0,0,0,4,0,57" ten="250,250,250,250" oya="0" hai0="56,30,87,42,113,135,23,32,29,35,89,129,13" hai1="48,102,16,1,19,51,101,81,100,52,10,18,61" hai2="79,33,108,44,53,3,60,46,126,24,94,119,115" hai3="8,50,83,125,2,131,65,63,121,103,55,80,7"/><T123/><D123/><U31/><E31/><V107/><F107/><W77/><G121/><T127/><D113/><U95/><E1/><V106/><F106/><W76/><G125/><T122/><D122/><U73/><E73/><V110/><F115/><W5/><G131/><T91/><D127/><U11/><E81/><V116/><F3/><W64/><G103/><T109/><D129/><U69/><E95/><V98/><F79/><W41/><G41/><T58/><D42/><U90/><E90/><V40/><F126/><W93/><G93/><T37/><D37/><U39/><E39/><V86/><F86/><W68/><G65/><T15/><D23/><U111/><E111/><N who="2" m="42539" /><F24/><W132/><G132/><T21/><D21/><U9/><E69/><V71/><F33/><W134/><G7/><T54/><D109/><U17/><N who="1" m="4096" /><DORA hai="128" /><U117/><E117/><V99/><F99/><W27/><G134/><T96/><D96/><U26/><E26/><V112/><F112/><W25/><G25/><T82/><D87/><U28/><E28/><V20/><F20/><W105/><G105/><T12/><D12/><U59/><AGARI ba="0,0" hai="9,10,11,48,51,52,59,61,100,101,102" m="4096" machi="59" ten="50,12000,2" yaku="0,1,29,2,8,1,52,1,54,2" doraHai="57,128" who="1" fromWho="1" sc="250,-60,250,120,250,-30,250,-30" /><INIT seed="1,0,0,5,0,10" ten="190,370,220,220" oya="1" hai0="112,104,64,48,129,85,47,73,3,116,7,35,106" hai1="119,22,75,33,40,51,9,23,113,132,120,79,128" hai2="74,28,59,58,83,117,32,46,126,70,66,134,82" hai3="52,62,125,67,84,89,38,105,94,57,42,109,18"/><U0/><E120/><V68/><F74/><W123/><G123/><T16/><D112/><U86/><E119/><V55/><F28/><W31/><G109/><T61/><D116/><U101/><E75/><V20/><F32/><W127/><G105/><T130/><D73/><U93/><E33/><V17/><F117/><W108/><G108/><T25/><D3/><U135/><E113/><V6/><F6/><W56/><G31/><T21/><D7/><U133/><E128/><N who="0" m="49257" /><D85/><U71/><E71/><V19/><F46/><W65/><G65/><T121/><D35/><U87/><E87/><V36/><F36/><W41/><G18/><T26/><D26/><U5/><E79/><V45/><F45/><W37/><G37/><T78/><D78/><U114/><E114/><V88/><F66/><W50/><REACH who="3" step="1"/><G38/><REACH who="3" ten="190,370,220,210" step="2"/><T91/><D121/><U30/><E30/><V11/><F19/><W34/><G34/><T69/><D91/><N who="1" m="53495" /><E101/><V80/><F88/><W72/><G72/><T110/><D110/><U24/><E24/><V103/><F103/><W4/><G4/><T49/><D49/><U43/><E51/><V54/><F17/><W95/><G95/><T111/><D111/><U99/><E135/><V107/><F134/><W12/><G12/><T76/><D76/><U2/><E133/><V122/><F122/><W96/><G96/><T124/><D124/><AGARI ba="0,1" hai="41,42,50,52,56,57,62,67,84,89,94,124,125,127" machi="124" ten="40,5200,0" yaku="1,1,18,1,54,1,53,0" doraHai="10" doraHaiUra="27" who="3" fromWho="0" sc="190,-52,370,0,220,0,210,62" /><INIT seed="2,0,0,4,0,10" ten="138,370,220,272" oya="2" hai0="76,105,81,14,13,30,38,103,82,8,51,111,27" hai1="87,130,19,69,119,61,122,99,3,18,52,64,98" hai2="128,101,56,118,71,83,34,66,2,25,58,123,17" hai3="85,134,133,124,125,1,80,0,36,31,60,41,42"/><V126/><F118/><W129/><G60/><T16/><D38/><U63/><E119/><V22/><F123/><W132/><G31/><T117/><D117/><U26/><E3/><N who="3" m="1098" /><G36/><T67/><D111/><U32/><E130/><V107/><F128/><W43/><G129/><T47/><D67/><U104/><E87/><V100/><F2/><W7/><G7/><T116/><D116/><U95/><E122/><V91/><F71/><W48/><G48/><T21/><D105/><U84/><E84/><N who="2" m="50591" /><F34/><W50/><G50/><T94/><D76/><AGARI ba="0,0" hai="41,42,43,76,80,85,124,125,132,133,134" m="1098" machi="76" ten="40,1300,0" yaku="20,1" doraHai="10" who="3" fromWho="0" sc="138,-13,370,0,220,0,272,13" /><INIT seed="3,0,0,0,3,31" ten="125,370,220,285" oya="3" hai0="63,4,17,75,39,53,60,19,110,61,83,8,23" hai1="107,129,52,91,92,14,88,71,98,84,25,130,132" hai2="22,1,116,101,82,66,96,74,94,20,77,70,100" hai3="48,36,133,7,42,54,51,26,34,57,58,108,5"/><W11/><G133/><T55/><D110/><U109/><E71/><V89/><F1/><W59/><G108/><T10/><D39/><U73/><E109/><V115/><F115/><W86/><G36/><T50/><D75/><U65/><E65/><V37/><F37/><W62/><G86/><T112/><D112/><U120/><E14/><V76/><F77/><W29/><G5/><T104/><D104/><U123/><E25/><V85/><F100/><W121/><G121/><N who="1" m="46666" /><E52/><N who="0" m="20041" /><D83/><N who="1" m="49567" /><E132/><V87/><F87/><W35/><G35/><T2/><D50/><U131/><E107/><N who="2" m="63911" /><F116/><W114/><G114/><T79/><D79/><U49/><E49/><V32/><F32/><W15/><REACH who="3" step="1"/><G51/><REACH who="3" ten="125,370,220,275" step="2"/><T134/><D4/><U3/><E3/><V28/><F85/><W41/><G41/><T106/><D2/><U118/><E73/><V103/><F74/><W38/><G38/><T99/><D134/><U67/><E67/><V46/><F66/><W93/><G93/><T12/><D106/><U81/><E81/><V80/><F94/><W13/><G13/><T64/><D64/><U117/><AGARI ba="0,1" hai="88,92,98,117,118,129,130,131" m="49567,46666" machi="117" ten="40,8000,1" yaku="19,1,34,2,54,1" doraHai="31" who="1" fromWho="1" sc="125,-20,370,90,220,-20,275,-40" /><INIT seed="4,0,0,0,4,19" ten="105,460,200,235" oya="0" hai0="16,47,49,115,114,113,89,55,119,14,131,116,6" hai1="41,106,5,65,75,45,43,42,112,99,21,130,123" hai2="22,104,69,29,81,121,135,120,74,51,107,35,17" hai3="80,96,66,24,63,100,76,127,33,82,3,31,101"/><T77/><D77/><U133/><E123/><V90/><F69/><W102/><G127/><T86/><D6/><U93/><E106/><V11/><F11/><W56/><G3/><T94/><REACH who="0" step="1"/><D131/><REACH who="0" ten="95,460,200,235" step="2"/><U28/><E5/><V103/><F120/><W73/><REACH who="3" step="1"/><G82/><REACH who="3" ten="95,460,200,225" step="2"/><T64/><D64/><U88/><E65/><V128/><F121/><W26/><G26/><T84/><D84/><U37/><E130/><V0/><F81/><W48/><G48/><T10/><AGARI ba="0,2" hai="10,14,16,47,49,55,86,89,94,113,114,115,116,119" machi="10" ten="30,11700,0" yaku="1,1,0,1,15,1,54,1,53,0" doraHai="19" doraHaiUra="18" who="0" fromWho="0" sc="95,137,460,-39,200,-39,225,-39" /><INIT seed="4,1,0,5,1,9" ten="232,421,161,186" oya="0" hai0="31,81,21,93,89,125,132,0,14,126,18,134,38" hai1="56,84,83,26,48,54,65,95,53,115,74,76,32" hai2="4,123,90,10,69,109,7,2,78,13,71,112,135" hai3="131,66,87,3,49,85,28,30,16,100,50,114,133"/><T15/><D38/><U1/><E1/><V5/><F109/><W55/><G114/><T29/><D81/><U24/><E32/><V116/><F123/><W110/><G110/><T98/><D0/><U35/><E35/><V19/><F112/><W45/><G131/><T23/><D89/><U39/><E39/><V82/><F135/><N who="0" m="51754" /><D98/><U99/><E65/><V68/><F90/><W20/><G133/><T103/><D93/><U67/><E67/><V12/><F116/><W86/><G3/><T47/><D103/><U57/><E74/><V62/><F62/><W17/><G66/><T104/><D47/><U105/><E105/><V94/><F94/><W70/><G70/><T25/><D104/><U80/><E83/><V44/><F44/><N who="3" m="28071" /><G100/><T117/><D117/><U118/><E118/><V6/><REACH who="2" step="1"/><F19/><REACH who="2" ten="232,421,151,186" step="2"/><W37/><G17/><N who="0" m="10423" /><D31/><U129/><E115/><V79/><F79/><W107/><G107/><T92/><D92/><U102/><REACH who="1" step="1"/><E129/><REACH who="1" ten="232,411,151,186" step="2"/><V40/><F40/><N who="3" m="24871" /><G37/><T101/><D101/><U63/><AGARI ba="1,2" hai="24,26,48,53,54,56,57,63,76,80,84,95,99,102" machi="63" ten="20,5200,0" yaku="1,1,0,1,7,1,8,1,53,0" doraHai="9" doraHaiUra="124" who="1" fromWho="1" sc="232,-27,411,75,151,-14,186,-14" /><INIT seed="5,0,0,5,3,49" ten="205,486,137,172" oya="1" hai0="90,133,7,6,78,129,37,117,48,17,132,66,118" hai1="119,101,25,45,2,127,34,46,11,120,40,96,109" hai2="112,35,130,107,23,134,69,84,93,100,60,81,8" hai3="105,10,125,76,57,30,4,53,61,18,86,74,52"/><U75/><E120/><V73/><F35/><W14/><G105/><T98/><D37/><U102/><E119/><V15/><F112/><W21/><G125/><T36/><D36/><U89/><E75/><V26/><F130/><W87/><G30/><T114/><D78/><U47/><E127/><V126/><F126/><W110/><G110/><T124/><D66/><U24/><E40/><V128/><F128/><W72/><G72/><T50/><D124/><U16/><E2/><V83/><F69/><W113/><G113/><T106/><D129/><U111/><E89/><V3/><F3/><W121/><G121/><T82/><D114/><U131/><E131/><V27/><F107/><W71/><G71/><T122/><D122/><U56/><E56/><V108/><F134/><W28/><G28/><T123/><D123/><U67/><E67/><V42/><F42/><W9/><G9/><T1/><D106/><U97/><E11/><V64/><F73/><W103/><G103/><N who="1" m="39434" /><E16/><V63/><F64/><W85/><G74/><T44/><D1/><U32/><E34/><V31/><F26/><N who="1" m="10345" /><E32/><V19/><F108/><AGARI ba="0,0" hai="45,46,47,96,97,108,109,111" m="10345,39434" machi="108" ten="40,7700,0" yaku="28,2,10,1" doraHai="49" who="1" fromWho="2" sc="205,0,486,77,137,-77,172,0" /><INIT seed="5,1,0,1,3,76" ten="205,563,60,172" oya="1" hai0="133,18,127,63,135,42,109,74,4,113,0,43,17" hai1="22,60,73,45,11,128,97,25,115,48,32,94,28" hai2="61,101,117,67,20,44,31,56,29,134,92,132,121" hai3="9,124,93,57,90,47,99,83,33,62,65,71,66"/><U85/><E73/><V3/><F3/><W53/><G124/><T80/><D109/><U125/><E125/><V10/><F117/><W104/><G33/><T13/><D127/><U46/><E128/><V86/><F121/><W105/><G66/><T40/><D113/><U116/><E116/><V130/><F130/><W89/><G47/><T103/><D103/><U70/><E115/><V77/><F10/><W108/><G108/><T81/><D74/><U100/><E32/><V87/><F87/><W6/><G89/><T54/><D0/><U51/><E70/><V35/><F35/><W131/><G131/><T111/><D111/><U30/><E60/><V2/><F2/><W119/><G83/><N who="0" m="31819" /><D135/><N who="2" m="51754" /><F77/><W23/><G23/><T5/><D133/><U126/><E11/><V8/><F44/><W95/><G95/><T106/><D106/><U96/><E126/><V112/><F112/><W39/><G39/><T34/><D34/><U88/><E30/><N who="2" m="11275" /><F20/><W122/><G122/><T7/><D13/><U110/><E110/><V82/><F8/><W36/><G119/><T49/><D63/><U14/><E14/><V78/><F92/><W123/><G123/><T59/><AGARI ba="1,0" hai="4,5,7,17,18,40,42,43,49,54,59" m="31819" machi="59" ten="40,8000,1" yaku="8,1,52,3" doraHai="76" who="0" fromWho="0" sc="205,83,563,-41,60,-21,172,-21" /><INIT seed="6,0,0,0,0,61" ten="288,522,39,151" oya="2" hai0="14,11,34,0,87,8,123,28,76,49,69,67,6" hai1="41,95,130,98,120,107,110,102,91,125,112,33,19" hai2="25,82,103,79,99,52,118,9,56,80,31,111,43" hai3="108,117,73,18,115,48,86,45,113,62,84,42,92"/><V39/><F118/><W77/><G108/><T58/><D123/><U116/><E33/><V38/><F111/><W3/><G117/><T60/><D34/><U1/><E110/><V36/><F9/><W97/><G3/><T10/><D28/><U59/><E112/><N who="3" m="43082" /><G18/><T70/><D10/><U21/><E125/><V128/><F128/><W5/><G5/><T75/><D75/><U55/><E41/><V7/><F7/><W114/><N who="3" m="43090" /><W71/><DORA hai="13" /><G73/><T106/><D106/><U132/><E120/><V63/><F79/><W78/><G77/><T96/><D96/><U126/><E126/><V90/><F90/><N who="3" m="55447" /><G78/><T119/><D119/><U88/><E1/><V135/><F135/><W124/><G124/><T74/><D74/><U129/><E132/><V50/><F50/><W101/><G101/><T85/><D49/><N who="1" m="31215" /><E116/><V64/><F64/><AGARI ba="0,0" hai="42,45,48,62,64,71,84,86" m="55447,43090" machi="64" ten="40,5200,0" yaku="15,1,11,1,52,1" doraHai="61,13" who="3" fromWho="2" sc="288,0,522,0,39,-52,151,52" owari="288,8.8,522,62.2,-13,-51.3,203,-19.7" /></mjloggm>