<mjloggm ver="2.3"><GO type="41" lobby="0"/><UN n0="%E2%93%9D%4C%75%63%6B%79%4A" n1="%E3%81%86%E3%82%8B%E3%82%81" n2="%E5%BF%83%E8%98%AD%E7%9B%B8%E9%9A%8F" n3="%E3%81%BB%E3%81%A3%E3%81%8B%E3%81%BB%E3%81%A3%E3%81%8B%E4%BE%BF" dan="16,13,13,15" rate="2162.92,1879.71,1944.42,1985.62" sx="M,M,M,M"/><TAIKYOKU oya="0"/><INIT seed="0,0,0,4,3,89" ten="250,250,250,250" oya="0" hai0="122,81,54,47,31,4,43,78,73,18,34,29,51" hai1="98,9,64,2,11,117,87,69,20,125,38,72,116" hai2="17,28,133,84,41,62,124,112,115,119,121,10,83" hai3="58,3,1,110,126,77,109,37,56,102,103,46,15"/><T101/><D122/><U55/><E72/><V50/><F121/><W66/><G77/><T35/><D4/><U91/><E38/><V120/><F120/><W111/><G126/><T106/><D106/><U100/><E125/><V5/><F124/><W79/><G79/><T13/><D101/><N who="3" m="38409" /><G15/><T63/><D35/><U14/><E55/><V44/><F28/><W36/><G46/><T24/><D31/><U23/><E2/><N who="3" m="522" /><G66/><T134/><D134/><U114/><E114/><V128/><F133/><W90/><G90/><T27/><D27/><U42/><E42/><V7/><F119/><W25/><G25/><T80/><D81/><U30/><E64/><V104/><F104/><W95/><G95/><T76/><D78/><U39/><E117/><V32/><F32/><W88/><G88/><T33/><D34/><U45/><E116/><V107/><F107/><W49/><G49/><T40/><REACH who="0" step="1"/><D63/><REACH who="0" ten="240,250,250,250" step="2"/><U99/><E30/><V68/><F62/><W57/><AGARI ba="0,1" hai="36,37,56,57,58,109,110,111" m="522,38409" machi="57" ten="40,5200,0" yaku="28,2,14,1" doraHai="89" who="3" fromWho="3" sc="240,-26,250,-13,250,-13,250,62" /><INIT seed="1,0,0,4,3,91" ten="214,237,237,312" oya="1" hai0="50,38,98,83,26,71,100,97,68,13,79,12,124" hai1="117,75,60,109,96,49,104,20,6,3,133,130,94" hai2="132,56,111,44,122,107,80,33,113,42,30,55,54" hai3="108,92,23,118,14,16,84,31,65,61,15,28,21"/><U90/><E117/><V41/><F107/><W9/><G118/><T36/><D26/><U73/><E20/><V88/><F122/><W35/><G108/><T115/><D50/><U87/><E49/><V99/><F111/><W8/><G35/><T110/><D110/><U103/><E60/><V59/><F132/><W131/><G131/><T85/><D115/><U39/><E39/><V11/><F113/><W77/><G23/><T24/><D24/><U43/><E43/><N who="2" m="16395" /><F33/><W5/><G9/><T101/><D124/><U128/><E109/><V37/><F37/><W126/><G126/><T7/><D7/><U27/><E27/><V102/><F30/><W47/><G47/><T82/><D85/><U48/><E48/><V127/><F127/><W106/><G106/><T19/><REACH who="0" step="1"/><D79/><REACH who="0" ten="204,237,237,312" step="2"/><U86/><E6/><V81/><F44/><W69/><REACH who="3" step="1"/><G77/><REACH who="3" ten="204,237,237,302" step="2"/><T2/><D2/><U66/><E3/><V119/><F119/><W32/><G32/><T18/><AGARI ba="0,2" hai="12,13,18,19,36,38,68,71,82,83,97,98,100,101" machi="18" ten="25,6400,0" yaku="1,1,0,1,22,2,53,0" doraHai="91" doraHaiUra="116" who="0" fromWho="0" sc="204,84,237,-32,237,-16,302,-16" /><INIT seed="2,0,0,2,1,87" ten="288,205,221,286" oya="2" hai0="45,116,85,88,128,58,68,80,34,42,125,53,86" hai1="108,119,75,133,72,120,6,48,100,104,65,3,94" hai2="57,73,71,51,124,10,134,115,50,123,43,7,84" hai3="54,47,37,33,89,135,12,82,23,113,67,25,38"/><V11/><F73/><W111/><G33/><T131/><D68/><U129/><E48/><V64/><F123/><W70/><G111/><T97/><D34/><U30/><E65/><V18/><F115/><W41/><G113/><T22/><D125/><U40/><E40/><V63/><F124/><W107/><G107/><T27/><D86/><U91/><E30/><V9/><F134/><W122/><G122/><T5/><D5/><U77/><E120/><V16/><F7/><W14/><G38/><T24/><D97/><U59/><E59/><V99/><F71/><W76/><G54/><T112/><D116/><U35/><E35/><V8/><N who="2" m="2048" /><DORA hai="83" /><V2/><F2/><W90/><G135/><T126/><D126/><U32/><E32/><V26/><F99/><W52/><G52/><T44/><D112/><U19/><E6/><V114/><F114/><W1/><G1/><T29/><D27/><U28/><E3/><V110/><F110/><W118/><G118/><T105/><D105/><U55/><E119/><V130/><F130/><N who="0" m="49706" /><D42/><U109/><E133/><V66/><F66/><W21/><G67/><T98/><D98/><N who="1" m="61463" /><E129/><V39/><F26/><W102/><G102/><T101/><D101/><U15/><E109/><V132/><F132/><W60/><G60/><AGARI ba="0,0" hai="22,24,29,44,45,53,58,60,80,85,88" m="49706" machi="60" ten="30,7700,0" yaku="19,1,52,2,54,1" doraHai="87,83" who="0" fromWho="3" sc="288,77,205,0,221,0,286,-77" /><INIT seed="3,0,0,0,3,44" ten="365,205,221,209" oya="3" hai0="35,123,101,87,70,95,132,90,104,68,29,23,2" hai1="118,113,38,4,107,9,119,63,59,99,49,94,112" hai2="91,93,48,33,28,54,117,128,61,129,97,21,10" hai3="34,51,115,52,15,31,100,82,69,79,105,66,6"/><W12/><G115/><T5/><D123/><U130/><E38/><V114/><F117/><N who="1" m="44553" /><E107/><V106/><F114/><N who="1" m="44137" /><E130/><N who="2" m="50283" /><F33/><W22/><G34/><T77/><D77/><U42/><E63/><V67/><F106/><W18/><G69/><T45/><D35/><U81/><E81/><V32/><F32/><W80/><G105/><T7/><D70/><U92/><E99/><V37/><F37/><W120/><G120/><T133/><D68/><U108/><E108/><V41/><F10/><N who="3" m="4183" /><G79/><T25/><D2/><N who="1" m="151" /><E42/><V84/><F41/><W110/><G110/><T24/><D104/><U109/><E109/><V125/><F97/><W60/><G31/><T73/><D29/><U47/><E47/><N who="2" m="27935" /><F28/><W98/><G98/><T40/><D40/><U76/><E76/><V8/><F8/><W75/><G100/><T103/><D103/><U14/><E14/><V74/><F74/><W85/><G75/><T46/><D73/><U39/><E39/><V43/><F43/><W96/><G96/><T111/><D111/><U78/><E78/><V17/><F84/><W19/><G85/><T65/><D87/><U89/><E89/><V27/><F91/><W102/><G102/><T50/><D90/><U64/><E64/><V36/><F36/><W86/><G86/><T3/><D101/><U134/><E134/><V53/><F67/><W26/><G66/><T55/><D65/><U127/><E127/><V0/><F125/><W116/><G116/><T121/><D133/><U62/><E62/><V11/><F61/><W56/><G60/><T16/><D132/><U57/><E57/><V1/><F1/><RYUUKYOKU ba="0,0" sc="365,-15,205,15,221,-15,209,15" hai1="49,59,92,94" hai3="15,18,19,22,26,51,52,56,80,82" /><INIT seed="3,1,0,5,0,131" ten="350,220,206,224" oya="3" hai0="48,94,36,103,13,122,110,69,29,100,57,111,19" hai1="59,102,132,93,74,2,134,123,53,52,109,41,75" hai2="81,43,0,31,8,5,126,115,99,106,60,34,26" hai3="22,33,130,6,37,135,89,129,118,113,20,63,32"/><W46/><G118/><T18/><D36/><U61/><E123/><V98/><F115/><W121/><G121/><T44/><D122/><U7/><E109/><N who="0" m="41481" /><D69/><U70/><E70/><V124/><F43/><N who="3" m="22895" /><G113/><T82/><D29/><U77/><E41/><V91/><F60/><W117/><G117/><T42/><D94/><U133/><E7/><V97/><F106/><W49/><G6/><T64/><D82/><N who="1" m="45367" /><E75/><V40/><F40/><W76/><G76/><T67/><D19/><U12/><E12/><V90/><REACH who="2" step="1"/><F81/><REACH who="2" ten="350,220,196,224" step="2"/><W47/><G63/><N who="0" m="38383" /><D64/><N who="1" m="38975" /><E2/><V35/><F35/><W96/><G33/><T66/><D66/><U4/><E4/><V68/><F68/><W23/><G32/><T38/><D38/><U50/><E50/><V95/><F95/><N who="3" m="56431" /><G49/><T85/><D48/><U9/><E9/><V112/><F112/><W51/><G23/><T3/><D42/><U114/><E114/><V86/><F86/><W1/><G22/><T54/><D85/><U14/><E14/><V56/><F56/><W24/><G1/><T120/><D3/><U55/><E55/><V73/><F73/><W101/><G51/><N who="0" m="29031" /><D120/><U16/><E16/><V39/><F39/><W72/><G72/><T58/><D58/><U27/><E27/><V62/><F62/><W15/><G15/><T107/><D107/><U87/><E87/><V119/><F119/><W11/><G11/><AGARI ba="1,1" hai="11,13,18,100,103" m="29031,38383,41481" machi="11" ten="30,1000,0" yaku="14,1" doraHai="131" who="0" fromWho="3" sc="350,23,220,0,196,0,224,-13" /><INIT seed="4,0,0,3,2,72" ten="373,220,196,211" oya="0" hai0="81,65,43,94,29,13,69,129,116,70,109,128,89" hai1="76,66,114,3,111,120,124,58,78,64,131,75,59" hai2="20,49,56,83,50,74,95,87,26,126,93,33,77" hai3="48,101,31,107,71,53,125,106,88,100,61,90,84"/><T27/><D116/><U7/><E111/><V118/><F33/><W25/><G125/><T57/><D43/><U22/><E124/><V123/><F126/><W8/><G8/><T60/><D13/><U32/><E32/><V35/><F35/><W17/><G17/><T79/><D109/><U119/><E119/><V44/><F118/><W112/><G112/><T21/><D89/><U55/><E120/><V85/><F123/><W108/><G108/><T10/><D10/><U102/><E102/><V103/><F56/><W11/><G11/><T135/><D94/><U4/><E55/><V15/><F15/><W130/><G130/><N who="0" m="50283" /><D135/><U38/><E131/><V104/><F104/><W113/><G113/><T12/><D12/><U5/><E114/><V34/><F34/><W132/><G132/><T16/><D29/><U0/><E7/><V80/><F74/><AGARI ba="0,0" hai="16,21,27,57,60,65,69,70,74,79,81" m="50283" machi="74" ten="30,5800,0" yaku="19,1,52,1,54,1" doraHai="72" who="0" fromWho="2" sc="373,58,220,0,196,-58,211,0" /><INIT seed="4,1,0,1,1,113" ten="431,220,138,211" oya="0" hai0="47,119,36,28,16,4,133,125,62,66,89,14,56" hai1="82,85,131,98,59,49,135,134,21,9,8,124,6" hai2="57,20,40,117,91,42,34,101,30,112,23,99,127" hai3="29,33,76,24,100,109,7,5,11,35,128,37,115"/><T74/><D74/><U116/><E124/><V93/><F112/><W114/><G37/><T130/><D125/><U129/><E21/><V68/><F68/><W84/><G109/><T77/><D77/><U26/><E26/><V73/><F73/><W12/><G100/><T27/><D133/><N who="1" m="50699" /><E98/><V106/><F127/><W22/><G84/><T88/><D119/><U45/><E59/><V67/><F34/><W97/><G97/><T18/><D130/><N who="1" m="49675" /><E116/><V53/><F67/><W65/><G65/><T96/><D4/><N who="3" m="1609" /><G76/><T121/><D121/><U52/><E6/><V105/><F105/><W43/><G43/><T126/><D126/><U0/><E0/><V120/><F120/><W60/><G60/><T95/><D89/><AGARI ba="1,0" hai="8,9,45,49,52,82,85,89" m="49675,50699" machi="89" ten="30,3900,0" yaku="20,1,19,1,54,1" doraHai="113" who="1" fromWho="0" sc="431,-42,220,42,138,0,211,0" /><INIT seed="5,0,0,1,0,99" ten="389,262,138,211" oya="1" hai0="84,87,37,20,7,76,124,47,89,102,59,117,77" hai1="114,126,27,98,15,115,123,109,45,41,43,10,108" hai2="30,23,131,70,1,132,69,39,125,25,50,26,118" hai3="86,128,52,55,36,103,83,31,62,48,38,9,106"/><U93/><E126/><V19/><F39/><W58/><G128/><T101/><D117/><U75/><E75/><V42/><F118/><W74/><G74/><T22/><D37/><U121/><E27/><V73/><F1/><W72/><G72/><T133/><D133/><U8/><E15/><V112/><F132/><W14/><G31/><T134/><D47/><U54/><E54/><V96/><F131/><W94/><G106/><T81/><D7/><U63/><E63/><V120/><F120/><N who="1" m="46153" /><E8/><V12/><F73/><W60/><G38/><T57/><D134/><U40/><E10/><V100/><F125/><W11/><G36/><T135/><D135/><U51/><E93/><V80/><F80/><W17/><G11/><T67/><D124/><U127/><E98/><V71/><F112/><W2/><G2/><T46/><D46/><U33/><E33/><V119/><F119/><W24/><G24/><T44/><D44/><U13/><E13/><V78/><F26/><W95/><G62/><T79/><D87/><U28/><E28/><V105/><F42/><N who="1" m="16489" /><E127/><V35/><REACH who="2" step="1"/><F50/><REACH who="2" ten="389,262,128,211" step="2"/><W0/><G0/><T97/><D81/><U107/><E114/><V3/><F3/><W64/><G48/><T130/><D130/><U61/><E115/><V49/><F49/><W21/><G83/><T34/><D79/><AGARI ba="0,1" hai="12,19,23,25,30,35,69,70,71,78,79,96,100,105" machi="79" ten="40,2600,0" yaku="1,1,52,1,53,0" doraHai="99" doraHaiUra="68" who="2" fromWho="0" sc="389,-26,262,0,128,36,211,0" /><INIT seed="6,0,0,4,0,41" ten="363,262,164,211" oya="2" hai0="69,2,57,44,27,81,66,4,38,93,47,114,85" hai1="80,21,8,76,135,30,120,73,39,7,68,100,19" hai2="23,90,123,109,83,37,24,92,5,99,75,67,15" hai3="97,104,11,88,51,0,89,45,125,103,14,71,132"/><V29/><F123/><W6/><G132/><T59/><D69/><U95/><E135/><V35/><F109/><W46/><G125/><T18/><D38/><U53/><E120/><V94/><F37/><W42/><G71/><T108/><D2/><U102/><E95/><V22/><F67/><W36/><REACH who="3" step="1"/><G0/><REACH who="3" ten="363,262,164,201" step="2"/><T32/><D108/><U49/><E68/><V25/><F35/><W9/><G9/><T124/><D124/><U55/><E8/><N who="2" m="4495" /><F75/><W101/><G101/><T33/><D33/><U87/><E100/><V117/><F117/><W16/><G16/><T62/><D18/><U3/><E19/><N who="2" m="12383" /><F99/><W115/><G115/><T34/><D114/><U63/><E3/><V98/><F98/><W43/><AGARI ba="0,1" hai="6,11,14,36,42,43,45,46,51,88,89,97,103,104" machi="43" ten="20,12000,2" yaku="1,1,0,1,7,1,52,2,54,1,53,0" doraHai="41" doraHaiUra="113" who="3" fromWho="3" sc="363,-30,262,-30,164,-60,201,130" /><INIT seed="7,0,0,3,1,88" ten="333,232,104,331" oya="3" hai0="15,8,12,55,10,87,103,9,63,16,51,20,46" hai1="93,47,120,70,115,79,6,40,7,18,77,135,27" hai2="128,35,60,33,3,90,50,24,109,56,42,125,52" hai3="111,25,64,21,19,65,94,59,14,130,67,36,119"/><W11/><G119/><T41/><D103/><U106/><E120/><V85/><F109/><W101/><G36/><T100/><D100/><U57/><E106/><V37/><F3/><W81/><G111/><T62/><D87/><U30/><E70/><V89/><F125/><W95/><G130/><T99/><D99/><U17/><E115/><V39/><F128/><W61/><G81/><T83/><D83/><U45/><E57/><V69/><F90/><W114/><G114/><T84/><D84/><U107/><E107/><V4/><F4/><W29/><G101/><T134/><D134/><U112/><E112/><V82/><F39/><W74/><G74/><T104/><D104/><U22/><E135/><V122/><F24/><W75/><G75/><T2/><D2/><U117/><E117/><V80/><F80/><W23/><G11/><N who="0" m="4139" /><D41/><U48/><E93/><AGARI ba="0,0" hai="14,19,21,23,25,29,59,61,64,65,67,93,94,95" machi="93" ten="40,12000,1" yaku="8,1,52,3" doraHai="88" who="3" fromWho="1" sc="333,0,232,-120,104,0,331,120" owari="333,13.3,112,-28.8,104,-39.6,451,55.1" /></mjloggm>