<mjloggm ver="2.3"><GO type="41" lobby="0"/><UN n0="%E8%9B%87%E3%81%A8%E9%AD%9A" n1="%E2%93%9D%4C%75%63%6B%79%4A" n2="%4A%55%4E%39%36%52%45%4E" n3="%61%7A%61%6D%69" dan="15,18,13,13" rate="2065.59,2138.53,1883.49,1942.18" sx="M,M,M,M"/><TAIKYOKU oya="0"/><INIT seed="0,0,0,4,0,6" ten="250,250,250,250" oya="0" hai0="21,66,63,78,7,111,3,16,115,116,90,117,125" hai1="122,70,84,55,65,53,10,67,87,75,114,128,12" hai2="30,132,0,94,96,2,91,81,101,60,4,92,71" hai3="17,49,103,72,120,45,18,22,95,8,129,48,54"/><T31/><D115/><U11/><E114/><V5/><F132/><W29/><G72/><T39/><D39/><U34/><E75/><V85/><F30/><W104/><G104/><T118/><D125/><U36/><E36/><V58/><F71/><W89/><G103/><T82/><D31/><U64/><E70/><V28/><F0/><W130/><G120/><T50/><D90/><U124/><E124/><V40/><F40/><W74/><G74/><T123/><D123/><U47/><E128/><V35/><F35/><W33/><G33/><T9/><D111/><U134/><E34/><V109/><F28/><W127/><G127/><T93/><D93/><U62/><E134/><V41/><F41/><W1/><G29/><T131/><D131/><N who="3" m="50185" /><G49/><T113/><D113/><U25/><E25/><V100/><F2/><W43/><G43/><T86/><D50/><N who="1" m="29151" /><E12/><V46/><F46/><W135/><G135/><T56/><REACH who="0" step="1"/><D116/><REACH who="0" ten="240,250,250,250" step="2"/><U102/><E122/><V80/><F109/><W15/><G89/><T61/><D61/><U44/><E62/><V126/><F126/><W119/><G95/><T42/><D42/><U27/><E102/><V20/><F100/><W51/><G48/><T73/><D73/><U79/><E79/><V107/><F94/><W69/><G119/><T133/><D133/><U105/><E105/><V108/><F107/><W59/><G51/><T76/><D76/><U13/><E44/><V68/><F60/><W110/><G45/><T98/><D98/><U112/><E112/><V24/><F108/><W26/><G110/><T88/><D88/><U83/><E87/><RYUUKYOKU ba="0,1" sc="240,30,250,-10,250,-10,250,-10" hai0="3,7,9,16,21,56,63,66,78,82,86,117,118" /><BYE who="3" /><INIT seed="0,1,1,0,3,50" ten="270,240,240,240" oya="0" hai0="130,60,77,119,42,88,29,41,96,99,47,4,2" hai1="76,95,0,12,116,111,109,68,24,7,58,135,112" hai2="1,40,63,48,132,52,54,115,66,106,55,51,13" hai3="39,93,101,69,73,113,92,70,18,10,71,59,43"/><T65/><D119/><UN n3="%61%7A%61%6D%69" /><U38/><E68/><V5/><F1/><W6/><G73/><T84/><D130/><U57/><E116/><V122/><F106/><W104/><G113/><T67/><D77/><U91/><E38/><V90/><F115/><W78/><G78/><T125/><D125/><U85/><E0/><V8/><F122/><W26/><G39/><T124/><D124/><U56/><E112/><V17/><F132/><W9/><G43/><T74/><D74/><U11/><E135/><V27/><F90/><W53/><G104/><T19/><D29/><U102/><E102/><V80/><F80/><W82/><G82/><T36/><D42/><U107/><E107/><V103/><F103/><W72/><G72/><T110/><D110/><N who="1" m="41995" /><E24/><V133/><F133/><W123/><G123/><T126/><D126/><U23/><E23/><N who="2" m="13807" /><F40/><W83/><G83/><T20/><D4/><U22/><E22/><V121/><F121/><W49/><G26/><T28/><D28/><U94/><E76/><V98/><F98/><W97/><G93/><AGARI ba="1,1" hai="7,11,12,56,57,58,85,91,93,94,95" m="41995" machi="93" ten="30,1000,0" yaku="14,1" doraHai="50" who="1" fromWho="3" sc="270,0,240,23,240,0,240,-13" /><INIT seed="1,0,0,3,1,127" ten="270,263,240,227" oya="1" hai0="53,35,101,6,31,37,32,98,50,85,33,121,30" hai1="133,68,17,69,82,117,124,10,55,99,126,18,81" hai2="72,94,19,0,60,56,97,49,63,71,62,46,93" hai3="11,131,23,22,108,110,59,78,106,66,88,36,38"/><U58/><E117/><V132/><F0/><W13/><G106/><T70/><D70/><U104/><E104/><V5/><F5/><W103/><G103/><T91/><D37/><U15/><E133/><V118/><F118/><W135/><G78/><T21/><D6/><U25/><E99/><V90/><F72/><W34/><G34/><T28/><D121/><U122/><E122/><V47/><F132/><W96/><G135/><T109/><D109/><N who="3" m="42089" /><G36/><T43/><D43/><U77/><E25/><V95/><F71/><W9/><G38/><T115/><D115/><U120/><E120/><V7/><F7/><N who="3" m="3263" /><G11/><T128/><D21/><U105/><E105/><V42/><F19/><W102/><G102/><T107/><D91/><U129/><E18/><V123/><F123/><W3/><G3/><T80/><D80/><U52/><E82/><V83/><F83/><W112/><G112/><T100/><D100/><U125/><E55/><N who="2" m="31855" /><F42/><W116/><G116/><T111/><D111/><U134/><E134/><V2/><F2/><W114/><G114/><T27/><D35/><U40/><E40/><V12/><F12/><W41/><G41/><T57/><D33/><U61/><REACH who="1" step="1"/><E129/><REACH who="1" ten="270,253,240,227" step="2"/><V16/><F16/><W54/><G131/><T14/><D128/><U130/><E130/><V20/><F20/><W65/><G22/><T4/><D27/><U24/><E24/><V74/><F74/><AGARI ba="0,1" hai="10,15,17,52,58,61,68,69,74,77,81,124,125,126" machi="74" ten="40,12000,1" yaku="1,1,18,1,54,1,53,1" doraHai="127" doraHaiUra="48" who="1" fromWho="2" sc="270,0,253,130,240,-120,227,0" /><INIT seed="1,1,0,1,2,59" ten="270,383,120,227" oya="1" hai0="76,90,17,31,72,125,11,119,122,74,114,77,94" hai1="130,1,37,87,131,8,133,97,23,15,53,34,7" hai2="82,93,61,49,102,127,6,24,60,109,98,3,25" hai3="65,4,19,47,29,84,89,18,26,51,42,124,67"/><U28/><E37/><V110/><F127/><W128/><G128/><N who="1" m="49194" /><E87/><V108/><F82/><W13/><G4/><T115/><D31/><U43/><E43/><V92/><F49/><W107/><G107/><T79/><D17/><N who="1" m="10687" /><E97/><V56/><F92/><W9/><G19/><T121/><D11/><U69/><E69/><V68/><F68/><W111/><G111/><T129/><D125/><U104/><E53/><V54/><REACH who="2" step="1"/><F61/><REACH who="2" ten="270,383,110,227" step="2"/><W66/><G124/><T123/><D129/><U118/><E104/><V105/><F105/><W44/><G44/><T21/><D119/><U75/><E118/><V52/><F52/><W70/><G70/><T91/><D21/><U0/><E34/><V62/><F62/><W101/><G66/><T116/><D116/><U95/><E95/><V16/><F16/><W38/><G38/><T134/><D94/><U120/><E28/><V5/><F5/><W41/><G42/><T96/><D96/><U22/><E7/><V10/><AGARI ba="1,1" hai="3,6,10,24,25,54,56,60,93,98,102,108,109,110" machi="10" ten="40,8000,1" yaku="1,1,0,1,14,1,52,1,53,0" doraHai="59" doraHaiUra="78" who="2" fromWho="2" sc="270,-21,383,-41,110,93,227,-21" /><INIT seed="2,0,0,3,2,35" ten="249,342,203,206" oya="2" hai0="92,85,7,127,8,118,61,52,26,100,32,87,98" hai1="125,99,90,69,76,101,56,25,62,117,129,18,86" hai2="17,122,110,91,70,43,63,12,60,121,89,57,112" hai3="78,95,80,113,9,34,14,13,44,40,54,102,119"/><V58/><F112/><W135/><G119/><T128/><D118/><U27/><E117/><V38/><F70/><W124/><G34/><T132/><D132/><U19/><E76/><V88/><F43/><W134/><G124/><T3/><D127/><U21/><E129/><V48/><F48/><W123/><G123/><T75/><D75/><U2/><E69/><V66/><F38/><W46/><G54/><T77/><D77/><U36/><E2/><V72/><F72/><W105/><G105/><T109/><D109/><U97/><E101/><V51/><F51/><W55/><G55/><T28/><D128/><U107/><E107/><V93/><F93/><W30/><G30/><T73/><D73/><U39/><E39/><V64/><REACH who="2" step="1"/><F110/><REACH who="2" ten="249,342,193,206" step="2"/><W104/><G95/><T116/><REACH who="0" step="1"/><D116/><REACH who="0" ten="239,342,193,206" step="2"/><U126/><E126/><V0/><F0/><W22/><G135/><T115/><D115/><U79/><E125/><V31/><F31/><W6/><G134/><T59/><AGARI ba="0,2" hai="3,7,8,26,28,32,52,59,61,85,87,92,98,100" machi="59" ten="30,12000,2" yaku="1,1,0,1,52,1,54,1,53,2" doraHai="35" doraHaiUra="83" who="0" fromWho="0" sc="239,140,342,-30,193,-60,206,-30" /><INIT seed="3,0,0,2,0,42" ten="379,312,133,176" oya="3" hai0="60,26,105,74,99,53,81,131,83,59,108,15,40" hai1="0,51,98,3,125,75,106,1,109,71,4,94,45" hai2="52,46,34,84,104,124,63,91,72,90,88,24,117" hai3="127,28,54,50,70,9,134,114,41,20,39,67,110"/><W76/><G114/><T132/><D108/><U100/><E109/><V95/><F72/><W55/><G110/><T25/><D131/><U14/><E71/><V126/><F117/><W103/><G134/><T97/><D132/><U19/><E75/><V115/><F104/><W65/><G76/><T37/><D74/><U86/><E125/><N who="2" m="48235" /><F115/><W92/><G127/><T57/><D105/><U44/><E4/><V47/><F84/><W96/><G9/><T64/><D40/><U120/><E120/><V61/><F95/><W107/><G107/><T49/><D15/><U27/><E27/><N who="0" m="10249" /><D37/><U8/><REACH who="1" step="1"/><E51/><REACH who="1" ten="379,302,133,176" step="2"/><V73/><F73/><W102/><G70/><T122/><D122/><U7/><E7/><V112/><F112/><W128/><G39/><T85/><D83/><U43/><E43/><V101/><F61/><W30/><G41/><T80/><D81/><U33/><E33/><V118/><F118/><W6/><G6/><T18/><D18/><U31/><E31/><N who="3" m="11818" /><G128/><T36/><D36/><U22/><E22/><V77/><F24/><W93/><G20/><T35/><D35/><U79/><E79/><AGARI ba="0,1" hai="49,53,57,59,60,64,79,80,85,97,99" m="10249" machi="79" ten="30,1000,0" yaku="8,1" doraHai="42" who="0" fromWho="1" sc="379,20,302,-10,133,0,176,0" /><INIT seed="4,0,0,1,1,60" ten="399,292,133,176" oya="0" hai0="110,88,130,52,131,118,20,102,92,134,50,36,58" hai1="78,108,123,4,132,18,39,94,29,113,133,68,10" hai2="25,117,115,109,24,51,121,33,14,70,32,28,80" hai3="59,98,43,100,119,104,91,54,112,57,114,122,86"/><T9/><D118/><U55/><E39/><V71/><F109/><W96/><G119/><T13/><D110/><U65/><E108/><V74/><F117/><W53/><G43/><T90/><D36/><U84/><E29/><V27/><F121/><W31/><G31/><T48/><D134/><U35/><E18/><V116/><F116/><W49/><G122/><T23/><D50/><U82/><E35/><V99/><F115/><W75/><G75/><T42/><D42/><U73/><E55/><V127/><F127/><W67/><G96/><T22/><D102/><U105/><E105/><V101/><F14/><W17/><G17/><T81/><D81/><U7/><E7/><V56/><F51/><W21/><G21/><T6/><REACH who="0" step="1"/><D90/><REACH who="0" ten="389,292,133,176" step="2"/><U19/><E82/><V34/><F80/><W129/><G114/><T11/><D11/><U12/><E10/><V47/><F33/><W120/><G112/><T103/><D103/><U107/><E113/><V0/><F34/><W72/><G120/><T61/><D61/><U125/><E123/><V76/><F101/><W15/><G49/><T97/><AGARI ba="0,1" hai="6,9,13,20,22,23,48,52,58,88,92,97,130,131" machi="97" ten="30,12000,1" yaku="1,1,0,1,54,2,53,1" doraHai="60" doraHaiUra="5" who="0" fromWho="0" sc="389,130,292,-40,133,-40,176,-40" /><INIT seed="4,1,0,0,0,111" ten="519,252,93,136" oya="0" hai0="55,31,11,60,58,85,24,46,42,120,125,123,79" hai1="110,124,117,52,20,17,129,0,115,50,86,45,38" hai2="13,12,80,53,126,23,92,130,133,135,113,10,128" hai3="71,99,62,33,83,100,2,118,89,132,134,91,87"/><T57/><D125/><U81/><E110/><V114/><F80/><W47/><G2/><T103/><D103/><U131/><E117/><V104/><F104/><W32/><G118/><T121/><D11/><U9/><E38/><V112/><F92/><W76/><G47/><T29/><D58/><U66/><E66/><V68/><F53/><W36/><G36/><T1/><D1/><U64/><E64/><V16/><F126/><W98/><G62/><T5/><D5/><U90/><E124/><V39/><F68/><W44/><G44/><T82/><REACH who="0" step="1"/><D24/><REACH who="0" ten="509,252,93,136" step="2"/><U95/><E9/><V78/><F39/><AGARI ba="1,1" hai="29,31,39,42,46,55,57,60,79,82,85,120,121,123" machi="39" ten="40,7700,0" yaku="1,1,2,1,53,1" doraHai="111" doraHaiUra="59" who="0" fromWho="2" sc="509,90,252,0,93,-80,136,0" /><INIT seed="4,2,0,0,3,45" ten="599,252,13,136" oya="0" hai0="63,78,73,34,33,85,123,7,96,10,55,62,58" hai1="101,95,100,11,66,133,124,69,6,1,113,61,56" hai2="81,27,104,9,49,98,135,8,117,31,28,18,75" hai3="119,129,79,134,90,128,130,37,0,99,83,77,32"/><T89/><D123/><U25/><E133/><V131/><F135/><W132/><G37/><T42/><D42/><U105/><E105/><V116/><F131/><W48/><G0/><T110/><D110/><U112/><E124/><V50/><F75/><W97/><G32/><T54/><D96/><N who="3" m="36937" /><G119/><N who="2" m="45641" /><F81/><W86/><G48/><N who="2" m="18537" /><F18/><W82/><G79/><T80/><D55/><U126/><E126/><V19/><F19/><W15/><G15/><T38/><D63/><U23/><E61/><V111/><F111/><W17/><G17/><T92/><D38/><U122/><E122/><V93/><F104/><W29/><G29/><N who="2" m="11337" /><F27/><W125/><G125/><T102/><D102/><AGARI ba="2,0" hai="8,9,93,98,102" m="11337,18537,45641" machi="102" ten="30,7700,0" yaku="12,1,52,3" doraHai="45" who="2" fromWho="0" sc="599,-83,252,0,13,83,136,0" /><INIT seed="5,0,0,0,0,60" ten="516,252,96,136" oya="1" hai0="43,69,20,70,127,58,0,9,96,82,99,63,51" hai1="130,66,34,1,25,10,29,37,120,88,110,64,122" hai2="59,90,129,85,8,44,106,55,76,27,112,6,2" hai3="121,16,68,42,61,21,108,134,107,91,53,135,97"/><U80/><E37/><V54/><F106/><W11/><G108/><T79/><D127/><U35/><E110/><V47/><F129/><W3/><G121/><T49/><D20/><U115/><E130/><V113/><F76/><W19/><G42/><T116/><D116/><U95/><E35/><V89/><F27/><W78/><G78/><T62/><D62/><U118/><E118/><V105/><F105/><W5/><G19/><T41/><D51/><U98/><E115/><N who="2" m="44107" /><F89/><W101/><G91/><T33/><D33/><U74/><E74/><V45/><F59/><W92/><G107/><T46/><D43/><U50/><E80/><AGARI ba="0,0" hai="2,6,8,44,45,47,54,55,80,85,90" m="44107" machi="80" ten="30,2000,0" yaku="15,1,11,1" doraHai="60" who="2" fromWho="1" sc="516,0,252,-20,96,20,136,0" /><INIT seed="6,0,0,3,4,15" ten="516,232,116,136" oya="2" hai0="100,36,0,70,26,97,30,112,119,33,31,132,2" hai1="25,113,69,82,47,41,92,104,124,43,20,78,76" hai2="63,85,1,125,128,90,95,42,121,45,89,11,86" hai3="79,52,32,107,122,6,126,51,102,80,18,99,66"/><V40/><F121/><W49/><G122/><T105/><D112/><U108/><E104/><V114/><F114/><W53/><G126/><T23/><D23/><U74/><E108/><V88/><F125/><W4/><G66/><T98/><D98/><U131/><E131/><V67/><F128/><W37/><G37/><T54/><D54/><U96/><E78/><V64/><F1/><W13/><G32/><T84/><D84/><U101/><E124/><V72/><F72/><W59/><G80/><T10/><D31/><U14/><E69/><V75/><F75/><W83/><G83/><T8/><D132/><U109/><E109/><V58/><F64/><W46/><REACH who="3" step="1"/><G79/><REACH who="3" ten="516,232,116,126" step="2"/><T87/><D36/><U29/><E113/><V16/><F45/><W123/><G123/><T120/><D33/><U21/><E47/><V118/><F118/><W39/><G39/><T93/><D120/><U106/><E76/><V111/><F111/><W62/><G62/><T27/><D119/><U65/><E65/><V110/><F110/><W81/><G81/><T35/><D35/><U28/><E82/><V34/><F34/><W73/><G73/><T17/><D2/><U71/><E74/><V134/><F134/><W5/><G5/><T117/><D0/><U57/><E71/><V130/><F130/><W116/><G116/><T133/><D70/><U44/><E44/><V12/><F95/><W103/><G103/><T94/><D100/><U60/><E92/><V7/><F7/><W61/><G61/><T19/><D133/><U22/><E60/><V9/><F9/><AGARI ba="0,1" hai="4,6,9,13,18,46,49,51,52,53,59,99,102,107" machi="9" ten="30,12000,2" yaku="1,1,7,1,52,1,54,1,53,2" doraHai="15" doraHaiUra="50" who="3" fromWho="2" sc="516,0,232,0,116,-120,126,130" owari="516,61.6,232,-16.8,-4,-50.4,256,5.6" /></mjloggm>