<mjloggm ver="2.3"><GO type="41" lobby="0"/><UN n0="%E2%93%9D%4C%75%63%6B%79%4A" n1="%E3%82%B0%E3%83%88%E3%83%BC%E3%82%AF" n2="%E4%B9%9D%E5%B0%BE%E3%81%AE%E7%8C%AB%E2%88%AE" n3="%4D%69%6C%6B%79%57%61%79" dan="18,14,14,13" rate="2197.67,2034.31,1934.85,1917.19" sx="M,M,M,M"/><TAIKYOKU oya="0"/><INIT seed="0,0,0,5,1,75" ten="250,250,250,250" oya="0" hai0="6,9,45,131,125,63,35,121,87,85,13,106,57" hai1="67,4,59,117,104,16,39,112,108,126,113,133,31" hai2="123,96,93,86,12,103,91,49,0,119,42,115,8" hai3="36,65,72,37,134,22,84,66,55,94,77,92,83"/><T110/><D121/><U24/><E108/><V116/><F123/><W99/><G134/><T89/><D106/><U109/><E109/><V53/><F115/><W26/><G72/><T70/><D110/><U5/><E39/><V3/><F42/><W60/><G55/><T18/><D35/><U58/><E133/><V98/><F98/><W107/><G94/><T28/><D70/><U23/><E126/><V15/><F15/><W20/><G20/><T132/><D131/><U81/><E104/><V38/><F38/><W114/><G66/><T82/><D28/><U11/><E117/><N who="2" m="45131" /><F12/><W69/><G114/><N who="1" m="44138" /><E81/><N who="2" m="49615" /><F8/><W120/><G107/><T43/><D125/><U32/><E67/><V88/><F103/><W56/><G69/><T27/><D132/><U25/><E5/><V102/><F102/><W76/><G120/><T105/><D105/><U124/><E124/><V118/><N who="2" m="45139" /><V44/><AGARI ba="0,0" hai="0,3,44,49,53,88,93,96" m="49615,45139" machi="44" ten="40,5200,0" yaku="4,1,12,1,54,1" doraHai="75" who="2" fromWho="2" sc="250,-26,250,-13,250,52,250,-13" /><INIT seed="1,0,0,2,5,10" ten="224,237,302,237" oya="1" hai0="62,115,60,126,12,4,104,31,7,32,120,105,95" hai1="134,27,65,74,118,24,13,14,117,36,99,119,84" hai2="77,98,76,135,30,89,43,34,93,75,19,81,64" hai3="123,112,47,102,124,66,128,29,15,52,83,73,39"/><U96/><E74/><V86/><F135/><W44/><G112/><T67/><D115/><U2/><E134/><V72/><F64/><W80/><G123/><T125/><D95/><U21/><E36/><V106/><F43/><W8/><G128/><T26/><D62/><U78/><E2/><V5/><F5/><W56/><G66/><T122/><D7/><U58/><E24/><V33/><F30/><W3/><G3/><T90/><D90/><U41/><E41/><V40/><F40/><W91/><G29/><T1/><D1/><U85/><E99/><V6/><F6/><W79/><G102/><T37/><D37/><U131/><E96/><V114/><F114/><W54/><G124/><N who="0" m="47723" /><D60/><U45/><E45/><V50/><F50/><W28/><G28/><T57/><D57/><U11/><E11/><V87/><F75/><W92/><G80/><T113/><D67/><U59/><E131/><V127/><F127/><W42/><G56/><N who="1" m="21546" /><E65/><V63/><F63/><W49/><G54/><T9/><D113/><U132/><E132/><V109/><F72/><W35/><G35/><T70/><D70/><U107/><E107/><AGARI ba="0,0" hai="4,9,12,26,31,32,104,105,107,120,122" m="47723" machi="107" ten="30,2000,0" yaku="18,1,52,1" doraHai="10" who="0" fromWho="1" sc="224,20,237,-20,302,0,237,0" /><INIT seed="2,0,0,0,3,56" ten="244,217,302,237" oya="2" hai0="60,41,132,129,126,80,84,78,104,135,1,102,30" hai1="87,64,47,134,3,63,127,118,39,114,103,65,11" hai2="115,14,130,24,35,8,89,107,58,46,10,23,85" hai3="18,52,120,79,106,31,116,45,2,0,99,44,124"/><V26/><F115/><W28/><G120/><T61/><D1/><U7/><E118/><V20/><F35/><W25/><G116/><T128/><D41/><U29/><E114/><V86/><F107/><W67/><G79/><T66/><D66/><U32/><E64/><V112/><F112/><W109/><G67/><T54/><D30/><U105/><E87/><V93/><F130/><N who="0" m="50282" /><D54/><U62/><E127/><V59/><F93/><W71/><G124/><T91/><D126/><U96/><E134/><N who="0" m="51241" /><D78/><U98/><E98/><AGARI ba="0,0" hai="60,61,80,84,91,98,102,104" m="51241,50282" machi="98" ten="30,7700,0" yaku="19,1,20,1,52,2" doraHai="56" who="0" fromWho="1" sc="244,77,217,-77,302,0,237,0" /><INIT seed="3,0,0,3,1,12" ten="321,140,302,237" oya="3" hai0="75,99,123,131,102,3,66,63,44,90,106,119,133" hai1="28,129,135,13,127,76,100,23,39,7,111,92,118" hai2="52,17,109,20,91,34,117,42,6,73,134,2,64" hai3="88,1,54,53,61,104,114,30,132,14,95,47,80"/><W8/><G104/><T38/><D123/><U82/><E39/><V40/><F117/><W77/><G1/><T9/><D119/><U31/><E118/><V18/><F34/><W32/><G114/><T96/><D131/><U85/><E129/><V15/><F109/><W16/><G132/><T56/><D75/><U83/><E135/><V70/><F134/><W36/><G32/><T67/><D133/><U72/><E111/><V112/><F112/><W126/><G30/><T35/><D99/><N who="1" m="59495" /><E127/><V57/><F73/><W94/><G126/><T5/><D90/><U43/><E43/><V65/><F70/><W84/><G36/><T78/><D78/><U58/><E72/><V68/><F68/><W105/><G105/><T87/><D87/><N who="1" m="48583" /><E58/><V81/><F2/><W22/><G61/><T25/><D38/><U27/><E13/><N who="2" m="9263" /><F42/><W116/><G116/><T125/><D125/><U89/><E7/><V113/><F6/><W41/><G41/><T108/><D108/><U49/><E49/><N who="2" m="30863" /><F40/><W19/><G47/><T24/><D44/><U21/><E21/><N who="2" m="11487" /><F113/><W46/><G46/><T124/><D124/><U59/><E59/><V29/><F29/><AGARI ba="0,0" hai="23,27,28,29,31,83,85,89" m="48583,59495" machi="29" ten="30,1000,0" yaku="8,1" doraHai="12" who="1" fromWho="2" sc="321,0,140,10,302,-10,237,0" /><INIT seed="4,0,0,2,3,82" ten="321,150,292,237" oya="0" hai0="106,87,92,6,120,72,68,90,24,119,91,56,29" hai1="116,128,48,9,34,96,75,112,130,14,117,88,79" hai2="54,95,19,115,13,39,73,30,16,40,35,127,78" hai3="99,97,126,118,132,86,98,36,52,124,108,12,129"/><T110/><D120/><U4/><E34/><V71/><F127/><W113/><G36/><T1/><D68/><U77/><E75/><V7/><F71/><W60/><G108/><T76/><D119/><N who="1" m="45643" /><E48/><V2/><F115/><W28/><G113/><T100/><D91/><U85/><E96/><V32/><F2/><W38/><G38/><T80/><D110/><U0/><E0/><V103/><F7/><W57/><G118/><T123/><D123/><U22/><E22/><V51/><F40/><W47/><G47/><T62/><D6/><U31/><E31/><V125/><F125/><N who="3" m="48235" /><G132/><T46/><D46/><U53/><E53/><V45/><F39/><W66/><G28/><T105/><D100/><U18/><E18/><V58/><F45/><W111/><G111/><T41/><D41/><U114/><E77/><V11/><F19/><W20/><G66/><T27/><D1/><U55/><E55/><V70/><F30/><W131/><G12/><T102/><D102/><U134/><E79/><V23/><F78/><W69/><G20/><T122/><D122/><U5/><E134/><V84/><F73/><W37/><G37/><T89/><D90/><U74/><E74/><V121/><F121/><W25/><G25/><T107/><REACH who="0" step="1"/><D29/><REACH who="0" ten="311,150,292,237" step="2"/><U64/><E5/><V93/><F103/><W44/><G69/><T15/><D15/><U65/><E114/><V26/><F70/><W17/><G44/><T59/><D59/><U135/><E135/><V94/><F13/><W81/><G17/><T83/><D83/><N who="1" m="49215" /><E112/><V109/><F109/><W101/><G101/><T104/><D104/><RYUUKYOKU ba="0,1" sc="311,10,150,10,292,-30,237,10" hai0="24,27,56,62,72,76,80,87,89,92,105,106,107" hai1="4,9,14,64,65,128,130" hai3="52,57,60,81,86,97,98,99,129,131" /><INIT seed="4,1,1,1,2,18" ten="321,160,262,247" oya="0" hai0="28,36,1,86,48,135,64,31,76,121,130,132,91" hai1="50,59,42,87,2,54,78,74,131,61,95,102,112" hai2="80,60,125,77,7,12,9,46,116,40,111,20,24" hai3="107,96,6,98,62,56,4,17,88,29,115,38,113"/><T26/><D36/><U73/><E131/><V118/><F111/><W3/><G29/><T43/><D121/><U22/><E2/><V90/><F90/><W47/><G38/><T129/><D64/><U81/><E112/><N who="3" m="43082" /><G47/><N who="0" m="25727" /><D76/><U51/><E42/><V14/><F60/><W106/><G17/><T120/><D1/><U21/><E74/><V97/><F97/><N who="3" m="37483" /><G3/><T57/><D57/><U85/><E73/><V37/><F14/><W63/><G56/><T72/><D72/><U119/><E119/><N who="2" m="45611" /><F125/><W110/><G110/><T11/><D31/><U52/><E102/><V30/><F77/><W134/><G134/><N who="0" m="51243" /><D120/><U68/><E68/><V34/><F80/><W84/><G4/><T13/><D28/><U114/><E114/><V67/><F67/><W101/><G6/><N who="0" m="3319" /><D26/><U55/><E61/><N who="3" m="23050" /><G101/><T127/><D127/><U71/><E71/><V104/><F104/><W89/><G84/><T27/><D27/><U123/><E123/><V10/><F10/><W45/><G45/><T82/><AGARI ba="1,1" hai="82,86,91,129,130" m="3319,51243,25727" machi="82" ten="30,1500,0" yaku="20,1" doraHai="18" who="0" fromWho="0" sc="321,28,160,-6,262,-6,247,-6" /><INIT seed="4,2,0,0,2,117" ten="349,154,256,241" oya="0" hai0="113,73,87,4,34,104,15,88,41,108,91,123,72" hai1="30,52,38,12,47,11,135,125,70,5,111,17,81" hai2="35,29,95,97,94,8,6,22,40,131,71,109,33" hai3="124,102,2,82,20,23,112,0,66,54,24,115,10"/><T98/><D34/><U121/><E111/><V61/><F109/><W1/><G66/><T116/><D41/><U59/><E70/><V127/><F131/><W78/><G102/><N who="0" m="62551" /><D4/><U62/><E125/><V107/><F127/><W28/><G124/><T32/><D15/><U84/><E121/><V85/><F107/><W55/><G10/><T75/><D32/><U118/><E135/><V105/><F105/><W83/><G23/><T37/><D37/><U132/><E132/><V76/><F40/><W130/><G130/><T106/><D116/><U93/><E93/><V119/><F119/><W26/><G26/><T64/><D64/><U60/><E30/><V51/><F71/><W74/><REACH who="3" step="1"/><G83/><REACH who="3" ten="349,154,256,231" step="2"/><N who="0" m="49663" /><D108/><U80/><E81/><V31/><F35/><W42/><G42/><T39/><D106/><U110/><E110/><V49/><F33/><W58/><G58/><T126/><D126/><U79/><E118/><V129/><F129/><W53/><AGARI ba="2,1" hai="0,1,2,20,24,28,53,54,55,74,78,82,112,115" machi="53" ten="40,2700,0" yaku="1,1,0,1,53,0" doraHai="117" doraHaiUra="9" who="3" fromWho="3" sc="349,-15,154,-9,256,-9,231,43" /><INIT seed="5,0,0,2,2,60" ten="334,145,247,274" oya="1" hai0="94,106,80,29,85,6,2,120,44,16,111,118,7" hai1="132,15,18,14,12,8,20,61,13,31,112,129,122" hai2="124,23,38,47,99,105,5,88,134,100,49,75,109" hai3="76,97,123,110,30,114,127,56,50,59,81,19,72"/><U64/><E122/><V4/><F109/><W36/><G123/><T63/><D106/><U25/><E112/><V84/><F75/><W128/><G110/><T125/><D29/><U90/><E129/><V103/><F38/><W17/><G114/><T58/><D2/><U104/><E104/><V82/><F103/><W74/><G74/><T51/><D118/><U92/><E132/><V96/><F96/><W65/><G128/><T66/><D125/><U73/><E73/><V10/><F134/><W98/><G36/><T79/><D111/><U117/><E117/><V131/><F131/><W34/><G34/><T87/><D120/><U27/><E27/><V46/><F124/><W24/><G56/><T91/><REACH who="0" step="1"/><D16/><REACH who="0" ten="324,145,247,274" step="2"/><U37/><E37/><V108/><F108/><W3/><G3/><T57/><D57/><N who="1" m="36911" /><E14/><V113/><F113/><W53/><G17/><T133/><D133/><U130/><E130/><V67/><F5/><W9/><G127/><T54/><AGARI ba="0,1" hai="6,7,44,51,54,58,63,66,79,80,85,87,91,94" machi="54" ten="20,8000,1" yaku="1,1,0,1,7,1,8,1,52,1,53,0" doraHai="60" doraHaiUra="32" who="0" fromWho="0" sc="324,90,145,-40,247,-20,274,-20" /><INIT seed="6,0,0,2,4,28" ten="414,105,227,254" oya="2" hai0="61,0,93,19,87,78,125,24,65,44,99,126,37" hai1="21,57,73,16,105,77,131,112,85,134,69,14,119" hai2="49,68,20,124,111,101,50,17,88,76,63,70,71" hai3="48,42,104,23,114,43,108,79,133,6,9,128,122"/><V56/><F124/><N who="0" m="47722" /><D0/><U51/><E119/><V22/><F101/><W120/><G108/><T62/><D87/><U64/><E105/><V118/><F118/><W12/><G104/><T38/><D78/><U10/><E69/><V115/><F111/><W98/><G114/><T11/><D44/><U15/><E112/><V27/><F115/><W60/><G133/><T66/><D11/><U103/><E73/><V54/><F76/><W45/><G128/><T113/><D19/><U135/><E131/><V30/><REACH who="2" step="1"/><F88/><REACH who="2" ten="414,105,217,254" step="2"/><W82/><G122/><T59/><D113/><U117/><E117/><V29/><F29/><W110/><G120/><T81/><D81/><N who="1" m="47279" /><E103/><V84/><F84/><W34/><G110/><T2/><D99/><U121/><E121/><V39/><F39/><W5/><G98/><T92/><D38/><U74/><E74/><V31/><F31/><W91/><G79/><T32/><D37/><U127/><E127/><V83/><F83/><W106/><G82/><T18/><D93/><U47/><E135/><V46/><F46/><W123/><G91/><T95/><D95/><U13/><E134/><V107/><F107/><W102/><G106/><T58/><D92/><U109/><E109/><V55/><F55/><W52/><G102/><T53/><D53/><N who="1" m="29951" /><E10/><V90/><F90/><W96/><G96/><T67/><D67/><U36/><E36/><V25/><AGARI ba="0,1" hai="17,20,22,25,27,30,49,50,54,56,63,68,70,71" machi="25" ten="40,3900,0" yaku="1,1,0,1,53,0" doraHai="28" doraHaiUra="86" who="2" fromWho="2" sc="414,-13,105,-13,217,49,254,-13" /><INIT seed="6,1,0,5,1,14" ten="401,92,266,241" oya="2" hai0="48,81,106,31,126,133,72,75,77,42,62,121,95" hai1="8,13,105,12,76,90,107,45,10,28,92,118,17" hai2="21,60,132,5,6,71,115,46,114,30,74,100,99" hai3="51,44,40,85,122,83,33,0,87,57,63,18,130"/><V101/><F74/><W110/><G122/><T2/><D2/><U78/><E28/><V124/><F124/><W1/><G110/><T80/><D62/><U128/><E128/><V69/><F132/><W34/><G0/><T113/><D42/><U35/><E35/><V109/><F109/><W66/><G1/><T119/><D48/><U135/><E135/><V86/><F86/><W73/><G73/><T93/><D31/><U52/><E118/><V7/><F46/><W53/><G87/><T88/><D113/><N who="2" m="43018" /><F60/><W36/><G130/><T25/><D121/><U129/><E129/><V82/><F82/><W67/><G67/><T103/><D126/><U68/><E68/><N who="2" m="26187" /><F99/><W108/><G108/><T123/><D123/><U59/><E45/><V19/><F30/><W56/><REACH who="3" step="1"/><G18/><REACH who="3" ten="401,92,266,231" step="2"/><T98/><D133/><U104/><E76/><AGARI ba="1,1" hai="33,34,36,40,44,51,53,56,57,63,66,76,83,85" machi="76" ten="30,7700,0" yaku="1,1,2,1,7,1,53,1" doraHai="14" doraHaiUra="79" who="3" fromWho="1" sc="401,0,92,-80,266,0,231,90" /><INIT seed="7,0,0,2,1,21" ten="401,12,266,321" oya="3" hai0="74,63,1,5,117,41,43,68,84,99,26,134,110" hai1="90,38,3,89,112,130,17,2,7,11,4,96,115" hai2="9,64,52,29,132,113,24,30,56,87,128,0,78" hai3="36,69,53,66,15,125,6,72,76,58,121,101,108"/><W62/><G121/><T40/><D74/><U28/><E38/><V93/><F128/><W50/><G101/><T88/><D117/><U92/><E130/><V73/><F132/><W83/><G125/><T95/><D110/><U118/><E118/><V20/><F113/><N who="1" m="43593" /><E28/><V129/><F129/><W23/><G108/><T98/><D134/><U126/><E126/><V103/><F73/><W77/><G77/><T16/><D5/><N who="1" m="2123" /><E89/><V114/><F114/><W106/><G106/><T19/><D1/><U70/><E70/><V105/><F105/><W39/><REACH who="3" step="1"/><G23/><REACH who="3" ten="401,12,266,311" step="2"/><N who="0" m="13695" /><D68/><U34/><E34/><V102/><F102/><W79/><G79/><T133/><D133/><U107/><E107/><V81/><F0/><W104/><G104/><T59/><D16/><U25/><E11/><AGARI ba="0,1" hai="6,11,15,36,39,50,53,58,62,66,69,72,76,83" machi="11" ten="40,3900,0" yaku="1,1,53,1" doraHai="21" doraHaiUra="44" who="3" fromWho="1" sc="401,0,12,-39,266,0,311,49" owari="401,50.1,-27,-52.7,266,-13.4,360,16.0" /></mjloggm>