<mjloggm ver="2.3"><GO type="137" lobby="0"/><UN n0="%31%E6%99%82%E9%96%93%31%E4%B8%87%36%E5%8D%83%E5%86%86" n1="%E2%93%9D%4C%75%63%6B%79%4A" n2="%E6%AD%A3%E3%80%85%E5%A0%82%E3%80%85" n3="%E9%9B%80%E5%A5%B4" dan="12,12,11,12" rate="1689.64,1874.09,1597.11,1623.31" sx="M,M,M,M"/><TAIKYOKU oya="0"/><INIT seed="0,0,0,0,5,56" ten="250,250,250,250" oya="0" hai0="32,60,71,129,110,57,120,42,11,99,29,106,58" hai1="131,117,23,46,130,49,28,37,13,134,93,94,63" hai2="54,22,74,47,91,61,21,90,55,26,105,69,20" hai3="122,12,52,45,127,111,41,64,24,103,34,30,43"/><T59/><D120/><U72/><E72/><V97/><F74/><W86/><G122/><T114/><D114/><U124/><E37/><V87/><F105/><W18/><G111/><T50/><D110/><U98/><E117/><V80/><F97/><W14/><G127/><T40/><D129/><U112/><E112/><V15/><F47/><W5/><G5/><T67/><D11/><U116/><E94/><V27/><F69/><W25/><G103/><N who="0" m="62847" /><D50/><U133/><E116/><V78/><F15/><W92/><G25/><AGARI ba="0,0" hai="25,29,32,40,42,57,58,59,60,67,71" m="62847" machi="25" ten="30,2900,0" yaku="25,1,52,1" doraHai="56" who="0" fromWho="3" sc="250,29,250,0,250,0,250,-29" /><INIT seed="0,1,0,4,1,105" ten="279,250,250,221" oya="0" hai0="131,96,121,116,111,87,78,39,5,22,84,59,112" hai1="47,82,20,72,60,33,107,129,7,8,10,67,124" hai2="85,126,66,52,0,122,57,134,119,95,69,11,30" hai3="49,76,80,99,15,109,16,3,106,92,74,104,28"/><T97/><D112/><U101/><E33/><V103/><F122/><W63/><G109/><T64/><D116/><U86/><E124/><V48/><F119/><W132/><G3/><T68/><D121/><U44/><E129/><V27/><F126/><W24/><G132/><T31/><D131/><U71/><E10/><V90/><F134/><W117/><G117/><T125/><D125/><U75/><E20/><V58/><F69/><W18/><G49/><T100/><D39/><U81/><E82/><V53/><F103/><W9/><G18/><T42/><D68/><U70/><E71/><V46/><F0/><W45/><G45/><T88/><D111/><U91/><E47/><V94/><F11/><W43/><G43/><T120/><D120/><U128/><E128/><V89/><F66/><W118/><G63/><T41/><D5/><U51/><E101/><V98/><REACH who="2" step="1"/><F53/><REACH who="2" ten="279,250,240,221" step="2"/><W79/><G118/><T29/><D64/><U123/><E123/><V38/><F38/><W113/><G113/><T26/><D42/><U25/><E107/><V40/><F40/><W23/><G79/><T62/><D41/><U93/><E67/><V133/><F133/><W14/><REACH who="3" step="1"/><G14/><REACH who="3" ten="279,250,240,211" step="2"/><T56/><D62/><U50/><E60/><V19/><F19/><W54/><G54/><T114/><D114/><U17/><E17/><V36/><F36/><W6/><G6/><T115/><D115/><U135/><E135/><V34/><AGARI ba="1,2" hai="27,30,34,46,48,52,57,58,85,89,90,94,95,98" machi="34" ten="20,8000,1" yaku="1,1,0,1,7,1,54,1,53,1" doraHai="105" doraHaiUra="21" who="2" fromWho="2" sc="279,-41,250,-21,240,103,211,-21" /><INIT seed="1,0,0,0,2,135" ten="238,229,343,190" oya="1" hai0="29,110,44,47,90,4,101,21,79,55,99,85,54" hai1="11,70,25,63,94,115,27,129,100,87,20,108,74" hai2="95,103,5,37,109,88,19,12,26,59,75,118,68" hai3="113,13,91,106,15,61,92,56,23,73,97,69,114"/><U128/><E74/><V8/><F118/><W83/><G69/><T80/><D110/><U7/><E115/><V17/><F75/><W78/><G114/><T131/><D131/><N who="1" m="50251" /><E100/><V124/><F109/><W72/><G113/><T43/><D4/><U126/><E108/><V119/><F119/><W82/><G23/><T14/><D47/><U1/><E94/><V117/><F117/><W120/><G120/><T51/><D79/><U36/><E36/><V111/><F111/><W46/><G46/><T105/><D14/><U123/><E87/><V48/><F68/><W132/><G132/><T34/><D34/><U16/><E123/><V84/><F37/><W10/><G106/><T134/><D134/><U18/><E63/><V9/><F103/><W96/><G96/><T39/><D39/><U81/><E81/><V107/><F107/><W32/><G32/><T93/><D105/><U3/><E70/><V57/><F124/><W52/><G10/><T49/><D49/><U2/><E126/><V60/><F26/><AGARI ba="0,0" hai="21,26,29,43,44,51,54,55,80,85,90,93,99,101" machi="26" ten="40,1300,0" yaku="8,1" doraHai="135" who="0" fromWho="2" sc="238,13,229,0,343,-13,190,0" /><INIT seed="2,0,0,2,4,114" ten="251,229,330,190" oya="2" hai0="0,56,11,40,21,10,54,6,111,80,32,78,27" hai1="91,75,132,52,18,109,120,85,133,90,98,76,37" hai2="87,61,123,102,94,127,48,84,41,43,19,51,65" hai3="72,134,13,81,82,70,1,113,129,100,16,135,28"/><V47/><F123/><W97/><G113/><T67/><D111/><U20/><E37/><V14/><F127/><W79/><G70/><T110/><D110/><U125/><E109/><V31/><F31/><W74/><G1/><T8/><D32/><U36/><E36/><V89/><F102/><W95/><G28/><T63/><D40/><U5/><E5/><V71/><F87/><W58/><G58/><T33/><D33/><U88/><E75/><V112/><F112/><W103/><G129/><T128/><D128/><U46/><E98/><V24/><F24/><W57/><G57/><T9/><D67/><U38/><E38/><V121/><F121/><W26/><G26/><T3/><D3/><U68/><E68/><V45/><F19/><W86/><G13/><AGARI ba="0,0" hai="13,14,41,43,45,47,48,51,61,65,71,84,89,94" machi="13" ten="40,2000,0" yaku="9,1" doraHai="114" who="2" fromWho="3" sc="251,0,229,0,330,20,190,-20" /><INIT seed="2,1,0,5,1,83" ten="251,229,350,170" oya="2" hai0="74,126,33,16,90,48,13,40,23,6,18,104,81" hai1="80,55,65,119,107,115,117,85,84,86,5,94,42" hai2="41,61,10,127,4,68,29,34,121,88,11,123,52" hai3="62,27,93,112,134,3,19,28,109,51,82,20,102"/><V58/><F41/><W56/><G112/><T75/><D126/><U63/><E115/><V21/><F68/><W64/><G109/><T14/><D104/><U36/><E107/><V26/><F127/><W116/><G116/><T130/><D130/><U44/><E5/><V97/><F34/><W45/><G3/><T92/><D33/><U87/><E55/><V1/><REACH who="2" step="1"/><F11/><REACH who="2" ten="251,229,340,170" step="2"/><W9/><G134/><T66/><D6/><U50/><E36/><V69/><F69/><W133/><G133/><T2/><D2/><U91/><REACH who="1" step="1"/><E80/><REACH who="1" ten="251,219,340,170" step="2"/><V108/><F108/><W78/><G9/><T105/><D81/><U43/><E43/><V38/><F38/><W98/><G19/><T77/><D40/><U37/><E37/><V22/><F22/><W53/><G82/><T120/><D23/><U132/><E132/><V73/><F73/><W124/><G124/><T71/><D71/><AGARI ba="1,2" hai="42,44,50,63,65,71,84,85,86,87,91,94,117,119" machi="71" ten="40,8000,1" yaku="1,1,52,4,53,0" doraHai="83" doraHaiUra="96" who="1" fromWho="0" sc="251,-83,219,103,340,0,170,0" /><INIT seed="3,0,0,5,1,91" ten="168,322,340,170" oya="3" hai0="125,88,7,113,99,60,77,103,23,69,61,115,15" hai1="111,37,104,3,116,118,0,73,27,51,24,134,53" hai2="75,87,119,95,130,106,94,93,35,13,121,11,114" hai3="4,39,32,9,84,6,100,120,40,33,10,63,19"/><W110/><G120/><T25/><D125/><U65/><E37/><V81/><F35/><W14/><G110/><T30/><D77/><U16/><E65/><V26/><F26/><N who="1" m="9769" /><E104/><V112/><F13/><W52/><G100/><T90/><D15/><U135/><E53/><V36/><F36/><W57/><G84/><T47/><D7/><U83/><E51/><V41/><F41/><W55/><G39/><T86/><D47/><U48/><E48/><V105/><F11/><W2/><G40/><T129/><D129/><U85/><E73/><V1/><F1/><N who="1" m="585" /><E83/><V132/><F119/><N who="1" m="45609" /><E85/><V64/><F64/><W92/><G19/><T72/><D72/><U66/><E66/><V96/><F121/><W21/><G21/><T67/><D61/><U17/><E111/><V18/><F18/><AGARI ba="0,0" hai="16,17,18,134,135" m="45609,585,9769" machi="18" ten="40,12000,2" yaku="28,2,12,1,34,2,54,1" doraHai="91" who="1" fromWho="2" sc="168,0,322,120,340,-120,170,0" /><INIT seed="4,0,0,0,3,119" ten="168,442,220,170" oya="0" hai0="54,76,70,99,14,125,110,8,5,7,90,108,19" hai1="122,97,65,35,13,61,112,46,77,129,83,20,34" hai2="48,24,73,47,95,29,52,100,42,63,64,102,104" hai3="71,85,69,31,120,89,88,135,9,3,134,58,126"/><T56/><D70/><U22/><E129/><V96/><F73/><W72/><G72/><T4/><D125/><U106/><E46/><V36/><F104/><W103/><G103/><T109/><D76/><U49/><E49/><V1/><F1/><W12/><G126/><T131/><D131/><U114/><E13/><V41/><F41/><W50/><G3/><T132/><D132/><N who="3" m="50729" /><G31/><T55/><D56/><U75/><E22/><V133/><F133/><W98/><G98/><T105/><D105/><U86/><E20/><V80/><F80/><N who="3" m="49191" /><G89/><T30/><D30/><U116/><E116/><V92/><F36/><W107/><G107/><T45/><D45/><U127/><E86/><V59/><F42/><W15/><G120/><T118/><D118/><U79/><E79/><V121/><F121/><W66/><G15/><T128/><D128/><U33/><E122/><V27/><REACH who="2" step="1"/><F29/><REACH who="2" ten="168,442,210,170" step="2"/><W18/><G50/><T130/><D130/><U21/><E127/><V74/><F74/><W39/><G39/><T43/><D43/><U84/><E75/><V82/><F82/><W17/><G17/><T68/><D68/><U0/><E0/><V111/><F111/><W67/><G67/><T26/><D26/><U16/><E65/><V28/><F28/><W115/><G115/><N who="1" m="44074" /><E35/><V124/><F124/><W2/><G2/><T10/><D10/><U94/><E106/><V38/><F38/><W6/><G18/><T32/><D32/><U81/><E34/><V87/><F87/><W113/><G113/><T57/><D110/><U78/><E33/><V117/><F117/><W44/><G71/><RYUUKYOKU ba="0,1" sc="168,-10,442,-10,210,30,170,-10" hai2="24,27,47,48,52,59,63,64,92,95,96,100,102" /><INIT seed="5,1,1,4,4,0" ten="158,432,240,160" oya="1" hai0="30,72,92,9,34,85,121,110,96,14,122,31,95" hai1="11,7,86,22,50,76,13,61,41,55,2,32,73" hai2="21,114,108,83,59,91,78,133,89,106,20,26,105" hai3="68,16,69,79,49,40,98,107,25,124,36,65,44"/><U24/><E73/><V109/><F21/><W56/><G124/><T126/><D126/><U3/><E32/><V66/><F133/><W60/><G79/><T1/><D110/><U74/><E74/><V129/><F109/><W5/><G5/><T87/><D1/><U57/><E41/><V51/><F108/><W29/><G69/><T54/><D72/><U93/><E61/><V15/><F129/><W117/><G117/><T132/><D132/><U47/><E47/><V37/><F37/><W39/><G39/><T38/><D38/><U81/><REACH who="1" step="1"/><E93/><REACH who="1" ten="158,422,240,160" step="2"/><V10/><F106/><W27/><G107/><T18/><D122/><U130/><E130/><V84/><F105/><W58/><G98/><T64/><D121/><U102/><E102/><V17/><F114/><W6/><G6/><T111/><D111/><U52/><E52/><N who="2" m="32159" /><F66/><W46/><G46/><T67/><D54/><U28/><AGARI ba="1,2" hai="2,3,7,11,13,22,24,28,50,55,57,76,81,86" machi="28" ten="20,7800,0" yaku="1,1,0,1,7,1,52,1,53,0" doraHai="0" doraHaiUra="99" who="1" fromWho="1" sc="158,-27,422,101,240,-27,160,-27" /><INIT seed="5,2,0,1,3,103" ten="131,523,213,133" oya="1" hai0="44,26,52,15,54,95,36,57,117,101,87,7,25" hai1="41,78,29,55,127,84,9,131,94,59,11,72,39" hai2="17,73,71,14,22,90,76,123,130,32,86,77,46" hai3="83,30,65,104,89,118,43,92,48,5,114,61,107"/><U98/><E72/><V116/><F123/><W106/><G114/><T109/><D109/><U0/><E0/><V108/><F116/><W4/><G118/><T18/><D117/><U85/><E39/><V70/><F108/><W97/><G30/><T53/><D7/><U96/><E41/><V79/><F32/><W51/><G83/><T37/><D44/><U110/><E131/><V63/><F130/><W105/><N who="3" m="26624" /><DORA hai="111" /><W102/><G102/><T58/><D101/><U24/><E127/><V47/><F73/><W45/><REACH who="3" step="1"/><G51/><REACH who="3" ten="131,523,213,123" step="2"/><T19/><D37/><U82/><E29/><V67/><REACH who="2" step="1"/><F71/><AGARI ba="2,1" hai="4,5,43,45,48,61,65,71,89,92,97" m="26624" machi="71" ten="70,16000,3" yaku="1,1,2,1,52,4,53,2" doraHai="103,111" doraHaiUra="3,99" who="3" fromWho="2" sc="131,0,523,0,213,-166,123,176" /><INIT seed="6,0,0,1,3,14" ten="131,523,47,299" oya="2" hai0="23,60,120,130,101,51,127,45,104,67,36,83,56" hai1="64,42,86,100,63,132,22,3,78,34,54,10,82" hai2="30,49,44,29,129,57,102,16,76,80,66,35,94" hai3="31,110,59,122,24,1,73,111,0,69,28,87,134"/><V55/><F129/><W118/><G122/><T18/><D127/><U126/><E34/><V39/><F35/><W107/><G118/><T106/><D120/><U12/><E3/><V99/><F39/><W133/><G73/><T121/><D130/><U79/><E100/><V52/><F66/><W27/><G69/><T124/><D124/><U92/><E42/><V112/><F112/><W43/><G107/><T114/><D114/><U75/><E54/><V13/><F80/><W72/><G72/><T11/><D36/><U90/><E132/><V98/><F76/><W38/><G59/><T70/><D11/><U116/><E116/><V128/><F99/><W26/><G87/><T91/><D121/><U32/><E32/><V109/><F109/><N who="3" m="41483" /><G43/><T2/><D2/><N who="3" m="1129" /><G38/><T84/><D70/><U7/><E126/><V40/><F128/><W117/><G117/><T131/><D131/><U53/><E53/><N who="2" m="20555" /><F57/><W8/><G8/><AGARI ba="0,0" hai="8,13,16,29,30,40,44,49,94,98,102" m="20555" machi="8" ten="30,11600,0" yaku="8,1,52,1,54,2" doraHai="14" who="2" fromWho="3" sc="131,0,523,0,47,116,299,-116" /><INIT seed="6,1,0,5,2,134" ten="131,523,163,183" oya="2" hai0="70,88,97,116,25,39,68,16,72,77,24,127,89" hai1="133,48,122,106,91,108,129,84,95,85,12,26,40" hai2="46,59,58,8,22,3,124,38,34,44,53,9,104" hai3="51,131,43,67,93,86,76,114,120,2,102,113,14"/><V52/><F104/><W83/><G120/><T103/><D39/><U15/><E108/><V64/><F34/><W50/><G2/><T105/><D116/><U81/><E106/><V75/><F75/><W29/><G131/><T101/><D72/><U119/><E119/><V18/><F3/><W28/><G67/><T37/><D37/><U132/><E26/><V107/><F107/><W128/><G128/><T100/><D77/><U92/><E129/><V56/><F38/><W49/><G43/><T60/><D105/><U32/><E32/><V98/><F98/><W54/><G113/><T6/><D6/><U36/><E36/><V62/><F124/><W21/><G114/><T0/><D0/><U78/><E95/><V47/><F22/><W73/><G73/><T66/><D70/><U57/><E122/><V110/><F110/><W33/><G33/><T35/><D35/><U30/><E30/><V7/><F18/><W65/><G65/><T126/><D97/><U125/><E125/><N who="0" m="47625" /><D25/><U111/><E111/><V82/><F82/><W109/><G109/><T42/><D42/><U23/><E40/><V96/><F96/><N who="3" m="59663" /><G54/><N who="2" m="21097" /><F7/><W121/><G121/><T17/><D17/><AGARI ba="1,0" hai="14,17,21,28,29,49,50,51,76,83,86" m="59663" machi="17" ten="30,1000,0" yaku="8,1" doraHai="134" who="3" fromWho="0" sc="131,-13,523,0,163,0,183,13" /><INIT seed="7,0,0,2,0,95" ten="118,523,163,196" oya="3" hai0="24,5,74,14,65,127,63,55,27,37,114,118,15" hai1="45,122,100,70,83,59,76,26,111,9,54,84,17" hai2="46,113,96,35,91,23,58,104,90,6,120,129,85" hai3="130,88,41,13,97,116,75,3,38,31,19,93,68"/><W99/><G116/><T133/><D118/><U33/><E70/><V89/><F35/><W92/><G75/><T67/><D74/><U16/><E122/><V29/><F6/><W131/><G3/><T57/><D133/><U81/><E100/><V34/><F34/><W86/><G68/><T87/><D127/><U71/><E45/><V10/><F10/><W132/><G31/><T80/><D114/><U135/><E71/><V105/><F120/><W0/><G0/><T43/><D37/><U52/><E54/><V1/><F1/><W22/><G132/><T119/><D119/><U28/><E111/><V53/><F113/><W125/><G125/><T77/><D43/><U11/><E83/><V94/><F46/><N who="3" m="23863" /><G93/><T110/><D110/><U62/><E135/><V39/><F39/><W49/><G49/><T128/><D128/><AGARI ba="0,0" hai="13,19,22,86,88,92,97,99,128,130,131" m="23863" machi="128" ten="30,11600,0" yaku="19,1,52,2,54,1" doraHai="95" who="3" fromWho="0" sc="118,-116,523,0,163,0,196,116" /><INIT seed="7,1,0,2,4,122" ten="2,523,163,312" oya="3" hai0="14,63,120,30,75,115,24,89,102,90,23,108,13" hai1="21,98,127,44,42,62,18,3,94,58,1,66,110" hai2="9,47,68,33,61,105,106,116,121,119,78,65,36" hai3="34,41,128,11,64,84,45,104,53,54,59,55,6"/><W86/><G104/><T97/><D75/><U93/><E110/><V40/><F121/><W10/><G34/><T109/><D120/><U73/><E73/><V15/><F9/><W101/><G128/><T35/><D115/><U20/><E127/><V114/><F15/><W91/><G101/><T70/><D23/><U80/><E80/><V117/><F78/><W38/><G86/><T81/><D81/><U71/><E71/><V131/><F131/><W19/><G19/><T27/><D27/><U29/><E94/><V96/><F33/><W8/><G64/><T5/><D13/><U87/><E87/><V82/><F82/><W107/><G107/><T31/><D31/><U77/><E77/><V48/><F48/><W57/><REACH who="3" step="1"/><G6/><REACH who="3" ten="2,523,163,302" step="2"/><T92/><D5/><U132/><E18/><V99/><REACH who="2" step="1"/><F114/><REACH who="2" ten="2,523,153,302" step="2"/><W133/><G133/><T74/><D14/><U26/><E132/><V43/><F43/><W112/><G112/><T118/><D118/><U39/><E21/><V46/><F46/><W4/><G4/><T60/><D74/><U72/><E72/><V28/><F28/><W88/><G88/><AGARI ba="1,2" hai="1,3,20,26,29,39,42,44,58,62,66,88,93,98" machi="88" ten="30,2000,0" yaku="7,1,54,1" doraHai="122" who="1" fromWho="3" sc="2,0,523,43,153,0,302,-23" owari="2,-49.8,566,66.6,153,-24.7,279,7.9" /></mjloggm>