<mjloggm ver="2.3"><GO type="41" lobby="0"/><UN n0="%E3%83%86%E3%83%AC%E3%83%83%E3%82%B5%E3%83%BC%E3%83%91%E3%83%B3%E3%83%80" n1="%E2%93%9D%4C%75%63%6B%79%4A" n2="%E3%82%82%E3%82%82%E3%81%9E%E3%81%AE%E8%96%AB" n3="%E3%81%BF%E3%81%AD%E3%81%BD%E3%81%A3%E3%81%BD" dan="14,17,13,15" rate="1973.25,2171.23,1902.91,1909.82" sx="F,M,F,M"/><TAIKYOKU oya="0"/><INIT seed="0,0,0,0,0,23" ten="250,250,250,250" oya="0" hai0="12,78,79,133,99,43,128,98,63,7,32,132,61" hai1="85,37,16,51,34,3,82,87,9,70,24,105,19" hai2="35,117,130,45,103,83,110,49,15,21,124,92,76" hai3="65,41,84,113,104,47,22,66,101,46,29,125,107"/><T17/><D32/><U10/><E37/><V94/><F35/><W100/><G113/><T126/><D126/><U121/><E70/><V106/><F124/><W123/><G123/><T59/><D7/><U68/><E68/><V95/><F130/><W25/><G47/><T48/><D128/><U50/><E105/><V131/><F131/><W71/><G84/><T73/><D43/><U96/><E96/><N who="0" m="36905" /><D48/><U80/><E34/><V36/><F36/><W56/><G66/><T86/><D73/><U60/><E60/><N who="0" m="23113" /><D59/><U54/><E3/><V72/><F49/><W102/><G71/><T135/><D86/><U90/><E121/><V93/><F72/><W89/><G56/><T5/><D5/><U53/><E90/><V2/><F117/><W58/><G58/><T118/><D118/><U38/><E38/><V13/><F106/><W30/><G89/><T4/><D4/><U112/><E112/><V64/><F2/><W52/><G65/><T1/><D1/><U129/><E129/><V42/><F64/><W119/><G119/><T8/><AGARI ba="0,0" hai="8,12,17,78,79,132,133,135" m="23113,36905" machi="8" ten="40,2100,0" yaku="20,1" doraHai="23" who="0" fromWho="0" sc="250,21,250,-7,250,-7,250,-7" /><INIT seed="0,1,0,1,5,128" ten="271,243,243,243" oya="0" hai0="12,100,20,15,96,99,95,118,24,61,117,86,19" hai1="103,64,31,132,2,1,106,71,115,73,54,10,121" hai2="119,62,21,33,76,51,107,39,45,8,114,40,56" hai3="97,92,83,9,102,65,129,25,35,53,124,123,91"/><T5/><D86/><U130/><E54/><V60/><F114/><W0/><G129/><T7/><D15/><U111/><E121/><V87/><F33/><W90/><G65/><T116/><D12/><U126/><E126/><V4/><F107/><W57/><G123/><T88/><REACH who="0" step="1"/><D61/><REACH who="0" ten="261,243,243,243" step="2"/><U113/><E115/><V109/><F60/><W69/><G124/><T17/><D17/><U105/><E113/><V94/><F62/><W44/><G0/><T72/><D72/><U81/><E73/><V3/><F3/><W55/><G69/><T122/><D122/><U18/><E18/><V70/><F70/><W50/><G9/><T112/><D112/><U74/><E74/><V82/><F8/><W135/><G25/><T75/><D75/><U85/><E85/><V67/><F87/><W108/><G83/><T13/><D13/><U101/><E81/><V37/><F82/><W22/><G97/><T127/><D127/><U125/><E125/><V27/><F27/><W43/><G35/><T46/><D46/><U36/><E2/><V49/><F45/><W42/><G44/><T26/><D26/><U30/><E1/><V68/><F56/><W14/><G57/><T32/><D32/><U104/><E10/><V110/><F68/><W93/><G14/><T16/><D16/><U84/><E84/><V79/><F79/><W29/><G29/><T78/><D78/><U41/><E31/><V48/><F76/><W80/><G80/><T6/><D6/><U28/><E30/><V59/><F4/><W47/><G47/><T38/><D38/><U23/><E28/><RYUUKYOKU ba="1,1" sc="261,30,243,-10,243,-10,243,-10" hai0="5,7,19,20,24,88,95,96,99,100,116,117,118" /><INIT seed="0,2,1,2,4,47" ten="291,233,233,233" oya="0" hai0="52,129,37,77,122,10,26,21,102,127,35,117,34" hai1="33,68,73,111,31,74,96,27,45,88,46,80,69" hai2="30,71,115,25,40,90,86,13,116,61,6,64,113" hai3="87,41,20,32,59,48,53,1,89,50,112,132,5"/><T42/><D117/><U12/><E111/><V55/><F116/><W28/><G112/><T4/><D122/><U8/><E69/><V114/><F40/><W16/><G132/><T18/><D127/><U66/><E68/><V95/><F6/><W104/><G104/><T110/><D102/><U109/><E66/><V58/><F13/><W100/><G100/><T134/><D134/><U19/><E109/><V97/><F97/><W83/><G28/><T51/><D110/><U17/><E19/><V92/><F92/><W126/><G32/><T54/><D129/><U119/><E119/><V11/><F11/><W36/><G36/><T76/><D37/><U29/><E31/><V79/><F79/><W43/><G5/><T44/><D34/><U108/><E108/><V98/><F98/><W15/><G1/><T38/><D35/><U72/><REACH who="1" step="1"/><E80/><REACH who="1" ten="291,223,233,233" step="2"/><V128/><F128/><W130/><G130/><T9/><D9/><U121/><E121/><V56/><F71/><W125/><G125/><T23/><D23/><U82/><E82/><V0/><F113/><W133/><G126/><T99/><D99/><U70/><E70/><V49/><F0/><W131/><G131/><T75/><D10/><U103/><E103/><V93/><F93/><AGARI ba="2,2" hai="8,12,17,27,29,33,45,46,72,73,74,88,93,96" machi="93" ten="40,2600,0" yaku="1,1,54,1,53,0" doraHai="47" doraHaiUra="3" who="1" fromWho="2" sc="291,0,223,52,233,-32,233,0" /><INIT seed="1,0,0,1,4,12" ten="291,275,201,233" oya="1" hai0="8,46,29,6,51,75,58,5,2,82,55,39,22" hai1="7,63,0,98,135,107,65,36,20,33,24,128,99" hai2="71,26,56,66,134,121,83,79,103,35,77,89,4" hai3="92,38,100,52,23,97,30,3,114,91,68,133,64"/><U48/><E36/><V21/><F121/><W110/><G38/><T84/><D6/><U54/><E33/><V118/><F118/><W31/><G3/><T45/><D29/><U81/><E128/><V10/><F35/><W116/><G114/><T131/><D131/><U102/><E135/><V106/><F71/><W13/><G116/><T125/><D125/><U59/><E99/><V111/><F111/><W130/><G110/><T72/><D22/><U15/><E81/><V113/><F134/><W117/><G117/><T123/><D123/><U67/><E0/><V50/><F113/><W78/><G64/><T119/><D119/><U25/><E67/><V1/><F106/><W94/><G68/><T124/><D124/><U14/><E7/><V16/><F103/><W47/><G78/><T62/><D46/><U126/><E25/><V61/><F50/><N who="3" m="28767" /><G133/><T101/><D39/><U9/><E9/><V105/><F105/><W18/><G130/><T11/><D11/><U40/><E40/><V96/><REACH who="2" step="1"/><F83/><REACH who="2" ten="291,275,191,233" step="2"/><W129/><G129/><T80/><D80/><U41/><E126/><V108/><F108/><W127/><G127/><T132/><D101/><U122/><E122/><V85/><F85/><AGARI ba="0,1" hai="13,18,23,30,31,85,91,92,94,97,100" m="28767" machi="85" ten="30,3900,0" yaku="8,1,52,1,54,1" doraHai="12" who="3" fromWho="2" sc="291,0,275,0,191,-39,233,49" /><INIT seed="2,0,0,3,1,74" ten="291,275,152,282" oya="2" hai0="47,131,38,54,107,3,94,90,56,37,68,85,81" hai1="12,18,28,80,110,6,92,14,16,30,77,39,57" hai2="83,118,78,32,93,24,112,31,104,119,58,88,44" hai3="8,0,41,115,50,33,89,35,75,43,10,98,19"/><V22/><F112/><W2/><G50/><T124/><D3/><U48/><E39/><V15/><F104/><W29/><G75/><T103/><D124/><U106/><E106/><V87/><F44/><W95/><G115/><T60/><D131/><U82/><E110/><V132/><F132/><W120/><G120/><T71/><D107/><U135/><E6/><V101/><F101/><W91/><G19/><T25/><D103/><U134/><E48/><V5/><F58/><W84/><G29/><T9/><D9/><U20/><E57/><V72/><REACH who="2" step="1"/><F5/><REACH who="2" ten="291,275,142,282" step="2"/><W42/><G0/><T99/><D47/><U121/><E121/><V133/><F133/><W4/><G4/><T26/><D71/><U97/><E135/><V105/><F105/><W1/><G1/><T65/><D68/><U63/><E134/><V62/><F62/><W76/><G2/><T69/><D69/><U100/><E63/><V86/><F86/><W55/><G84/><T51/><D60/><U61/><E61/><V117/><F117/><W59/><G59/><T108/><D108/><U53/><E53/><V13/><F13/><W129/><G55/><T11/><D54/><U111/><E111/><V34/><F34/><W67/><G33/><T96/><D56/><U126/><E126/><V23/><F23/><W125/><G35/><T123/><D85/><N who="1" m="48335" /><E80/><V102/><F102/><W130/><G125/><T70/><D81/><U113/><E113/><V116/><F116/><W79/><G67/><T7/><D65/><U21/><AGARI ba="0,1" hai="12,14,16,18,20,21,28,30,92,97,100" m="48335" machi="21" ten="30,4000,0" yaku="8,1,52,1,54,1" doraHai="74" who="1" fromWho="1" sc="291,-10,275,50,142,-20,282,-10" /><INIT seed="3,0,0,4,4,66" ten="281,325,122,272" oya="3" hai0="35,112,90,89,99,119,98,20,68,69,88,2,45" hai1="57,120,67,62,97,48,135,94,116,61,87,31,65" hai2="92,30,113,4,84,123,33,81,64,27,49,46,5" hai3="41,106,107,17,43,13,96,83,44,74,12,39,36"/><W29/><G29/><T50/><D119/><U63/><E120/><V24/><F123/><W125/><G125/><T26/><D2/><U105/><E105/><V114/><F92/><W75/><G83/><T109/><D35/><U18/><E135/><V78/><F24/><W82/><G82/><T73/><D73/><U118/><E31/><V15/><F64/><W3/><G17/><T47/><D109/><U9/><E87/><V117/><F117/><N who="1" m="45161" /><E48/><V21/><F33/><W34/><G34/><T72/><D72/><U104/><E104/><V8/><REACH who="2" step="1"/><F4/><REACH who="2" ten="281,325,112,272" step="2"/><W37/><G106/><T85/><D112/><U16/><E67/><V127/><F127/><W132/><G107/><T70/><D98/><U60/><E9/><V101/><F101/><AGARI ba="0,1" hai="16,18,57,60,61,62,63,65,94,97,101" m="45161" machi="101" ten="30,2000,0" yaku="12,1,54,1" doraHai="66" who="1" fromWho="2" sc="281,0,325,30,112,-20,272,0" /><INIT seed="4,0,0,0,2,47" ten="281,355,92,272" oya="0" hai0="56,121,14,72,79,68,18,52,120,135,104,113,28" hai1="127,93,41,17,99,57,33,8,61,60,87,91,97" hai2="29,4,7,40,115,15,42,34,66,105,128,63,95" hai3="124,112,22,37,74,32,92,26,86,103,134,45,89"/><T46/><D104/><U123/><E123/><V102/><F115/><W58/><G134/><T21/><D113/><U131/><E33/><V71/><F128/><W1/><G1/><T88/><D135/><U6/><E131/><V67/><F95/><W119/><G124/><T55/><D68/><U54/><E127/><V107/><F66/><W94/><G74/><T117/><D117/><U133/><E41/><V96/><F105/><W82/><G37/><T44/><D28/><U5/><E133/><V85/><F85/><W24/><G32/><T0/><D0/><U49/><E17/><V81/><F81/><W129/><G129/><T13/><D79/><U53/><E61/><V110/><F110/><W78/><G112/><T11/><D72/><U84/><E87/><V98/><F98/><N who="1" m="37385" /><E8/><V111/><F111/><W109/><G109/><T130/><D88/><U35/><E35/><V16/><F40/><W73/><G103/><T100/><D100/><U19/><E19/><V118/><F42/><W122/><G92/><T51/><D130/><U90/><E91/><V69/><F69/><W70/><G70/><T62/><REACH who="0" step="1"/><D44/><AGARI ba="0,0" hai="5,6,44,49,53,54,57,60,84,90,93" m="37385" machi="44" ten="30,2000,0" yaku="8,1,52,1" doraHai="47" who="1" fromWho="0" sc="281,-20,355,20,92,0,272,0" /><INIT seed="5,0,0,0,3,47" ten="261,375,92,272" oya="1" hai0="125,114,29,17,120,51,20,103,58,122,71,116,111" hai1="61,123,60,130,97,74,110,63,78,76,57,36,89" hai2="53,91,90,80,112,79,62,42,67,104,121,28,99" hai3="88,43,49,87,41,3,124,24,115,37,92,25,100"/><U10/><E123/><N who="0" m="47145" /><D71/><U118/><E118/><V38/><F121/><W93/><G3/><T31/><D103/><U7/><E36/><V50/><F112/><W119/><G124/><T81/><D81/><U4/><E130/><V9/><F28/><W45/><G115/><T16/><D58/><U83/><E110/><V95/><F38/><W21/><G119/><T54/><D114/><U96/><E7/><V66/><F104/><W102/><G92/><T134/><D116/><U133/><E133/><V72/><F42/><W12/><G43/><T64/><D64/><U0/><E78/><V15/><F90/><W52/><G12/><T39/><D39/><U35/><E35/><V26/><F26/><W132/><G132/><T55/><D55/><U22/><E22/><V75/><F75/><W117/><G25/><T107/><D107/><U14/><E0/><V127/><F127/><W82/><G82/><T131/><D111/><U129/><E129/><V135/><F62/><W113/><G117/><T23/><D131/><U30/><E30/><N who="0" m="11273" /><D134/><U33/><E33/><V109/><F109/><W5/><G113/><T73/><D73/><U126/><E126/><V98/><F98/><W2/><G2/><T69/><D69/><U13/><E97/><V1/><F1/><W32/><G32/><T94/><D94/><N who="1" m="56399" /><E57/><V40/><F40/><W34/><G34/><T84/><D84/><U6/><E6/><N who="2" m="3511" /><F135/><W19/><REACH who="3" step="1"/><G5/><REACH who="3" ten="261,375,92,262" step="2"/><T8/><D125/><U77/><E83/><V70/><F70/><W46/><AGARI ba="0,1" hai="19,21,24,37,41,45,46,49,52,87,88,93,100,102" machi="46" ten="20,12000,2" yaku="1,1,2,1,0,1,7,1,52,1,54,2,53,0" doraHai="47" doraHaiUra="108" who="3" fromWho="3" sc="261,-30,375,-60,92,-30,262,130" /><INIT seed="6,0,0,4,5,45" ten="231,315,62,392" oya="2" hai0="74,30,94,39,22,66,117,106,38,56,86,93,71" hai1="32,31,63,107,125,131,65,62,134,21,57,47,41" hai2="120,8,73,7,20,113,17,90,104,19,115,3,24" hai3="27,88,4,99,35,80,89,128,14,6,105,133,53"/><V126/><F73/><W59/><G133/><T37/><D74/><U70/><E107/><V82/><F104/><W69/><G69/><T109/><D106/><U112/><E32/><V116/><F116/><W78/><G14/><T44/><D71/><U10/><E10/><V49/><F120/><W75/><G6/><T124/><D109/><U98/><E98/><V33/><F126/><W11/><G128/><T84/><D124/><U28/><E112/><N who="2" m="43083" /><F90/><W96/><G11/><T25/><D117/><U12/><E134/><V132/><F132/><W97/><G4/><T15/><D66/><U55/><E131/><V85/><F82/><W123/><G123/><T118/><D118/><U16/><REACH who="1" step="1"/><E125/><REACH who="1" ten="231,305,62,392" step="2"/><V76/><F85/><N who="3" m="48279" /><G105/><T77/><D84/><U48/><AGARI ba="0,1" hai="12,16,21,28,31,41,47,48,55,57,62,63,65,70" machi="48" ten="20,8000,1" yaku="1,1,0,1,7,1,52,1,54,1,53,0" doraHai="45" doraHaiUra="108" who="1" fromWho="1" sc="231,-20,305,90,62,-40,392,-20" /><INIT seed="7,0,0,0,0,114" ten="211,395,22,372" oya="3" hai0="60,87,47,16,91,1,101,135,24,82,8,29,110" hai1="89,127,57,73,74,118,109,22,41,83,75,48,43" hai2="81,58,54,25,50,40,45,12,107,6,94,42,120" hai3="15,35,37,79,49,78,64,27,112,33,70,59,39"/><W55/><G112/><T56/><D110/><U116/><E109/><V122/><F107/><W105/><G105/><T66/><D135/><U133/><E133/><V28/><F81/><W10/><G70/><T121/><D121/><U26/><E127/><V21/><F120/><W77/><G64/><T61/><D1/><U113/><E113/><V80/><F122/><W85/><G85/><T63/><D47/><U36/><E36/><V98/><F80/><W96/><G96/><T95/><D8/><U18/><E57/><V131/><F12/><W130/><G130/><T51/><D51/><U124/><E124/><V65/><F6/><W76/><N who="3" m="19456" /><DORA hai="13" /><W129/><G129/><T14/><D101/><U20/><E22/><V72/><F72/><W62/><G49/><T44/><D44/><U84/><E48/><V9/><F9/><W53/><G53/><T88/><D29/><U86/><E86/><V3/><F3/><W100/><G100/><T102/><D102/><U119/><AGARI ba="0,0" hai="18,20,26,41,43,73,74,75,83,84,89,116,118,119" machi="119" ten="40,12000,2" yaku="0,1,12,1,52,4" doraHai="114,13" who="1" fromWho="1" sc="211,-30,395,120,22,-30,372,-60" owari="181,-21.9,515,61.5,-8,-50.8,312,11.2" /></mjloggm>