<mjloggm ver="2.3"><GO type="41" lobby="0"/><UN n0="%E2%93%9D%4C%75%63%6B%79%4A" n1="%E3%82%B7%E3%83%A3%E3%82%AA%E3%83%8F%E3%82%A4" n2="%E9%BB%9B%E5%86%AC%E5%84%AA%E5%AD%90" n3="%E9%9B%A8%E3%83%8E%E6%A3%AE%E5%B7%9D%E6%B5%B7" dan="13,16,14,13" rate="1952.68,2007.17,1983.56,1834.82" sx="M,M,F,F"/><TAIKYOKU oya="0"/><INIT seed="0,0,0,4,4,63" ten="250,250,250,250" oya="0" hai0="88,111,11,97,24,26,100,40,80,130,14,54,8" hai1="49,107,103,131,65,3,50,2,101,83,81,10,42" hai2="53,70,95,43,64,45,99,79,5,89,51,69,73" hai3="41,93,67,62,37,116,114,86,119,34,15,87,117"/><T29/><D130/><U55/><E131/><V60/><F5/><W75/><G114/><T66/><D40/><U72/><E107/><V47/><F79/><W19/><G75/><T104/><D111/><U4/><E3/><V113/><F113/><W30/><G37/><T35/><D26/><U58/><E65/><V96/><F73/><W17/><G41/><T120/><D120/><U46/><REACH who="1" step="1"/><E72/><REACH who="1" ten="250,240,250,250" step="2"/><V22/><F22/><W74/><G74/><T92/><D66/><U105/><E105/><V21/><F21/><W90/><G67/><T23/><D35/><U109/><E109/><V108/><F108/><W84/><G34/><T28/><D104/><U61/><E61/><V98/><REACH who="2" step="1"/><F69/><REACH who="2" ten="250,240,240,250" step="2"/><W126/><G119/><T94/><D29/><U18/><E18/><V33/><F33/><W27/><G30/><T112/><D112/><U57/><E57/><V56/><F56/><W82/><G19/><T121/><D28/><U110/><E110/><V71/><F71/><W1/><G17/><T78/><D23/><U38/><E38/><AGARI ba="0,2" hai="38,43,45,47,51,53,60,64,70,89,95,96,98,99" machi="38" ten="30,3900,0" yaku="1,1,7,1,52,1,53,0" doraHai="63" doraHaiUra="9" who="2" fromWho="1" sc="250,0,240,-39,240,59,250,0" /><INIT seed="1,0,0,1,3,102" ten="250,201,299,250" oya="1" hai0="45,97,121,11,65,104,113,28,67,0,39,78,117" hai1="42,62,133,20,29,131,32,119,89,2,129,5,50" hai2="59,82,69,86,8,4,107,101,24,21,56,96,40" hai3="19,22,37,49,51,90,17,70,25,77,58,130,98"/><U124/><E119/><V134/><F69/><W66/><G130/><T111/><D113/><U26/><E124/><V106/><F134/><W75/><G37/><T93/><D28/><U80/><E133/><V94/><F40/><W120/><G120/><T71/><D117/><U46/><E62/><V73/><F73/><W9/><G70/><T105/><D78/><U31/><E29/><V52/><F24/><W122/><G122/><T92/><D111/><U15/><E89/><V91/><F21/><W95/><G77/><T27/><D27/><U109/><E109/><V13/><REACH who="2" step="1"/><F59/><REACH who="2" ten="250,201,289,250" step="2"/><W12/><G75/><T110/><D71/><U103/><E131/><V43/><F43/><W18/><G18/><T108/><D121/><U53/><E129/><V112/><F112/><W55/><REACH who="3" step="1"/><G66/><REACH who="3" ten="250,201,289,240" step="2"/><T87/><D67/><U44/><E31/><V1/><F1/><W60/><AGARI ba="0,2" hai="9,12,17,19,22,25,49,51,55,58,60,90,95,98" machi="60" ten="20,12000,2" yaku="1,1,2,1,0,1,7,1,25,2,8,1,53,0" doraHai="102" doraHaiUra="64" who="3" fromWho="3" sc="250,-30,201,-60,289,-30,240,140" /><INIT seed="2,0,0,0,2,88" ten="220,141,259,380" oya="2" hai0="51,44,36,29,79,101,72,37,55,98,11,47,103" hai1="58,54,80,77,41,3,83,15,85,24,106,43,112" hai2="67,82,126,109,124,9,13,0,121,128,19,34,111" hai3="63,25,113,59,5,38,17,134,10,123,86,33,116"/><V133/><F121/><W27/><G116/><T102/><D29/><U75/><E112/><V94/><F82/><W16/><G123/><T91/><D72/><U66/><E106/><V100/><F128/><W89/><G113/><T108/><D108/><N who="2" m="41546" /><F133/><W14/><G38/><T52/><D79/><U117/><E117/><V23/><F34/><W28/><G27/><T61/><D11/><U68/><E3/><V105/><F67/><W65/><REACH who="3" step="1"/><G134/><REACH who="3" ten="220,141,259,370" step="2"/><T4/><D37/><U6/><E24/><V70/><F70/><W135/><G135/><T21/><D36/><U131/><E68/><V92/><F105/><W118/><G118/><T53/><D51/><U99/><E131/><V8/><F8/><W132/><G132/><T64/><D21/><U69/><E69/><V7/><F100/><W18/><G18/><T50/><D103/><U32/><E32/><V46/><F46/><W76/><G76/><T95/><D47/><U31/><E31/><V26/><F26/><W74/><G74/><T107/><D107/><U84/><E75/><V130/><F130/><W81/><AGARI ba="0,1" hai="5,10,14,16,17,25,28,33,59,63,65,81,86,89" machi="81" ten="20,5200,0" yaku="1,1,0,1,7,1,54,1,53,0" doraHai="88" doraHaiUra="42" who="3" fromWho="3" sc="220,-13,141,-13,259,-26,370,62" /><INIT seed="3,0,0,1,0,119" ten="207,128,233,432" oya="3" hai0="89,129,110,98,54,127,32,66,20,135,8,17,16" hai1="23,95,46,11,7,72,83,70,60,38,56,39,3" hai2="53,109,84,103,88,51,4,91,47,59,130,5,65" hai3="82,69,120,114,48,6,131,87,106,78,13,25,111"/><W45/><G114/><T0/><D66/><U75/><E70/><V123/><F109/><W79/><G131/><T115/><D110/><U108/><E108/><V76/><F130/><W12/><G111/><T118/><D118/><U52/><E95/><V24/><F103/><W132/><G132/><T49/><D32/><U29/><E83/><V57/><F24/><W55/><G69/><T86/><D127/><U1/><E3/><V128/><F128/><W125/><G125/><T92/><D135/><U94/><E94/><V124/><F124/><W100/><G120/><T50/><D115/><U44/><E46/><V28/><F28/><W77/><G25/><T10/><D50/><U93/><E93/><V112/><F112/><W116/><G116/><T62/><D62/><U126/><E126/><V68/><F68/><W64/><G64/><T30/><D0/><U9/><E11/><N who="0" m="4137" /><D98/><U81/><E72/><V121/><F76/><W107/><G6/><N who="2" m="2665" /><F65/><W71/><G71/><T99/><D99/><U15/><E15/><V40/><F84/><W67/><G67/><T117/><D117/><U19/><E29/><V58/><F53/><W35/><G35/><T105/><D105/><U18/><E38/><V22/><F22/><W41/><G55/><T73/><D73/><U133/><E23/><V37/><F37/><W21/><G106/><T134/><D129/><U122/><E122/><AGARI ba="0,0" hai="40,47,51,57,58,59,88,91,121,122,123" m="2665" machi="122" ten="30,8000,1" yaku="13,1,52,3,54,1" doraHai="119" who="2" fromWho="1" sc="207,0,128,-80,233,80,432,0" /><INIT seed="4,0,0,0,3,54" ten="207,48,313,432" oya="0" hai0="97,135,70,33,132,7,105,123,40,27,58,129,14" hai1="28,81,41,59,12,13,16,121,96,101,61,125,122" hai2="95,86,89,77,19,39,43,21,111,4,63,50,17" hai3="15,85,84,107,26,35,117,110,60,18,31,94,6"/><T46/><D123/><U128/><E125/><V112/><F111/><W11/><G110/><T52/><D70/><U30/><E128/><V91/><F39/><W25/><G107/><T44/><D129/><U88/><E41/><V134/><F4/><W109/><G109/><T131/><D131/><U116/><E116/><V8/><F112/><W74/><G74/><T9/><D27/><U48/><E48/><V126/><F126/><W64/><G117/><T113/><D33/><U76/><E12/><N who="2" m="7303" /><F134/><N who="0" m="51242" /><D40/><U108/><E108/><V130/><F130/><W102/><G26/><T0/><D0/><U45/><E45/><N who="2" m="25919" /><F63/><W34/><G34/><T37/><D37/><U80/><E122/><V20/><F77/><W118/><G118/><T47/><D113/><U99/><E121/><V56/><F56/><W2/><G102/><N who="0" m="62671" /><D47/><U53/><E101/><V10/><F91/><W92/><G6/><T104/><D104/><U106/><E106/><V79/><F79/><W71/><G2/><T73/><D73/><U42/><E42/><V87/><F10/><W24/><G24/><T127/><D127/><U36/><E36/><V22/><F19/><W23/><G35/><T82/><D82/><N who="1" m="31851" /><E76/><V124/><F124/><W65/><G71/><T98/><D98/><AGARI ba="0,0" hai="20,21,22,86,87,89,95,98" m="25919,7303" machi="98" ten="30,1000,0" yaku="8,1" doraHai="54" who="2" fromWho="0" sc="207,-10,48,0,313,10,432,0" /><INIT seed="5,0,0,3,3,48" ten="197,48,323,432" oya="1" hai0="50,31,0,16,75,116,94,110,57,119,74,115,93" hai1="11,70,105,133,102,122,88,63,91,113,34,117,89" hai2="53,83,52,66,68,108,29,42,98,12,106,128,23" hai3="76,118,84,61,99,71,33,92,20,56,17,65,19"/><U62/><E117/><V25/><F108/><W4/><G33/><T81/><D0/><U78/><E122/><V14/><F128/><W30/><G118/><T46/><D31/><U26/><E113/><V58/><F42/><W124/><G124/><T39/><D39/><U60/><E133/><V37/><F37/><W18/><G4/><T101/><D57/><U40/><E40/><V8/><F68/><W59/><G76/><T55/><D110/><U45/><E45/><V134/><F134/><W129/><G84/><T32/><D32/><U38/><E38/><V15/><F83/><W85/><G85/><T72/><D115/><U86/><E11/><V10/><F106/><W22/><G129/><T35/><D35/><U107/><E70/><V2/><F98/><W1/><G1/><T21/><D81/><U111/><E111/><V54/><F2/><W44/><G44/><T100/><D119/><U36/><E102/><V123/><F123/><W27/><G71/><T69/><D69/><U43/><E43/><V77/><F77/><W125/><G125/><T5/><D5/><U51/><E36/><V97/><F97/><W87/><G87/><T131/><D131/><U112/><E112/><V114/><F114/><W135/><G135/><T7/><D7/><U103/><E103/><N who="0" m="39497" /><D116/><U82/><REACH who="1" step="1"/><E51/><REACH who="1" ten="197,38,323,432" step="2"/><V9/><F66/><W109/><G109/><T130/><D130/><U132/><E132/><V96/><REACH who="2" step="1"/><F96/><REACH who="2" ten="197,38,313,432" step="2"/><W49/><G99/><T64/><D64/><U73/><E73/><V90/><F90/><W80/><G65/><T24/><D75/><U127/><E127/><RYUUKYOKU ba="0,2" sc="197,10,38,10,313,10,432,-30" hai0="16,21,24,46,50,55,72,74,93,94" hai1="26,34,60,62,63,78,82,86,88,89,91,105,107" hai2="8,9,10,12,14,15,23,25,29,52,53,54,58" /><INIT seed="5,1,2,3,1,51" ten="207,48,323,402" oya="1" hai0="103,89,106,93,126,133,92,124,75,130,117,2,24" hai1="33,11,47,49,14,65,28,115,21,95,4,56,127" hai2="37,38,42,19,36,35,41,80,70,111,125,99,73" hai3="30,67,68,3,69,63,72,26,59,108,112,43,116"/><U119/><E119/><V12/><F35/><W16/><G108/><T40/><D2/><U96/><E115/><V18/><F111/><W71/><G112/><T91/><D40/><U100/><E127/><N who="0" m="48681" /><D24/><U27/><E33/><V1/><F125/><W128/><G116/><T107/><D117/><U123/><E123/><V135/><F70/><W32/><G3/><T87/><D75/><U122/><E122/><V39/><F1/><W94/><G72/><T17/><D17/><U23/><E21/><V52/><F135/><W64/><G128/><T98/><D133/><U60/><E49/><V55/><F99/><W7/><G7/><T0/><D0/><U29/><REACH who="1" step="1"/><E47/><REACH who="1" ten="207,38,323,402" step="2"/><V90/><F39/><W86/><G32/><T58/><D130/><U101/><E101/><V84/><F37/><W78/><G30/><AGARI ba="1,3" hai="4,11,14,23,27,28,29,30,56,60,65,95,96,100" machi="30" ten="30,12000,1" yaku="1,1,7,1,25,2,8,1,53,0" doraHai="51" doraHaiUra="85" who="1" fromWho="3" sc="207,0,38,153,323,0,402,-123" /><INIT seed="5,2,0,2,4,19" ten="207,191,323,279" oya="1" hai0="109,2,18,33,124,25,100,75,117,56,40,11,12" hai1="125,31,96,107,115,98,49,38,97,68,112,36,61" hai2="3,47,71,45,57,92,23,105,128,91,4,9,127" hai3="134,131,16,122,85,62,54,42,121,51,7,81,21"/><U132/><E132/><V93/><F105/><W83/><G134/><T28/><D75/><U65/><E107/><V90/><F71/><W66/><G131/><T70/><D70/><U82/><E125/><V8/><F127/><W89/><G42/><T52/><D124/><U94/><E94/><V102/><F102/><W118/><G7/><T108/><D117/><U73/><E49/><V43/><F128/><W69/><G83/><T74/><D74/><U53/><E53/><V1/><F57/><W22/><G118/><T26/><D26/><U50/><E50/><V0/><F0/><W106/><G106/><T103/><D40/><U80/><E31/><V59/><F59/><W6/><G6/><T78/><D78/><U48/><E48/><V27/><F9/><W58/><REACH who="3" step="1"/><G16/><REACH who="3" ten="207,191,323,269" step="2"/><T116/><D116/><U88/><E80/><V24/><F43/><W114/><G114/><N who="1" m="43562" /><E73/><V87/><F3/><W113/><G113/><T29/><D2/><U119/><E119/><V76/><F4/><W111/><G111/><T14/><D109/><U126/><E126/><V46/><F1/><W135/><G135/><T17/><D108/><U5/><E5/><V34/><F93/><W44/><G44/><T37/><D29/><U13/><E13/><V86/><F47/><W84/><G84/><AGARI ba="2,1" hai="36,38,61,65,68,82,84,88,96,97,98" m="43562" machi="84" ten="30,2900,0" yaku="15,1,54,1" doraHai="19" who="1" fromWho="3" sc="207,0,191,45,323,0,269,-35" /><INIT seed="5,3,0,0,1,116" ten="207,236,323,234" oya="1" hai0="23,32,66,120,128,122,59,57,134,5,133,40,85" hai1="13,124,43,94,50,131,103,49,70,91,86,107,33" hai2="28,108,46,42,24,55,54,123,75,1,65,88,19" hai3="87,81,72,93,39,117,113,22,68,76,35,79,52"/><U126/><E70/><V125/><F108/><W112/><G117/><T118/><D118/><U21/><E33/><V44/><F75/><W101/><G35/><T45/><D32/><U119/><E119/><V127/><F28/><W31/><G39/><N who="0" m="21663" /><D5/><U62/><E62/><V17/><F1/><W96/><G68/><T29/><D85/><U38/><E38/><V95/><F123/><N who="0" m="47146" /><D128/><U104/><E131/><V135/><F135/><N who="0" m="51722" /><D66/><U18/><E86/><V47/><F65/><W2/><G87/><T60/><D60/><U80/><E50/><V99/><F42/><W73/><G72/><T71/><D71/><U6/><E49/><V34/><F34/><W7/><G7/><T16/><D29/><U111/><E6/><V12/><F125/><W56/><G31/><T106/><D106/><U48/><E43/><V98/><F127/><W129/><G129/><T74/><D74/><U25/><E107/><V90/><F19/><W115/><G73/><T41/><D41/><U51/><E104/><V84/><F17/><W132/><G132/><T26/><AGARI ba="3,0" hai="16,23,26,57,59" m="51722,47146,21663" machi="26" ten="30,12000,2" yaku="13,1,20,1,52,3,54,1" doraHai="116" who="0" fromWho="0" sc="207,129,236,-63,323,-33,234,-33" /><INIT seed="6,0,0,4,2,35" ten="336,173,290,201" oya="2" hai0="118,86,20,26,103,15,76,99,14,57,39,112,104" hai1="41,65,122,69,12,107,72,47,78,27,105,120,38" hai2="132,8,52,79,46,75,43,2,54,95,98,94,100" hai3="16,61,116,73,114,115,83,111,4,33,128,135,126"/><V59/><F132/><W6/><G116/><T125/><D39/><U93/><E12/><V130/><F130/><W124/><G111/><T81/><D118/><U101/><E93/><V18/><F59/><W119/><G119/><T9/><D112/><N who="3" m="43049" /><G33/><T51/><D125/><N who="3" m="48233" /><G128/><T37/><D37/><U45/><E47/><V67/><F67/><W31/><G31/><T17/><D51/><U121/><E27/><V84/><F18/><W96/><G135/><T68/><D68/><U48/><E48/><V19/><F19/><W80/><G96/><T102/><D103/><U129/><E101/><V109/><F100/><W133/><G133/><T123/><D123/><U5/><E5/><V7/><F109/><W13/><G61/><T29/><D15/><U44/><E44/><V36/><F84/><W82/><G73/><T87/><REACH who="0" step="1"/><D57/><REACH who="0" ten="326,173,290,201" step="2"/><U55/><E129/><V56/><F56/><W110/><G110/><T108/><D108/><U92/><E69/><V58/><F58/><W42/><G42/><T117/><D117/><U40/><E41/><V23/><F43/><W28/><G28/><T11/><D11/><AGARI ba="0,1" hai="4,6,11,13,16,80,82,83" m="48233,43049" machi="11" ten="40,8000,1" yaku="15,1,11,1,18,1,54,1" doraHai="35" who="3" fromWho="0" sc="326,-80,173,0,290,0,201,90" /><INIT seed="7,0,0,3,0,104" ten="246,173,290,291" oya="3" hai0="20,86,127,27,62,26,13,107,125,17,75,81,55" hai1="68,10,95,111,57,54,102,132,70,6,100,99,63" hai2="79,16,2,30,64,106,108,124,47,21,65,92,24" hai3="134,50,4,123,73,32,130,37,53,72,84,98,46"/><W22/><G123/><T133/><D107/><U87/><E132/><V69/><F108/><W82/><G32/><T35/><D133/><U103/><E111/><V71/><F2/><W120/><G120/><T128/><D128/><U49/><E70/><V31/><F106/><W58/><G134/><T101/><D101/><U8/><E68/><V43/><F124/><N who="0" m="47690" /><D35/><U40/><E6/><V119/><F119/><W25/><G130/><T80/><D55/><U109/><E109/><V94/><F79/><W60/><G37/><T116/><D62/><U118/><E118/><V9/><F71/><W59/><G98/><T105/><D105/><U34/><E34/><V11/><F69/><W89/><G4/><T113/><D113/><U45/><REACH who="1" step="1"/><E87/><REACH who="1" ten="246,163,290,291" step="2"/><V14/><F65/><W110/><G110/><T122/><D122/><U66/><E66/><V38/><F64/><W135/><G135/><T15/><D116/><U42/><E42/><V126/><F126/><W48/><G84/><T19/><D86/><U88/><AGARI ba="0,1" hai="8,10,40,45,49,54,57,63,88,95,99,100,102,103" machi="88" ten="30,7900,0" yaku="1,1,0,1,8,1,54,1,53,0" doraHai="104" doraHaiUra="114" who="1" fromWho="1" sc="246,-20,163,89,290,-20,291,-39" /><INIT seed="8,0,0,1,5,98" ten="226,252,270,252" oya="0" hai0="90,59,109,131,11,31,3,8,40,100,69,20,23" hai1="83,15,72,134,18,74,117,26,36,65,77,19,9" hai2="25,96,5,82,60,95,104,128,85,34,45,116,55" hai3="1,105,52,86,113,64,37,62,47,48,7,135,126"/><T38/><D69/><U50/><E36/><V49/><F128/><W130/><G113/><T102/><D131/><U91/><E134/><V80/><F5/><W6/><G130/><T118/><D3/><U87/><E117/><V54/><F104/><W94/><G135/><T0/><D0/><U51/><E65/><V44/><F116/><W12/><G1/><T17/><D38/><U33/><E74/><V133/><F133/><W103/><G126/><T73/><D73/><U84/><E72/><V120/><F120/><W89/><G37/><T114/><D40/><U29/><REACH who="1" step="1"/><E19/><REACH who="1" ten="226,242,270,252" step="2"/><V129/><F129/><W32/><G64/><T71/><D118/><U10/><E10/><N who="0" m="3625" /><D114/><U61/><E61/><V24/><F60/><W27/><G62/><T93/><D71/><U125/><E125/><V108/><F108/><W13/><G7/><T58/><D109/><U66/><E66/><V121/><F121/><W115/><G6/><T106/><D106/><U56/><E56/><N who="0" m="21545" /><D31/><U119/><E119/><V81/><F45/><W127/><G127/><T57/><D57/><U78/><E78/><V39/><F39/><W35/><G115/><T28/><D28/><U88/><E88/><V97/><F44/><W132/><G132/><T67/><D67/><U4/><E4/><V63/><F63/><W21/><G105/><T30/><D30/><U124/><E124/><V70/><F70/><W68/><G68/><T76/><D76/><U75/><E75/><V14/><F49/><W122/><G122/><T123/><D123/><U112/><E112/><V42/><F42/><W99/><G47/><RYUUKYOKU ba="0,1" sc="226,-10,242,30,270,-10,252,-10" hai1="9,15,18,26,29,33,50,51,77,83,84,87,91" /><INIT seed="9,1,1,1,2,53" ten="216,272,260,242" oya="1" hai0="111,27,92,96,46,83,73,48,108,13,81,116,43" hai1="127,106,84,112,115,104,98,99,57,18,61,7,129" hai2="114,64,125,56,66,74,63,65,14,88,76,22,102" hai3="54,59,80,38,58,24,39,103,91,128,9,109,90"/><U47/><E129/><V25/><F74/><W71/><G109/><T75/><D116/><U122/><E122/><V23/><F76/><W29/><G71/><T32/><D75/><U123/><E123/><V68/><F125/><W78/><G128/><T35/><D13/><U118/><E118/><V6/><F102/><W105/><G105/><T8/><D8/><U2/><E127/><V95/><F114/><W50/><G103/><T70/><D70/><U16/><E112/><V40/><F40/><W60/><G9/><T69/><D69/><U131/><E131/><V4/><F68/><W132/><G132/><T44/><D46/><U10/><E115/><V134/><F134/><W94/><G78/><T51/><D73/><U0/><E0/><V42/><F42/><W77/><G77/><T15/><D15/><N who="1" m="5599" /><E106/><V117/><F117/><W49/><G80/><T11/><D11/><U12/><E104/><V79/><F79/><W126/><G126/><T31/><D35/><U17/><E2/><V113/><F113/><W45/><G45/><T30/><D31/><U36/><E84/><N who="2" m="52615" /><F6/><W55/><G60/><T34/><D34/><U97/><E36/><V62/><F4/><W130/><G130/><T85/><D51/><U89/><E47/><V19/><F63/><W37/><G94/><T28/><D30/><AGARI ba="1,1" hai="14,19,22,23,25,30,56,62,64,65,66" m="52615" machi="30" ten="30,3900,0" yaku="8,1,52,1,54,1" doraHai="53" who="2" fromWho="0" sc="216,-42,272,0,260,52,242,0" owari="174,-32.6,272,7.2,312,41.2,242,-15.8" /></mjloggm>