<mjloggm ver="2.3"><GO type="41" lobby="0"/><UN n0="%E2%93%9D%4C%75%63%6B%79%4A" n1="%E5%A4%A9%E5%92%8C%E3%81%BE%E3%81%A0%E3%83%BC%EF%BC%9F" n2="%E3%82%B1%E3%83%80%E3%83%81%E3%82%AF" n3="%E3%83%8A%E3%82%B9%E3%83%9C%E3%82%A6" dan="16,15,14,15" rate="2148.24,2013.61,1913.91,1941.43" sx="M,F,M,M"/><TAIKYOKU oya="0"/><INIT seed="0,0,0,0,4,61" ten="250,250,250,250" oya="0" hai0="39,110,105,5,93,98,8,95,130,109,22,114,44" hai1="26,63,66,20,134,84,40,112,80,102,19,32,133" hai2="43,90,92,121,31,49,78,33,48,64,101,77,115" hai3="29,127,70,113,18,1,87,27,125,59,128,58,96"/><T97/><D114/><U3/><E3/><V28/><F115/><W74/><G74/><T67/><D105/><U37/><E112/><V50/><F43/><W69/><G1/><T65/><D22/><U124/><E102/><V36/><F36/><W42/><G87/><T11/><D39/><U41/><E32/><V72/><F101/><W100/><G42/><T116/><D130/><U15/><E124/><V30/><F33/><W103/><G113/><T120/><D44/><U75/><E75/><V85/><F121/><W68/><G18/><T46/><D46/><U9/><E37/><V34/><F72/><W82/><G82/><T83/><D83/><U14/><E14/><V56/><F34/><W86/><G86/><T122/><REACH who="0" step="1"/><D5/><REACH who="0" ten="240,250,250,250" step="2"/><U107/><E107/><V23/><F23/><W132/><G128/><T104/><D104/><U91/><E133/><V76/><F56/><W81/><G59/><T62/><D62/><U60/><E60/><V131/><F131/><W53/><G132/><T47/><D47/><U51/><E51/><V117/><F117/><AGARI ba="0,1" hai="8,11,65,67,93,95,97,98,109,110,116,117,120,122" machi="117" ten="25,18000,2" yaku="1,1,22,2,52,2,53,2" doraHai="61" doraHaiUra="94" who="0" fromWho="2" sc="240,190,250,0,250,-180,250,0" /><INIT seed="0,1,0,3,2,19" ten="430,250,70,250" oya="0" hai0="128,14,91,46,85,67,90,71,80,108,110,40,83" hai1="36,111,123,16,44,78,66,37,33,99,60,27,21" hai2="82,45,134,52,76,132,17,114,81,100,12,92,48" hai3="116,55,42,101,118,89,28,119,1,74,79,97,93"/><T0/><D0/><U13/><E123/><V32/><F32/><W126/><G42/><T64/><D128/><U61/><E78/><V95/><F114/><W26/><G1/><T25/><D14/><U11/><E33/><V20/><F82/><W51/><G126/><T125/><D71/><U63/><E111/><N who="0" m="42537" /><D125/><U122/><E122/><V129/><F129/><W49/><G79/><T104/><D104/><U50/><E99/><V31/><F31/><W34/><G74/><T106/><D106/><U65/><E36/><V24/><F100/><W113/><G113/><T98/><D25/><U135/><E37/><V109/><F24/><W70/><G70/><T56/><D56/><U121/><E135/><N who="2" m="51755" /><F109/><W57/><REACH who="3" step="1"/><G101/><REACH who="3" ten="430,250,70,240" step="2"/><T35/><D35/><U9/><E121/><V94/><F94/><W10/><G10/><T2/><D2/><U115/><E11/><V3/><F3/><W102/><G102/><T77/><D77/><U131/><E115/><V7/><F7/><W127/><G127/><T29/><D83/><U103/><E103/><V47/><F47/><W105/><G105/><T58/><D46/><U5/><REACH who="1" step="1"/><E131/><REACH who="1" ten="430,240,70,240" step="2"/><V39/><F39/><W18/><G18/><T68/><D29/><U54/><AGARI ba="1,2" hai="5,9,13,16,21,27,44,50,54,60,61,63,65,66" machi="54" ten="30,12000,2" yaku="1,1,2,1,0,1,8,1,52,1,54,1,53,1" doraHai="19" doraHaiUra="15" who="1" fromWho="1" sc="430,-61,240,143,70,-31,240,-31" /><INIT seed="1,0,0,5,5,14" ten="369,383,39,209" oya="1" hai0="35,122,6,56,98,63,39,43,50,79,114,107,78" hai1="24,18,54,135,116,72,52,105,10,87,4,16,112" hai2="26,115,100,86,73,92,61,40,83,95,90,9,70" hai3="47,59,131,33,27,85,38,106,111,21,108,3,129"/><U53/><E116/><V93/><F40/><W120/><G106/><T88/><D35/><U15/><E72/><V48/><F115/><W71/><G71/><T17/><D6/><U110/><E105/><V89/><F48/><W2/><G59/><T124/><D124/><U32/><E112/><V75/><F61/><W134/><G33/><T130/><D130/><N who="3" m="49673" /><G85/><T49/><D122/><U125/><E135/><V66/><F66/><W41/><G134/><T0/><D0/><N who="3" m="41" /><G120/><T91/><D39/><U45/><E125/><V96/><F70/><W123/><G123/><T31/><D107/><U82/><E110/><V22/><F9/><W58/><G58/><T65/><D56/><U101/><E101/><V20/><F20/><W19/><AGARI ba="0,0" hai="19,21,27,38,41,47,108,111" m="41,49673" machi="19" ten="40,2700,0" yaku="19,1,52,1" doraHai="14" who="3" fromWho="3" sc="369,-7,383,-13,39,-7,209,27" /><INIT seed="2,0,0,3,5,58" ten="362,370,32,236" oya="2" hai0="116,77,131,54,3,132,49,124,135,92,47,36,134" hai1="125,20,7,94,119,78,126,97,14,13,56,0,4" hai2="66,81,115,107,28,113,45,32,91,37,75,123,29" hai3="61,2,21,98,122,117,133,88,120,31,71,83,35"/><V63/><F123/><W121/><G35/><T44/><D3/><U50/><E119/><V24/><F29/><W8/><G117/><T86/><D116/><U103/><E78/><V128/><F128/><W1/><G8/><T69/><D69/><U76/><E76/><V19/><F19/><W40/><G40/><N who="0" m="22919" /><D124/><N who="1" m="47723" /><E20/><V112/><F107/><W42/><G42/><T33/><D33/><U46/><E56/><V30/><F30/><W101/><G133/><T73/><D73/><U99/><E97/><V41/><F91/><W105/><G21/><T62/><D77/><U15/><E0/><V11/><F11/><W68/><G31/><T90/><D131/><U84/><E84/><V110/><F110/><W10/><G10/><T79/><D79/><U12/><N who="1" m="3072" /><DORA hai="34" /><U80/><E80/><V89/><F75/><W82/><G71/><T6/><D6/><U118/><E118/><V43/><F43/><AGARI ba="0,0" hai="4,7,43,46,50,94,99,103" m="3072,47723" machi="43" ten="40,1300,0" yaku="18,1" doraHai="58,34" who="1" fromWho="2" sc="362,0,370,13,32,-13,236,0" /><INIT seed="3,0,0,0,2,131" ten="362,383,19,236" oya="3" hai0="87,66,118,80,106,93,65,12,108,10,17,31,122" hai1="38,73,55,14,16,97,130,51,26,89,45,43,30" hai2="103,115,18,123,94,134,135,72,71,78,126,101,23" hai3="76,75,40,39,49,59,79,128,116,70,107,56,112"/><W133/><G128/><T111/><D106/><U121/><E130/><V44/><F71/><W81/><G70/><T88/><D122/><U53/><E73/><V33/><F33/><W58/><G116/><T37/><D37/><U67/><E67/><V86/><F115/><W119/><G119/><T82/><D31/><U69/><E69/><V85/><F123/><W54/><G107/><T57/><D118/><U5/><E5/><V124/><F44/><W21/><G79/><T110/><REACH who="0" step="1"/><D66/><REACH who="0" ten="352,383,19,236" step="2"/><U24/><E38/><V4/><F124/><W99/><G112/><T96/><D96/><U2/><E30/><V63/><F126/><W19/><G99/><T68/><D68/><U132/><E121/><V46/><F72/><W29/><G29/><T127/><D127/><U61/><E2/><V42/><F85/><W64/><G64/><T74/><D74/><U11/><E132/><V102/><F86/><W27/><REACH who="3" step="1"/><G133/><REACH who="3" ten="352,383,19,226" step="2"/><T95/><D95/><N who="1" m="56559" /><E55/><V22/><F94/><W32/><G32/><T52/><D52/><U34/><E34/><V13/><F134/><W28/><G28/><T129/><D129/><U20/><E53/><V48/><F135/><W7/><G7/><T9/><D9/><U120/><E11/><V60/><F4/><W25/><G25/><T90/><D90/><U8/><E8/><V125/><F125/><W109/><G109/><T0/><D0/><U15/><E120/><V105/><F105/><W41/><G41/><T3/><D3/><U91/><E43/><V117/><F117/><W100/><G100/><N who="2" m="38505" /><F78/><W114/><G114/><T35/><D35/><RYUUKYOKU ba="0,2" sc="352,15,383,-15,19,-15,226,15" hai0="10,12,17,57,65,80,82,87,88,93,108,110,111" hai3="19,21,27,39,40,49,54,56,58,59,75,76,81" /><INIT seed="3,1,2,2,0,96" ten="367,368,4,241" oya="3" hai0="23,70,103,44,83,10,30,69,92,16,88,116,20" hai1="5,128,38,2,77,24,76,21,17,89,100,109,114" hai2="122,3,18,80,112,130,72,93,64,8,86,87,129" hai3="120,45,110,123,12,81,119,102,33,48,121,115,132"/><W78/><G33/><T97/><D116/><U56/><E114/><V99/><F64/><W125/><G115/><T6/><D30/><U47/><E109/><V84/><F18/><W27/><G27/><T29/><D29/><U73/><E89/><V133/><F8/><W52/><G119/><T43/><D70/><U61/><E128/><N who="2" m="49259" /><F3/><W111/><G125/><T94/><D83/><U98/><E73/><V28/><F28/><W82/><G132/><T85/><D69/><U1/><E38/><V60/><F60/><W0/><G82/><T36/><D16/><U63/><E63/><V15/><F15/><AGARI ba="1,2" hai="6,10,15,20,23,36,43,44,85,88,92,94,97,103" machi="15" ten="30,3900,0" yaku="7,1,52,1,54,1" doraHai="96" who="0" fromWho="2" sc="367,62,368,0,4,-42,241,0" owari="429,52.9,368,16.8,-38,-53.8,241,-15.9" /></mjloggm>