<mjloggm ver="2.3"><GO type="41" lobby="0"/><UN n0="%E2%93%9D%4C%75%63%6B%79%4A" n1="%E3%81%8B%E3%82%82%38%31" n2="%6A%6F%67%61%77%61" n3="%E3%81%97%E3%82%8D%E3%81%9F%E3%81%AC%E3%81%8D" dan="15,13,15,14" rate="2161.12,1841.68,2003.10,1863.96" sx="M,M,M,M"/><TAIKYOKU oya="0"/><INIT seed="0,0,0,0,5,101" ten="250,250,250,250" oya="0" hai0="69,51,81,47,8,18,7,88,54,2,19,58,52" hai1="107,76,1,21,68,109,56,118,125,40,78,124,50" hai2="95,115,114,92,45,23,129,108,55,90,110,126,94" hai3="72,31,59,32,89,15,127,0,117,121,10,39,132"/><T37/><D69/><U71/><E1/><V34/><F34/><W46/><G117/><T63/><REACH who="0" step="1"/><D37/><REACH who="0" ten="240,250,250,250" step="2"/><U38/><E38/><V9/><F129/><W12/><G39/><T67/><D67/><U122/><E68/><V14/><F126/><W17/><G127/><T116/><D116/><U30/><E71/><V119/><F119/><W83/><G121/><T87/><AGARI ba="0,1" hai="2,7,8,18,19,47,51,52,54,58,63,81,87,88" machi="87" ten="30,12000,1" yaku="1,1,0,1,54,2,53,1" doraHai="101" doraHaiUra="84" who="0" fromWho="0" sc="240,130,250,-40,250,-40,250,-40" /><INIT seed="0,1,0,4,5,133" ten="370,210,210,210" oya="0" hai0="85,53,101,94,117,14,17,99,76,44,132,0,68" hai1="82,96,37,90,129,32,92,41,104,88,29,42,58" hai2="135,95,75,89,1,33,126,27,45,30,128,127,120" hai3="108,84,24,106,23,115,114,36,38,20,3,91,7"/><T28/><D117/><U56/><E104/><V121/><F75/><W63/><G106/><T2/><D68/><U131/><E29/><V123/><F135/><W25/><G108/><T134/><D28/><U70/><E32/><V98/><F128/><N who="1" m="49225" /><E70/><V43/><REACH who="2" step="1"/><F1/><REACH who="2" ten="370,210,200,210" step="2"/><W4/><G3/><T87/><D2/><U47/><E41/><V97/><F97/><W73/><G73/><T54/><D0/><U11/><E11/><V10/><F10/><W16/><G84/><AGARI ba="1,1" hai="37,42,47,56,58,82,84,88,90,92,96" m="49225" machi="84" ten="30,2000,0" yaku="19,1,54,1" doraHai="133" who="1" fromWho="3" sc="370,0,210,33,200,0,210,-23" /><INIT seed="1,0,0,4,5,80" ten="370,243,200,187" oya="1" hai0="39,8,69,134,60,64,125,31,120,101,75,76,123" hai1="3,42,83,55,45,47,44,124,27,109,135,88,35" hai2="53,108,86,38,65,127,118,90,25,29,12,89,49" hai3="50,128,132,51,102,34,119,122,54,106,96,100,104"/><U52/><E3/><V23/><F108/><W84/><G122/><T18/><D31/><U19/><E124/><V107/><F127/><W28/><G128/><T16/><D125/><U2/><E2/><V57/><F118/><W63/><G119/><T21/><D39/><U24/><E42/><V11/><F107/><W73/><G132/><T74/><D101/><U78/><E135/><V37/><F89/><W129/><G129/><T92/><D92/><U116/><E116/><V32/><F32/><W94/><G73/><T61/><D76/><U67/><E67/><V58/><F65/><W33/><G63/><T20/><D8/><U105/><E105/><V110/><F110/><W56/><G51/><T7/><D7/><U71/><E71/><V87/><F87/><W85/><G34/><T121/><D61/><U30/><E109/><V130/><F130/><W117/><G117/><T113/><D113/><U46/><E44/><V40/><F40/><W98/><G94/><T72/><REACH who="0" step="1"/><D134/><REACH who="0" ten="360,243,200,187" step="2"/><U70/><E78/><V112/><F112/><W9/><G9/><T111/><D111/><U115/><E115/><V103/><F103/><W68/><G68/><T66/><D66/><U91/><E70/><V93/><REACH who="2" step="1"/><F58/><REACH who="2" ten="360,243,190,187" step="2"/><W5/><G5/><AGARI ba="0,2" hai="5,11,12,23,25,29,37,38,49,53,57,86,90,93" machi="5" ten="30,7700,0" yaku="1,1,2,1,7,1,52,1,53,0" doraHai="80" doraHaiUra="59" who="2" fromWho="3" sc="360,0,243,0,190,97,187,-77" /><INIT seed="2,0,0,3,3,28" ten="360,243,287,110" oya="2" hai0="133,73,81,97,79,63,39,93,98,52,92,129,127" hai1="6,89,21,37,104,9,95,11,124,44,1,100,134" hai2="116,76,20,119,69,34,126,54,2,68,130,84,15" hai3="59,25,61,42,82,117,26,131,66,102,58,12,30"/><V40/><F2/><W96/><G117/><T78/><D39/><U22/><E134/><V51/><F40/><W24/><G131/><T85/><D63/><U71/><E71/><V14/><F34/><W106/><G42/><T123/><D123/><U90/><E124/><V72/><F72/><W113/><G113/><T111/><D111/><U112/><E112/><V67/><F126/><W94/><G106/><T4/><D4/><U121/><E104/><V83/><F130/><W29/><G59/><T103/><D52/><U75/><E11/><V32/><F32/><W114/><G114/><T55/><D55/><U43/><E75/><V125/><F125/><W10/><G82/><N who="0" m="45423" /><D127/><U31/><E31/><V65/><F69/><W56/><G56/><T13/><D13/><U135/><E135/><V7/><F68/><W132/><G132/><T74/><D133/><U105/><E121/><V50/><F50/><W70/><G70/><T17/><D17/><U33/><E33/><V5/><F116/><W107/><G107/><T0/><D0/><U108/><E105/><V27/><F119/><W45/><G45/><T115/><D115/><U48/><E37/><V110/><F110/><W47/><G47/><T122/><D122/><U19/><E108/><V8/><F15/><W38/><G38/><T23/><D23/><U87/><E21/><V41/><F5/><W99/><G96/><N who="0" m="59791" /><D129/><U35/><E22/><V64/><F41/><W128/><G128/><T57/><D57/><U16/><E43/><V46/><F65/><W3/><G3/><T62/><D62/><U88/><E1/><RYUUKYOKU ba="0,0" sc="360,10,243,-30,287,10,110,10" hai0="74,78,81,85,92,97,98" hai2="7,8,14,20,27,46,51,54,64,67,76,83,84" hai3="10,12,24,25,26,29,30,58,61,66,94,99,102" /><INIT seed="2,1,0,3,0,60" ten="370,213,297,120" oya="2" hai0="128,90,104,118,73,70,132,14,15,106,64,89,111" hai1="31,124,69,110,28,83,41,94,79,11,18,9,21" hai2="109,91,97,78,1,123,99,75,129,63,76,51,68" hai3="105,59,12,114,23,119,130,34,117,101,131,5,2"/><V35/><F35/><W24/><G105/><T61/><D73/><U48/><E124/><V126/><F1/><W7/><G101/><T16/><D111/><U20/><E110/><V36/><F36/><W26/><G114/><T116/><D15/><U87/><E69/><V107/><F109/><W67/><G67/><T122/><D122/><U125/><E125/><V80/><F123/><W71/><G71/><T85/><D128/><N who="3" m="49193" /><G59/><T62/><D62/><U4/><E11/><V25/><F126/><W86/><G86/><T37/><D37/><U45/><E94/><V102/><F129/><W65/><G65/><T84/><D132/><U13/><REACH who="1" step="1"/><E20/><REACH who="1" ten="370,203,297,120" step="2"/><V93/><F51/><W33/><G2/><AGARI ba="1,1" hai="2,4,9,13,18,21,28,31,41,45,48,79,83,87" machi="2" ten="30,3900,0" yaku="1,1,2,1,7,1,53,0" doraHai="60" doraHaiUra="49" who="1" fromWho="3" sc="370,0,203,52,297,0,120,-42" /><INIT seed="3,0,0,5,2,102" ten="370,255,297,78" oya="3" hai0="12,52,26,39,127,134,77,73,68,82,121,81,22" hai1="4,118,18,101,78,38,47,48,65,7,113,61,96" hai2="104,17,125,62,119,67,93,110,94,80,69,5,10" hai3="63,91,95,31,44,133,46,72,56,84,1,40,66"/><W13/><G72/><T128/><D121/><U74/><E113/><V49/><F110/><W132/><G1/><T115/><D68/><U117/><E38/><V135/><F119/><N who="1" m="45577" /><E18/><V54/><F135/><W64/><G64/><T57/><D128/><U36/><E36/><V55/><F125/><W35/><G40/><T59/><D82/><N who="1" m="45399" /><E48/><V90/><F104/><W21/><G35/><T129/><D129/><U43/><E47/><V114/><F114/><W16/><REACH who="3" step="1"/><G31/><REACH who="3" ten="370,255,297,68" step="2"/><T107/><D73/><U3/><E3/><V60/><F55/><W37/><G37/><T14/><D39/><U100/><E43/><V105/><F67/><W76/><G76/><T97/><D77/><U23/><E65/><V27/><F54/><W126/><G126/><T20/><D52/><U0/><E0/><V98/><F69/><W108/><G108/><T87/><D127/><U28/><E28/><V75/><F75/><W25/><G25/><T32/><D26/><U89/><E4/><V11/><F27/><W45/><AGARI ba="0,1" hai="13,16,21,44,45,46,56,63,66,84,91,95,132,133" machi="45" ten="30,6000,0" yaku="1,1,0,1,54,1,53,0" doraHai="102" doraHaiUra="106" who="3" fromWho="3" sc="370,-20,255,-20,297,-20,68,70" /><INIT seed="3,1,0,4,3,12" ten="350,235,277,138" oya="3" hai0="63,45,92,16,44,25,60,5,126,123,84,120,124" hai1="34,42,97,8,101,40,53,103,115,88,59,134,36" hai2="90,93,80,9,109,117,131,129,46,132,105,18,127" hai3="22,108,29,11,32,128,106,98,86,64,114,116,72"/><W35/><G114/><T91/><D5/><U39/><E115/><V102/><F109/><W112/><G116/><T113/><D113/><U51/><E34/><V17/><F117/><W49/><G72/><T85/><D92/><N who="1" m="56455" /><E39/><V3/><F132/><W56/><G108/><T0/><D91/><U58/><E36/><V61/><F127/><W89/><G128/><N who="2" m="49225" /><F105/><W121/><G121/><T2/><D25/><U23/><E8/><V48/><F102/><N who="1" m="38921" /><E59/><V52/><F80/><W135/><G98/><T47/><D47/><U21/><E134/><V79/><F79/><W65/><G106/><T26/><D26/><U75/><E75/><V33/><F33/><W70/><G70/><T68/><D68/><U76/><E76/><V100/><F100/><W83/><G135/><T54/><D54/><U118/><E118/><V37/><F37/><W62/><G112/><T87/><D87/><U133/><E133/><V74/><F74/><W14/><G65/><T95/><D95/><U41/><AGARI ba="1,0" hai="21,23,40,41,42,51,53,58" m="38921,56455" machi="41" ten="30,2000,0" yaku="8,1,54,1" doraHai="12" who="1" fromWho="1" sc="350,-6,235,23,277,-6,138,-11" /><INIT seed="4,0,0,4,0,37" ten="344,258,271,127" oya="0" hai0="98,23,78,0,1,55,28,29,7,133,117,40,74" hai1="107,13,131,34,58,8,88,21,59,65,85,105,129" hai2="94,97,43,71,103,69,68,134,2,84,114,26,12" hai3="39,27,14,52,3,31,112,48,83,95,96,99,72"/><T35/><D117/><U50/><E34/><V125/><F114/><W32/><G3/><T5/><D78/><U18/><E65/><V33/><F2/><N who="0" m="1130" /><D98/><U20/><E107/><V123/><F123/><W130/><G112/><T70/><D55/><N who="1" m="32119" /><E105/><V47/><F134/><W87/><G39/><T57/><D57/><U115/><E115/><V91/><F125/><W75/><G130/><N who="1" m="49674" /><E59/><V17/><F26/><W121/><G121/><T104/><D104/><U109/><E109/><V124/><F124/><W64/><G64/><T126/><D70/><U73/><E73/><V101/><F33/><W132/><G132/><T36/><D74/><U89/><E89/><V45/><F45/><W22/><G75/><T54/><D54/><U56/><E56/><V10/><REACH who="2" step="1"/><F97/><REACH who="2" ten="344,258,261,127" step="2"/><W16/><G72/><T106/><D35/><U9/><E21/><V53/><F53/><W6/><G95/><AGARI ba="0,1" hai="8,9,13,18,20,85,88,95" m="49674,32119" machi="95" ten="30,3900,0" yaku="25,1,19,1,54,1" doraHai="37" who="1" fromWho="3" sc="344,0,258,49,261,0,127,-39" /><INIT seed="5,0,0,4,5,119" ten="344,307,261,88" oya="1" hai0="95,48,99,19,51,5,42,130,35,23,70,64,102" hai1="122,116,45,74,85,66,73,126,61,131,17,59,88" hai2="46,133,12,129,10,57,11,93,60,44,41,114,65" hai3="33,37,113,14,125,124,71,32,52,105,68,69,107"/><U92/><E116/><V89/><F129/><W111/><G111/><T4/><D35/><N who="3" m="13385" /><G14/><T127/><D127/><N who="3" m="48713" /><G52/><T77/><D130/><U22/><E126/><V97/><F133/><W135/><G135/><T86/><D70/><U34/><E34/><V1/><F1/><W106/><G113/><T100/><D102/><U117/><E131/><V109/><F109/><W30/><G30/><T20/><D64/><U3/><E3/><V6/><F114/><W132/><G132/><T123/><D23/><U82/><E45/><V8/><REACH who="2" step="1"/><F46/><REACH who="2" ten="344,307,251,88" step="2"/><W104/><N who="3" m="26624" /><DORA hai="38" /><W28/><G28/><T62/><D20/><U115/><E115/><V84/><F84/><W50/><G50/><AGARI ba="0,1" hai="6,8,10,11,12,41,44,50,57,60,65,89,93,97" machi="50" ten="30,7700,0" yaku="1,1,7,1,8,1,52,1,53,0" doraHai="119,38" doraHaiUra="24,134" who="2" fromWho="3" sc="344,0,307,0,251,87,88,-77" /><INIT seed="6,0,0,4,4,17" ten="344,307,338,11" oya="2" hai0="33,16,116,19,68,123,41,28,32,113,20,51,13" hai1="74,6,45,96,23,24,22,80,14,133,53,52,82" hai2="48,67,114,88,66,77,122,110,132,27,25,93,131" hai3="78,7,120,99,29,128,106,18,105,118,84,8,11"/><V57/><F122/><W54/><G120/><T47/><D68/><U72/><E72/><V12/><F114/><W31/><G118/><T129/><D123/><U112/><E112/><V126/><F132/><W65/><G128/><T81/><D113/><U3/><E3/><V49/><F131/><W1/><G65/><T125/><D129/><U85/><E74/><V94/><F126/><W124/><G124/><T109/><D125/><U127/><E133/><V56/><F110/><W117/><G117/><T30/><D116/><U83/><E127/><V15/><REACH who="2" step="1"/><F88/><REACH who="2" ten="344,307,328,11" step="2"/><W79/><G79/><AGARI ba="0,1" hai="12,15,25,27,48,49,56,57,66,67,77,79,93,94" machi="79" ten="25,12000,1" yaku="1,1,2,1,22,2,8,1,53,0" doraHai="17" doraHaiUra="134" who="2" fromWho="3" sc="344,0,307,0,328,130,11,-120" owari="344,14.4,307,-9.3,458,55.8,-109,-60.9" /></mjloggm>