<mjloggm ver="2.3"><GO type="41" lobby="0"/><UN n0="%6D%74%6D%69" n1="%E3%81%8A%E3%81%84%E3%82%82%E5%A7%AB" n2="%E3%82%AA%E3%83%83%E3%83%91%E3%83%83%E3%83%94%E3%82%A4%E3%83%BC" n3="%E2%93%9D%4C%75%63%6B%79%4A" dan="13,14,13,17" rate="1897.10,1956.17,1914.37,2146.77" sx="M,M,M,M"/><TAIKYOKU oya="0"/><INIT seed="0,0,0,5,3,7" ten="250,250,250,250" oya="0" hai0="101,70,80,106,96,130,113,92,56,103,109,89,118" hai1="84,125,87,66,95,31,0,79,59,54,47,73,27" hai2="114,58,98,17,63,120,8,37,62,111,50,55,97" hai3="124,53,2,57,51,35,71,26,15,76,52,18,19"/><T135/><D70/><U90/><E125/><V41/><F111/><W110/><G2/><T78/><D113/><U29/><E0/><V12/><F114/><W30/><G124/><T16/><D118/><U122/><E122/><V40/><F120/><W77/><G71/><T93/><D130/><U126/><E126/><V34/><F34/><W1/><G1/><T129/><D129/><U121/><E121/><V22/><F37/><W99/><G19/><T75/><D135/><U36/><E66/><V11/><F63/><W82/><G110/><T86/><D109/><U4/><E4/><V107/><F107/><W6/><G6/><T85/><D56/><U74/><E36/><V102/><F102/><W127/><G127/><T88/><D16/><U39/><E39/><V9/><REACH who="2" step="1"/><F62/><REACH who="2" ten="250,250,240,250" step="2"/><W91/><G35/><T44/><D44/><U3/><E47/><V123/><F123/><W24/><G57/><T81/><D103/><U64/><E59/><V43/><AGARI ba="0,1" hai="8,9,11,12,17,22,40,41,43,50,55,58,97,98" machi="43" ten="30,12000,2" yaku="1,1,0,1,8,1,52,3,53,1" doraHai="7" doraHaiUra="14" who="2" fromWho="2" sc="250,-60,250,-30,240,130,250,-30" /><INIT seed="1,0,0,4,0,88" ten="190,220,370,220" oya="1" hai0="63,78,97,90,50,34,74,108,42,66,102,71,9" hai1="105,75,4,17,38,59,32,55,62,92,33,77,107" hai2="23,116,44,41,49,101,125,35,19,8,18,98,128" hai3="25,16,60,91,104,70,72,119,89,121,64,106,53"/><U61/><E38/><V29/><F116/><W56/><G121/><T103/><D108/><U6/><E75/><V13/><F125/><W54/><G72/><T110/><D110/><U87/><E17/><V83/><F128/><W0/><G0/><T85/><D34/><U122/><E122/><V135/><F135/><W11/><G119/><T52/><D42/><U51/><E51/><V5/><F83/><W31/><G106/><T114/><D114/><U12/><E12/><V7/><F35/><W79/><G79/><T22/><D22/><U99/><E77/><V21/><F29/><W112/><G104/><T30/><D30/><U57/><E87/><V127/><F127/><W73/><G70/><T109/><D9/><U1/><E99/><V131/><F131/><W65/><G65/><T39/><D39/><U84/><E84/><V111/><F111/><W20/><G112/><T3/><D3/><U133/><E55/><N who="3" m="21002" /><G73/><T132/><D132/><U118/><E133/><V86/><F86/><W28/><G31/><T95/><D109/><U123/><E123/><V81/><F81/><W37/><G37/><T40/><D40/><U100/><E100/><V93/><F8/><W115/><G115/><T126/><D126/><U15/><E1/><V76/><F76/><W124/><G124/><T43/><D43/><U68/><E68/><V94/><F94/><W27/><G11/><T58/><REACH who="0" step="1"/><D74/><REACH who="0" ten="180,220,370,220" step="2"/><U24/><E118/><V36/><F36/><W120/><G120/><T117/><D117/><U26/><E15/><AGARI ba="0,1" hai="5,7,13,15,18,19,21,23,41,44,49,93,98,101" machi="15" ten="30,7700,0" yaku="7,1,9,1,8,1,52,1" doraHai="88" who="2" fromWho="1" sc="180,0,220,-77,370,87,220,0" /><INIT seed="2,0,0,1,0,58" ten="180,143,457,220" oya="2" hai0="46,113,56,100,14,124,112,74,12,6,15,125,50" hai1="103,99,83,5,88,24,108,47,32,55,94,68,59" hai2="21,129,57,97,20,114,134,82,120,70,17,51,76" hai3="73,1,110,71,41,13,9,29,42,37,3,40,18"/><V117/><F120/><W67/><G73/><T38/><D74/><U89/><E108/><V4/><F117/><W122/><G122/><T62/><D38/><U65/><E68/><V7/><F70/><W111/><G29/><T84/><D100/><U109/><E109/><N who="3" m="41482" /><G37/><T0/><D0/><N who="3" m="73" /><G67/><T72/><D72/><U53/><E5/><V22/><F114/><W132/><G71/><T43/><D6/><U101/><E47/><V98/><F134/><AGARI ba="0,0" hai="9,13,18,40,41,42,132,134" m="73,41482" machi="134" ten="40,1300,0" yaku="14,1" doraHai="58" who="3" fromWho="2" sc="180,0,143,0,457,-13,220,13" /><INIT seed="3,0,0,2,1,131" ten="180,143,444,233" oya="3" hai0="44,42,126,21,103,97,86,128,90,53,4,132,5" hai1="23,58,10,55,114,36,115,81,89,37,100,119,62" hai2="29,25,14,91,120,129,56,63,96,65,121,48,24" hai3="22,15,127,40,11,106,107,2,30,109,124,87,108"/><W47/><G22/><T101/><D128/><U64/><E119/><V92/><F129/><W70/><G30/><T75/><D75/><U104/><E104/><N who="3" m="39978" /><G87/><T71/><D126/><N who="3" m="48169" /><G70/><T134/><D71/><U94/><E100/><V7/><F48/><N who="3" m="26727" /><G2/><T51/><D42/><U52/><E81/><V16/><F7/><AGARI ba="0,0" hai="7,11,15,108,109" m="26727,48169,39978" machi="7" ten="40,2000,0" yaku="18,1" doraHai="131" who="3" fromWho="2" sc="180,0,143,0,444,-20,233,20" /><INIT seed="3,1,0,5,0,75" ten="180,143,424,253" oya="3" hai0="61,62,12,19,109,129,79,7,122,44,134,120,111" hai1="15,91,37,82,36,11,8,58,86,87,71,99,26" hai2="97,34,84,110,33,29,38,133,57,54,78,43,69" hai3="65,76,83,53,77,67,42,51,49,115,66,101,128"/><W102/><G115/><T50/><D7/><U68/><E26/><V41/><F110/><W47/><G128/><T14/><D134/><U100/><E58/><V2/><F2/><W108/><G108/><T123/><D111/><U89/><E99/><V52/><F69/><W95/><G83/><T70/><D109/><U23/><E100/><N who="3" m="38506" /><G95/><T88/><D129/><U114/><E114/><V116/><F116/><W13/><G13/><T63/><D70/><U74/><E74/><V46/><F41/><W105/><G105/><T24/><D24/><U117/><E23/><V118/><F118/><W16/><G16/><T22/><D12/><U103/><E103/><V121/><F133/><W0/><G0/><T126/><D126/><U48/><E48/><V131/><F131/><W113/><G113/><T85/><D79/><N who="3" m="30281" /><G51/><T60/><N who="0" m="15360" /><DORA hai="107" /><T104/><D104/><U28/><E15/><V5/><F38/><W40/><AGARI ba="1,0" hai="40,42,47,49,53,65,66,67" m="30281,38506" machi="40" ten="40,12000,1" yaku="8,1,52,3" doraHai="75,107" who="3" fromWho="3" sc="180,-41,143,-41,424,-41,253,123" /><INIT seed="3,2,0,4,2,13" ten="139,102,383,376" oya="3" hai0="33,114,112,27,6,11,38,21,28,123,108,32,16" hai1="54,60,51,79,134,66,135,30,107,37,68,45,9" hai2="43,26,86,97,71,95,5,77,53,73,55,121,85" hai3="49,133,76,15,88,23,99,1,22,35,24,83,18"/><W104/><G1/><N who="0" m="463" /><D38/><U78/><E107/><V128/><F71/><W90/><G35/><N who="0" m="20895" /><D123/><U124/><E9/><V64/><F128/><W111/><G133/><N who="1" m="50698" /><E30/><V34/><F64/><W72/><G111/><T19/><D108/><U127/><E79/><V84/><F43/><W125/><G125/><N who="1" m="48202" /><E78/><V48/><F77/><W67/><G67/><T2/><D2/><U96/><E96/><V57/><F97/><W91/><G49/><T109/><D109/><U120/><E37/><V8/><F73/><W70/><G70/><T106/><D106/><U62/><E62/><V105/><F121/><AGARI ba="2,0" hai="45,51,54,60,66,68,120,121" m="48202,50698" machi="121" ten="30,7700,0" yaku="20,1,18,1,34,2" doraHai="13" who="1" fromWho="2" sc="139,0,102,83,383,-83,376,0" /><INIT seed="4,0,0,3,5,18" ten="139,185,300,376" oya="0" hai0="45,90,85,44,69,54,5,12,93,1,73,121,101" hai1="116,48,117,21,34,77,58,110,63,61,38,134,17" hai2="98,88,109,28,14,62,106,46,22,89,64,68,57" hai3="37,71,20,87,6,76,32,36,82,79,66,133,86"/><T132/><D121/><U122/><E122/><V104/><F109/><W0/><G32/><T42/><D1/><U9/><E38/><V94/><F89/><W35/><G35/><T52/><D73/><U80/><E110/><V125/><F125/><W25/><G133/><T7/><D69/><U65/><E34/><V39/><F68/><W16/><G0/><T4/><D132/><U130/><E130/><V135/><F135/><W10/><G66/><T108/><D108/><U105/><E105/><V55/><F55/><N who="0" m="21034" /><D42/><U72/><E9/><V127/><F127/><W102/><G102/><T19/><D101/><U91/><E48/><V84/><F98/><W33/><G33/><T43/><D43/><U8/><E8/><AGARI ba="0,0" hai="4,5,7,8,12,19,44,45,85,90,93" m="21034" machi="8" ten="30,2900,0" yaku="8,1,54,1" doraHai="18" who="0" fromWho="1" sc="139,29,185,-29,300,0,376,0" /><INIT seed="4,1,0,1,4,53" ten="168,156,300,376" oya="0" hai0="64,10,69,91,14,3,106,85,92,113,7,52,95" hai1="39,37,135,27,77,0,71,107,25,96,43,94,82" hai2="62,4,97,59,122,44,45,124,131,56,5,18,132" hai3="109,67,11,93,116,101,33,34,47,98,61,54,60"/><T21/><D106/><U66/><E135/><V86/><F132/><W123/><G109/><T58/><D113/><U76/><E107/><V118/><F122/><W40/><G116/><T15/><D69/><U74/><E77/><V72/><F72/><W87/><G123/><T50/><D64/><U17/><E0/><V26/><F118/><W41/><G11/><T90/><REACH who="0" step="1"/><D21/><REACH who="0" ten="158,156,300,376" step="2"/><U112/><E66/><V23/><F131/><W68/><G67/><T48/><D48/><U84/><E71/><V73/><F62/><W42/><G61/><T110/><D110/><U49/><E49/><V130/><F23/><W117/><G68/><T35/><D35/><U121/><E112/><V134/><F134/><W55/><G34/><T127/><D127/><U125/><E125/><V12/><F130/><W114/><G33/><T31/><D31/><U80/><E39/><V16/><F124/><W111/><G114/><T13/><D13/><U38/><E37/><V129/><F12/><W8/><G111/><T105/><D105/><U83/><E38/><V75/><F129/><W89/><G117/><T30/><D30/><U6/><E121/><V63/><F63/><W20/><G20/><T79/><D79/><U28/><E76/><V1/><F26/><W126/><G126/><T120/><D120/><U2/><E27/><V22/><F22/><W65/><G65/><T108/><D108/><U103/><E25/><V32/><F32/><W119/><G119/><T70/><D70/><U24/><E24/><V9/><F18/><W46/><G60/><T57/><D57/><U115/><E17/><RYUUKYOKU ba="1,1" sc="158,30,156,-10,300,-10,376,-10" hai0="3,7,10,14,15,50,52,58,85,90,91,92,95" /><INIT seed="4,2,1,1,4,98" ten="188,146,290,366" oya="0" hai0="45,130,62,85,5,65,79,42,93,72,114,18,48" hai1="115,69,122,127,31,2,73,30,125,33,50,88,131" hai2="99,76,36,75,19,20,55,66,113,124,54,25,102" hai3="43,9,49,103,10,126,22,110,32,37,34,86,47"/><T132/><D114/><U64/><E122/><V53/><F113/><W118/><G118/><T63/><D130/><U46/><E2/><V129/><F129/><W56/><G110/><T121/><D121/><U16/><E73/><V1/><F1/><W0/><G22/><T8/><D72/><U51/><E131/><V41/><F124/><N who="1" m="47689" /><E33/><V109/><F109/><W94/><G126/><T70/><D132/><U80/><E115/><V13/><F66/><W90/><G34/><T78/><D18/><U96/><E51/><V21/><F36/><W15/><G32/><T7/><D63/><N who="1" m="40095" /><E16/><V4/><F41/><W12/><G0/><T61/><D61/><U117/><E117/><V77/><F75/><W6/><G37/><T3/><REACH who="0" step="1"/><D5/><REACH who="0" ten="178,146,290,366" step="2"/><U84/><E96/><V111/><F4/><W108/><G108/><T82/><D82/><U112/><E112/><V97/><F111/><W100/><G56/><T24/><D24/><U87/><E84/><V58/><F25/><W39/><G39/><T91/><AGARI ba="2,2" hai="3,7,8,42,45,48,62,65,70,78,79,85,91,93" machi="91" ten="30,3000,0" yaku="1,1,0,1,53,0" doraHai="98" doraHaiUra="128" who="0" fromWho="0" sc="178,56,146,-12,290,-12,366,-12" /><INIT seed="4,3,0,1,4,125" ten="234,134,278,354" oya="0" hai0="30,60,6,132,34,92,86,81,130,74,101,31,88" hai1="78,127,118,21,80,71,122,123,11,83,55,10,15" hai2="70,54,120,49,119,105,106,100,82,85,18,103,2" hai3="110,114,3,26,0,95,35,56,22,58,13,91,23"/><T42/><D132/><U45/><E127/><V40/><F70/><W32/><G91/><T89/><D101/><U79/><E118/><V57/><F2/><N who="3" m="555" /><G58/><T44/><D6/><U59/><E71/><V24/><F120/><W104/><G56/><T8/><D8/><U68/><E68/><V73/><F73/><W38/><G95/><T109/><D109/><U36/><E36/><V75/><F75/><W77/><G77/><T9/><D9/><U111/><E111/><V66/><F119/><W5/><G38/><T126/><D126/><U90/><E90/><V16/><F66/><W47/><G47/><T107/><D107/><U25/><E45/><V131/><F40/><W62/><G62/><T4/><D4/><U76/><E122/><V53/><F57/><W65/><G114/><T113/><D113/><U1/><E1/><V133/><F133/><W98/><G98/><T69/><D34/><N who="3" m="12841" /><G65/><T52/><D130/><U64/><E64/><V102/><F131/><W12/><G104/><T129/><D129/><U84/><E123/><V72/><F106/><W116/><G116/><T50/><D74/><U48/><E83/><V99/><F72/><W128/><G128/><T46/><D69/><U43/><E43/><V108/><F108/><W134/><G134/><T14/><D60/><U94/><E94/><V96/><F105/><W93/><G93/><T87/><REACH who="0" step="1"/><D14/><REACH who="0" ten="224,134,278,354" step="2"/><N who="3" m="5737" /><G110/><T61/><D61/><U29/><E11/><V28/><F103/><W20/><G5/><AGARI ba="3,1" hai="5,10,15,21,25,29,48,55,59,76,78,79,80,84" machi="5" ten="30,2000,0" yaku="7,1,8,1" doraHai="125" who="1" fromWho="3" sc="224,0,134,39,278,0,354,-29" /><INIT seed="5,0,0,0,0,133" ten="224,173,278,325" oya="1" hai0="98,18,118,28,62,109,107,6,37,95,2,100,1" hai1="106,116,123,61,81,93,65,92,82,38,54,46,10" hai2="29,73,16,32,66,83,11,57,19,103,102,33,55" hai3="96,12,17,34,22,4,78,89,113,91,69,47,58"/><U112/><E123/><V14/><F66/><W111/><G34/><T70/><D109/><U97/><E116/><V134/><F134/><W50/><G69/><T53/><D37/><U40/><E112/><V135/><F135/><W21/><G113/><T90/><D118/><U7/><E106/><V56/><F29/><W25/><G78/><T63/><D63/><U26/><E26/><V85/><F73/><W125/><G4/><T99/><D6/><U23/><E23/><V87/><F55/><W84/><G96/><T68/><D68/><U127/><E127/><V71/><F71/><W3/><G3/><T129/><D129/><U126/><E54/><V45/><F14/><W115/><G125/><T110/><D18/><U41/><E41/><V20/><F20/><W131/><G131/><T79/><D53/><U121/><E126/><V86/><F86/><W8/><G111/><T67/><D79/><U108/><E108/><V13/><F13/><W76/><G58/><T39/><D39/><U75/><E121/><V120/><F120/><W48/><G22/><T0/><D110/><U117/><E117/><V15/><F15/><W119/><G115/><T9/><D9/><U122/><E122/><V44/><F11/><W27/><G27/><T51/><D51/><N who="3" m="19497" /><G47/><T35/><D0/><N who="1" m="359" /><E75/><V105/><REACH who="2" step="1"/><F105/><REACH who="2" ten="224,173,268,325" step="2"/><W36/><G119/><T31/><D28/><U72/><E72/><V43/><F43/><W114/><G114/><T60/><REACH who="0" step="1"/><D62/><REACH who="0" ten="214,173,268,325" step="2"/><U132/><E132/><V42/><F42/><W49/><G8/><T101/><D101/><N who="1" m="60583" /><E93/><V24/><F24/><AGARI ba="0,2" hai="1,2,24,31,35,60,67,70,90,95,98,99,100,107" machi="24" ten="40,8000,1" yaku="1,1,25,2,53,1" doraHai="133" doraHaiUra="88" who="0" fromWho="2" sc="214,100,173,0,268,-80,325,0" /><INIT seed="6,0,0,5,4,101" ten="314,173,188,325" oya="2" hai0="88,35,29,44,15,58,135,22,123,132,23,114,85" hai1="70,102,28,51,109,3,76,20,43,118,6,41,11" hai2="45,54,98,86,0,12,19,56,10,95,27,78,66" hai3="103,46,83,1,50,69,108,93,91,112,13,128,62"/><V96/><F0/><W2/><G108/><T107/><D123/><U31/><E109/><V122/><F122/><W67/><G128/><T120/><D120/><U111/><E111/><V84/><F66/><W17/><G103/><T36/><D35/><U125/><E125/><V113/><F113/><W65/><G67/><T47/><D114/><U75/><E118/><V21/><F45/><W105/><G105/><T133/><D22/><U4/><E4/><V104/><F104/><W129/><G83/><T68/><D68/><U39/><E70/><V57/><F57/><W81/><G81/><T110/><D110/><U119/><E119/><V14/><F14/><W61/><G62/><T49/><D58/><U106/><E51/><V131/><F131/><W9/><G129/><T115/><D36/><U71/><E71/><V97/><F95/><W48/><G50/><T124/><D124/><U34/><E20/><V37/><F78/><W134/><G134/><T100/><D49/><U92/><E92/><V126/><F37/><W90/><G112/><T59/><D59/><U77/><E77/><V79/><F79/><W24/><G24/><N who="0" m="16543" /><D115/><U60/><E60/><N who="2" m="35863" /><F126/><W116/><G116/><T42/><D42/><N who="1" m="15883" /><E34/><V32/><F32/><W18/><G93/><N who="0" m="54415" /><D15/><U8/><E39/><V5/><AGARI ba="0,0" hai="5,10,12,19,21,27,84,86,96,97,98" m="35863" machi="5" ten="30,1500,0" yaku="8,1" doraHai="101" who="2" fromWho="2" sc="314,-5,173,-5,188,15,325,-5" /><INIT seed="6,1,0,1,3,112" ten="309,168,203,320" oya="2" hai0="52,18,67,26,59,69,123,39,10,116,38,78,127" hai1="79,87,1,105,66,73,32,22,93,131,62,41,128" hai2="0,89,82,120,14,119,80,45,63,44,86,47,50" hai3="11,3,95,9,130,85,29,56,100,53,96,110,43"/><V71/><F0/><W7/><G110/><T35/><D123/><U92/><E32/><V36/><F120/><W58/><G130/><N who="1" m="49706" /><E1/><V34/><F34/><W51/><G43/><T28/><D78/><U101/><E41/><V104/><F104/><W97/><G11/><T129/><D127/><U30/><E22/><V102/><F102/><W88/><G29/><T117/><D67/><U8/><E8/><V31/><F31/><W46/><REACH who="3" step="1"/><G97/><REACH who="3" ten="309,168,203,310" step="2"/><T98/><D98/><N who="1" m="61623" /><E30/><V4/><F36/><W15/><G15/><N who="0" m="7543" /><D129/><U6/><E6/><V61/><F4/><W126/><G126/><T76/><D69/><U77/><E73/><V70/><F14/><W106/><AGARI ba="1,1" hai="3,7,9,46,51,53,56,58,85,88,95,96,100,106" machi="106" ten="20,5200,0" yaku="1,1,0,1,7,1,54,1,53,0" doraHai="112" doraHaiUra="132" who="3" fromWho="3" sc="309,-14,168,-14,203,-27,310,65" /><INIT seed="7,0,0,2,1,95" ten="295,154,176,375" oya="3" hai0="16,90,8,5,33,35,73,109,40,106,0,46,83" hai1="27,7,36,74,93,66,86,118,117,12,80,42,20" hai2="61,84,123,68,121,127,92,72,78,38,115,81,24" hai3="79,120,51,135,114,70,57,128,11,54,19,77,119"/><W76/><G19/><T1/><D109/><U53/><E74/><V82/><F38/><W71/><G54/><T104/><D0/><U132/><E132/><V60/><F68/><W64/><G79/><T101/><D90/><U103/><E53/><V100/><F24/><W88/><G64/><T69/><D69/><U28/><E7/><V44/><F44/><W133/><G11/><T17/><D106/><U111/><E111/><V14/><F14/><W63/><G63/><T124/><D124/><U126/><E126/><V65/><F127/><W67/><G67/><T59/><D59/><U105/><E105/><V30/><F30/><W112/><G114/><T99/><D17/><U107/><E107/><V108/><F115/><W52/><G71/><T116/><D16/><N who="1" m="10247" /><E66/><V39/><F39/><W91/><G70/><T48/><D116/><N who="1" m="44651" /><E42/><V125/><F108/><W6/><G6/><T87/><REACH who="0" step="1"/><D73/><REACH who="0" ten="285,154,176,375" step="2"/><U131/><E131/><V13/><F125/><W122/><G119/><T85/><D85/><U97/><E36/><V9/><F72/><W110/><G110/><T3/><D3/><U113/><E113/><V41/><F84/><W130/><G112/><T43/><D43/><U75/><E75/><V94/><F41/><W26/><G130/><T15/><D15/><U37/><E37/><V55/><F13/><W56/><G128/><T89/><AGARI ba="0,1" hai="1,5,8,33,35,40,46,48,83,87,89,99,101,104" machi="89" ten="20,8000,1" yaku="1,1,0,1,7,1,52,1,53,1" doraHai="95" doraHaiUra="96" who="0" fromWho="0" sc="285,90,154,-20,176,-20,375,-40" owari="375,47.5,134,-36.6,156,-24.4,335,13.5" /></mjloggm>