<mjloggm ver="2.3"><GO type="41" lobby="0"/><UN n0="%E5%A4%A7%E6%A8%B9%E6%B0%B7%EF%BC%92%EF%BC%95%EF%BC%85" n1="%E2%93%9D%4C%75%63%6B%79%4A" n2="%6A%75%6E%7A%7A%7A" n3="%4A%41%56%41" dan="14,15,15,14" rate="1887.95,2136.67,1934.75,1998.37" sx="M,M,M,M"/><TAIKYOKU oya="0"/><INIT seed="0,0,0,3,3,35" ten="250,250,250,250" oya="0" hai0="73,134,31,93,113,30,92,62,68,130,99,33,84" hai1="108,64,127,70,98,129,105,51,45,53,104,85,71" hai2="47,38,91,21,122,126,120,27,95,81,76,59,96" hai3="100,60,77,102,28,26,118,63,97,4,48,13,10"/><T131/><D113/><U115/><E115/><V17/><F126/><W125/><G125/><T55/><D73/><U44/><E127/><V86/><F38/><W6/><G118/><T110/><D134/><U32/><E32/><V61/><REACH who="2" step="1"/><F47/><REACH who="2" ten="250,250,240,250" step="2"/><W82/><G6/><T117/><D117/><U87/><E45/><V67/><AGARI ba="0,1" hai="17,21,27,59,61,67,76,81,86,91,95,96,120,122" machi="67" ten="20,8000,1" yaku="1,1,2,1,0,1,7,1,53,1" doraHai="35" doraHaiUra="72" who="2" fromWho="2" sc="250,-40,250,-20,240,90,250,-20" /><INIT seed="1,0,0,2,4,100" ten="210,230,330,230" oya="1" hai0="18,27,34,99,102,130,6,126,41,122,15,101,44" hai1="118,43,113,116,80,89,104,93,134,42,51,114,68" hai2="70,66,73,69,21,88,115,112,84,20,105,49,110" hai3="8,85,133,25,86,129,82,59,98,40,56,91,13"/><U10/><E68/><V90/><F73/><W57/><G129/><T24/><D126/><U124/><E10/><V61/><F69/><W111/><G111/><T92/><D130/><U39/><E80/><V50/><F110/><W2/><G2/><T107/><D34/><U16/><E93/><V95/><F105/><W131/><G133/><T87/><D6/><U11/><E89/><V60/><F60/><W71/><G71/><T123/><D87/><U75/><E75/><V74/><F90/><W53/><G40/><T125/><D125/><U54/><E104/><V72/><F74/><W4/><G25/><T28/><D28/><U23/><E11/><V128/><F72/><W78/><G98/><T35/><D35/><U22/><E124/><V67/><F67/><W7/><G7/><T94/><D92/><U52/><E51/><N who="2" m="19467" /><F128/><W77/><G131/><T109/><D109/><U9/><E9/><V121/><F121/><N who="0" m="46090" /><D101/><U31/><E31/><V119/><F119/><W55/><REACH who="3" step="1"/><G78/><REACH who="3" ten="210,230,330,220" step="2"/><T38/><D94/><AGARI ba="0,1" hai="4,8,13,53,55,56,57,59,77,82,85,86,91,94" machi="94" ten="40,5200,0" yaku="1,1,2,1,8,1,53,0" doraHai="100" doraHaiUra="64" who="3" fromWho="0" sc="210,-52,230,0,330,0,220,62" /><INIT seed="2,0,0,0,5,59" ten="158,230,330,282" oya="2" hai0="78,16,107,46,56,0,50,64,87,118,93,134,11" hai1="33,121,42,55,86,49,58,39,122,15,9,6,38" hai2="54,103,62,41,36,4,47,113,18,114,43,129,26" hai3="32,52,66,25,71,13,20,97,84,67,31,83,89"/><V35/><F129/><W80/><G80/><T135/><D107/><U111/><E33/><V133/><F133/><W48/><G71/><T3/><D118/><U28/><E28/><V109/><F109/><W79/><G32/><T98/><D3/><U19/><E111/><V7/><F41/><W74/><G13/><T125/><D125/><U57/><E86/><V61/><F103/><W126/><G126/><T8/><D11/><U44/><E58/><V94/><F94/><N who="3" m="56527" /><G74/><T91/><D0/><U29/><E29/><V101/><F101/><W34/><G34/><T22/><D8/><U5/><REACH who="1" step="1"/><E39/><REACH who="1" ten="158,220,330,282" step="2"/><V117/><F35/><W76/><G79/><T40/><D134/><U37/><E37/><V95/><F36/><W72/><G72/><T45/><D135/><U51/><E51/><V92/><F117/><W104/><G104/><T53/><D87/><U1/><E1/><V110/><F110/><W10/><G84/><T14/><D78/><U124/><E124/><V77/><F77/><W132/><G132/><T130/><D130/><U81/><E81/><V24/><F47/><N who="3" m="27679" /><G83/><T128/><D128/><U116/><E116/><V127/><F127/><W60/><G76/><T102/><D102/><U23/><E23/><V108/><F108/><W88/><G31/><T106/><D106/><U70/><E70/><V30/><F30/><W21/><G21/><T27/><D14/><U96/><E96/><V82/><F82/><W2/><G20/><T68/><D40/><U112/><E112/><V90/><F43/><W65/><G2/><T73/><D73/><U12/><E12/><RYUUKYOKU ba="0,1" sc="158,15,220,15,330,-15,282,-15" hai0="16,22,27,45,46,50,53,56,64,68,91,93,98" hai1="5,6,9,15,19,38,42,44,49,55,57,121,122" /><INIT seed="3,1,1,4,3,48" ten="173,235,315,267" oya="3" hai0="53,61,119,29,95,109,124,39,78,91,42,67,5" hai1="94,38,2,112,100,17,43,105,28,73,131,126,46" hai2="57,18,62,135,60,117,25,7,75,104,84,98,107" hai3="4,89,65,44,13,63,47,24,97,52,14,70,45"/><W127/><G127/><T15/><D119/><U133/><E112/><V34/><F117/><W22/><G97/><T8/><D109/><U106/><E28/><V55/><F75/><W111/><G89/><T41/><D39/><U23/><E2/><V68/><F135/><W31/><G111/><T130/><D130/><U129/><E73/><V58/><F7/><W49/><REACH who="3" step="1"/><G4/><REACH who="3" ten="173,235,315,257" step="2"/><T0/><D124/><U9/><E126/><V19/><F98/><W27/><G27/><T86/><D78/><U113/><E131/><V40/><F25/><W85/><G85/><T11/><D29/><U83/><E129/><V118/><F84/><W12/><AGARI ba="1,2" hai="12,13,14,22,24,31,44,45,47,49,52,63,65,70" machi="12" ten="30,11700,0" yaku="1,1,0,1,52,1,54,1,53,0" doraHai="48" doraHaiUra="74" who="3" fromWho="3" sc="173,-40,235,-40,315,-40,257,140" /><INIT seed="3,2,0,5,3,22" ten="133,195,275,397" oya="3" hai0="98,77,62,124,88,1,105,110,117,69,35,125,130" hai1="85,15,41,99,49,50,74,25,11,135,95,78,38" hai2="37,6,87,114,27,101,132,34,128,93,96,46,61" hai3="70,91,53,8,113,24,66,58,3,89,28,30,108"/><W129/><G113/><T12/><D117/><U106/><E106/><V81/><F114/><W107/><G107/><T92/><D110/><U112/><E74/><V72/><F128/><W40/><G129/><T122/><D1/><U2/><E2/><V68/><F132/><W7/><G108/><T80/><D122/><U76/><E38/><V29/><F72/><W39/><G66/><T57/><D69/><U71/><E71/><V120/><F120/><W10/><G8/><T33/><D12/><U26/><E135/><V45/><F6/><W67/><G67/><T97/><D97/><U111/><E41/><V19/><F37/><W75/><G75/><T56/><D56/><U116/><E116/><V52/><F19/><W18/><G70/><T118/><D118/><U86/><E112/><V90/><REACH who="2" step="1"/><F68/><REACH who="2" ten="133,195,265,397" step="2"/><W47/><G18/><T127/><D130/><U131/><E131/><V63/><F63/><W20/><REACH who="3" step="1"/><G30/><REACH who="3" ten="133,195,265,387" step="2"/><T123/><D123/><U83/><E111/><V121/><F121/><W115/><G115/><T100/><D62/><AGARI ba="2,2" hai="3,7,10,20,24,28,39,40,47,53,58,62,89,91" machi="62" ten="30,11600,0" yaku="1,1,7,1,52,1,53,1" doraHai="22" doraHaiUra="54" who="3" fromWho="0" sc="133,-122,195,0,265,0,387,142" /><INIT seed="3,3,0,5,3,50" ten="11,195,265,529" oya="3" hai0="82,0,88,67,132,69,110,100,94,108,117,17,21" hai1="5,73,3,72,40,106,35,16,83,53,25,120,102" hai2="23,15,70,76,130,37,92,129,61,12,1,126,121" hai3="97,74,111,116,101,30,10,84,105,75,29,131,32"/><W18/><G116/><T52/><D0/><U127/><E40/><V89/><F37/><W44/><G131/><N who="2" m="50185" /><F1/><W91/><G44/><T124/><D117/><U9/><E120/><V96/><F121/><W59/><G32/><T134/><D124/><U98/><E127/><V54/><F126/><W119/><G119/><T56/><D82/><U93/><E106/><V123/><F123/><W19/><G75/><T14/><D100/><U42/><E42/><V20/><F76/><W125/><G74/><T104/><D104/><U2/><E3/><V64/><F54/><W58/><G125/><T85/><D67/><U68/><E68/><V99/><F99/><W13/><G19/><T49/><D69/><U86/><E53/><V45/><F45/><W11/><G11/><T28/><D28/><U33/><E35/><V77/><F77/><W78/><G78/><T39/><D39/><U80/><E33/><V81/><F81/><W27/><G111/><AGARI ba="3,0" hai="14,17,21,49,52,56,85,88,94,108,110,111,132,134" machi="111" ten="40,12000,2" yaku="25,2,14,1,52,1,54,2" doraHai="50" who="0" fromWho="3" sc="11,129,195,0,265,0,529,-129" /><INIT seed="4,0,0,1,1,72" ten="140,195,265,400" oya="0" hai0="129,97,35,94,79,98,27,89,14,51,64,76,58" hai1="45,16,80,5,113,3,134,121,69,130,47,26,68" hai2="22,54,133,11,101,109,34,118,83,19,75,43,85" hai3="31,88,42,82,86,15,93,128,32,63,111,13,78"/><T119/><D119/><U105/><E121/><V77/><F109/><W99/><G111/><T124/><D129/><U55/><E105/><V9/><F118/><W21/><G128/><T112/><D112/><U90/><E130/><V29/><F133/><W40/><G32/><T66/><D124/><U20/><E134/><V73/><F43/><N who="3" m="16427" /><G63/><T127/><D127/><U2/><E5/><V33/><F101/><W7/><G7/><T57/><D98/><U84/><E113/><V102/><F102/><W46/><G46/><T132/><D132/><U52/><E47/><V4/><F11/><W120/><G120/><T23/><D35/><U38/><E38/><V6/><F6/><W37/><G37/><T62/><D14/><U41/><E69/><V125/><F125/><W108/><G108/><T106/><D106/><U67/><E67/><V100/><F100/><W10/><G10/><T65/><D51/><U117/><E68/><V107/><F107/><W44/><G44/><T96/><D96/><U24/><E117/><V12/><F54/><W116/><G116/><T91/><D89/><U110/><E110/><V104/><F104/><W53/><G53/><N who="0" m="34095" /><D58/><U81/><E55/><V61/><F61/><W56/><G56/><T123/><D123/><U115/><E115/><V122/><F122/><W114/><G114/><T25/><D25/><AGARI ba="0,0" hai="13,15,21,25,31,78,82,86,88,93,99" m="16427" machi="25" ten="30,3900,0" yaku="8,1,52,1,54,1" doraHai="72" who="3" fromWho="0" sc="140,-39,195,0,265,0,400,39" /><INIT seed="5,0,0,0,3,99" ten="101,195,265,439" oya="1" hai0="37,50,134,41,118,123,54,6,135,15,5,35,55" hai1="67,104,108,78,39,27,73,40,133,71,1,128,89" hai2="46,13,26,8,109,111,115,124,131,72,43,75,70" hai3="23,47,56,121,74,105,113,81,58,114,80,66,68"/><U127/><RYUUKYOKU type="yao9" ba="0,0" sc="101,0,195,0,265,0,439,0" hai1="1,27,39,40,67,71,73,78,89,104,108,127,128,133" /><INIT seed="5,1,0,2,1,35" ten="101,195,265,439" oya="1" hai0="118,51,24,34,39,37,53,58,121,16,120,80,63" hai1="74,1,38,62,126,82,109,125,15,2,4,23,25" hai2="28,6,79,84,119,76,20,5,43,29,72,50,67" hai3="100,11,105,69,33,103,48,36,22,87,91,97,96"/><U27/><E38/><V18/><F119/><W45/><G33/><T19/><D118/><U133/><E133/><V115/><F72/><W130/><G130/><T106/><D106/><U12/><E62/><V71/><F71/><W30/><G69/><T98/><D80/><U134/><E134/><V94/><F67/><W40/><G11/><T31/><D98/><U10/><E109/><V26/><F115/><W52/><G22/><T99/><D99/><U122/><E122/><V8/><F6/><W129/><G129/><T83/><D83/><U46/><E46/><N who="2" m="25951" /><F94/><W90/><G30/><N who="2" m="11881" /><F84/><W32/><G32/><T70/><D37/><U117/><E117/><V92/><F92/><W55/><G87/><T73/><D73/><U127/><E82/><V13/><AGARI ba="1,0" hai="5,8,13,18,20,26,76,79" m="11881,25951" machi="13" ten="30,1100,0" yaku="8,1" doraHai="35" who="2" fromWho="2" sc="101,-4,195,-6,265,14,439,-4" /><INIT seed="6,0,0,4,1,46" ten="97,189,279,435" oya="2" hai0="35,91,135,55,48,6,10,22,118,74,45,39,131" hai1="98,128,67,78,75,37,104,21,70,103,58,28,132" hai2="125,109,134,53,12,86,93,31,79,90,50,26,95" hai3="40,92,77,113,105,64,49,73,33,101,2,99,124"/><V71/><F125/><W88/><G33/><T69/><D35/><U65/><E37/><V106/><F134/><W27/><G2/><T82/><D131/><U76/><E70/><V68/><F106/><W120/><G120/><T25/><D69/><U97/><E75/><V61/><F109/><W94/><G105/><T115/><D115/><U114/><E128/><V9/><F79/><W72/><G124/><T111/><D111/><U62/><E67/><V56/><F95/><W89/><G64/><T96/><D118/><U127/><E127/><V20/><REACH who="2" step="1"/><F61/><REACH who="2" ten="97,189,269,435" step="2"/><W41/><G77/><T80/><D135/><U100/><E132/><V85/><F85/><W42/><G113/><T66/><D74/><U8/><E114/><V110/><F110/><W0/><G73/><T108/><D108/><U34/><E78/><V102/><F102/><W44/><G72/><T87/><D96/><U47/><E98/><V24/><F24/><W129/><G101/><T126/><D126/><U13/><E103/><V32/><F32/><W84/><G129/><T4/><D25/><N who="1" m="16431" /><E76/><V54/><F54/><N who="3" m="29991" /><G27/><T17/><D87/><U30/><E34/><V116/><F116/><W51/><G0/><T36/><D91/><U43/><E100/><V119/><F119/><W60/><G60/><T38/><D66/><U122/><E104/><V133/><F133/><W57/><G42/><T15/><REACH who="0" step="1"/><D4/><AGARI ba="0,1" hai="4,9,12,20,26,31,50,53,56,68,71,86,90,93" machi="4" ten="30,5800,0" yaku="1,1,7,1,52,1,53,0" doraHai="46" doraHaiUra="63" who="2" fromWho="0" sc="97,-58,189,0,269,68,435,0" /><INIT seed="6,1,0,2,2,5" ten="39,189,337,435" oya="2" hai0="75,127,131,22,2,116,64,20,102,13,107,72,105" hai1="19,14,8,115,58,61,93,95,89,34,118,40,43" hai2="117,104,15,111,80,37,0,126,66,62,88,1,133" hai3="17,83,7,18,120,29,50,4,122,114,119,68,32"/><V28/><F117/><W123/><G68/><T124/><D116/><U33/><E118/><V51/><F37/><W94/><G119/><T112/><D2/><U77/><E77/><V128/><F104/><N who="0" m="40010" /><D64/><U35/><E115/><V135/><F128/><W53/><G83/><T87/><D13/><U47/><E89/><V134/><F126/><N who="0" m="48170" /><D102/><U60/><E61/><V109/><F51/><W86/><G86/><T23/><D87/><U16/><E19/><V73/><F28/><W45/><G94/><T85/><D85/><U101/><E101/><V98/><F15/><W65/><G65/><T30/><D30/><U57/><E58/><N who="2" m="37207" /><F73/><N who="0" m="28234" /><D112/><U81/><E81/><V76/><F80/><W46/><G114/><T92/><D92/><U48/><REACH who="1" step="1"/><E43/><REACH who="1" ten="39,179,337,435" step="2"/><V24/><F76/><W82/><G82/><T21/><N who="0" m="5120" /><DORA hai="31" /><T26/><D131/><U132/><E132/><V10/><F134/><W49/><G120/><T11/><D26/><U96/><E96/><V84/><F24/><W70/><G122/><T44/><D44/><U78/><E78/><V12/><F98/><W42/><G123/><T125/><N who="0" m="48178" /><T69/><DORA hai="39" /><D69/><U97/><E97/><V113/><F113/><W106/><G70/><T121/><D121/><U52/><AGARI ba="1,1" hai="8,14,16,33,34,35,40,47,48,52,57,60,93,95" machi="52" ten="30,32000,5" yaku="1,1,0,1,52,5,54,2,53,4" doraHai="5,31,39" doraHaiUra="54,91,36" who="1" fromWho="1" sc="39,-81,179,333,337,-161,435,-81" owari="-42,-54.2,512,61.2,176,-22.4,354,15.4" /></mjloggm>