<mjloggm ver="2.3"><GO type="41" lobby="0"/><UN n0="%E2%93%9D%4C%75%63%6B%79%4A" n1="%E6%A1%9C%E5%9D%82%E5%B7%A5%E5%85%B5" n2="%70%61%72%63%61%65" n3="%72%65%69%72%65%69%33" dan="17,14,13,14" rate="2159.24,1926.71,1858.21,1962.67" sx="M,M,M,F"/><TAIKYOKU oya="0"/><INIT seed="0,0,0,5,2,54" ten="250,250,250,250" oya="0" hai0="13,112,123,122,55,81,93,74,109,95,86,131,33" hai1="88,59,104,98,64,40,39,119,28,42,12,5,75" hai2="47,127,68,22,114,91,23,50,71,76,44,45,26" hai3="17,38,92,105,124,85,101,66,73,113,72,61,102"/><T9/><D33/><U10/><E119/><V4/><F114/><W32/><G113/><T43/><D112/><U31/><E75/><V129/><F76/><W19/><G32/><T96/><D43/><N who="1" m="16427" /><E104/><V29/><F4/><W0/><G0/><T121/><D131/><U84/><E98/><V110/><F50/><W53/><G38/><T135/><D135/><U80/><E39/><V70/><F129/><W126/><G53/><T63/><D109/><U117/><E117/><V1/><F1/><W120/><G120/><T125/><D125/><N who="3" m="48233" /><G105/><T34/><D34/><U27/><E27/><V51/><F51/><W8/><G8/><T48/><D74/><N who="3" m="28777" /><G85/><T82/><D86/><U35/><E35/><V118/><F118/><W130/><G130/><T67/><D123/><U21/><E21/><V46/><F127/><W6/><G6/><T62/><D122/><U25/><E25/><V78/><F78/><W94/><G94/><T89/><D95/><U108/><E108/><V79/><F79/><W18/><G92/><T20/><D20/><U7/><E5/><V100/><F100/><W15/><G15/><T16/><D121/><U52/><E64/><V90/><F110/><W77/><G77/><T14/><D14/><U41/><N who="1" m="16435" /><U133/><DORA hai="24" /><E133/><V128/><F128/><W36/><G36/><T99/><D99/><U60/><AGARI ba="0,0" hai="7,10,12,28,31,52,59,60,80,84,88" m="16435" machi="60" ten="30,12000,2" yaku="8,1,52,3,54,2" doraHai="54,24" who="1" fromWho="1" sc="250,-60,250,120,250,-30,250,-30" /><INIT seed="1,0,0,0,3,68" ten="190,370,220,220" oya="1" hai0="124,114,83,127,23,46,103,131,24,122,125,105,93" hai1="67,8,134,69,9,78,80,33,52,51,55,98,85" hai2="32,82,0,7,100,22,133,17,88,34,26,60,89" hai3="61,14,21,109,49,123,75,42,50,35,28,25,13"/><U104/><E134/><V56/><F100/><W102/><G123/><T43/><D114/><U113/><E113/><V130/><F0/><W95/><G75/><T27/><D122/><U65/><E33/><V36/><F36/><W18/><G109/><T91/><D131/><U62/><E67/><V108/><F7/><W30/><G61/><T63/><D83/><U4/><E104/><V106/><F106/><W90/><G102/><T38/><D63/><U15/><E98/><V10/><F10/><W5/><G5/><T96/><REACH who="0" step="1"/><D23/><REACH who="0" ten="180,370,220,220" step="2"/><U16/><REACH who="1" step="1"/><E51/><REACH who="1" ten="180,360,220,220" step="2"/><V84/><F130/><W12/><G49/><T129/><D129/><U81/><E81/><V71/><F108/><W45/><G35/><T126/><N who="0" m="31744" /><DORA hai="92" /><T73/><D73/><U3/><AGARI ba="0,2" hai="3,4,8,9,15,16,52,55,62,65,69,78,80,85" machi="3" ten="20,18000,2" yaku="1,1,0,1,7,1,54,2,53,1" doraHai="68,92" doraHaiUra="120,77" who="1" fromWho="1" sc="180,-60,360,200,220,-60,220,-60" /><INIT seed="1,1,0,0,0,50" ten="120,560,160,160" oya="1" hai0="126,100,29,31,132,45,41,1,19,62,134,46,106" hai1="53,72,3,10,9,44,23,25,125,87,56,66,107" hai2="92,115,21,96,28,14,99,7,38,105,85,76,91" hai3="71,102,110,117,12,131,33,61,86,43,109,119,65"/><U64/><E72/><V101/><F38/><W5/><G33/><T130/><D1/><U63/><E125/><V118/><F118/><N who="3" m="45067" /><G131/><T42/><D100/><U2/><E107/><V123/><F123/><W127/><G127/><T39/><D126/><U40/><E2/><V114/><F7/><W52/><G43/><T55/><D19/><U73/><E73/><V79/><F14/><W129/><G102/><T37/><D106/><U113/><E113/><N who="2" m="43019" /><F28/><W81/><G129/><T89/><D89/><U133/><E133/><N who="0" m="51305" /><D130/><U34/><E87/><N who="2" m="52351" /><F21/><W49/><G12/><T135/><N who="0" m="51313" /><T124/><DORA hai="27" /><D124/><U17/><E34/><V78/><F96/><W82/><G5/><T128/><D128/><U80/><E80/><AGARI ba="1,0" hai="76,78,79,80,85,99,101,105" m="52351,43019" machi="80" ten="30,3900,0" yaku="11,1,34,2" doraHai="50,27" who="2" fromWho="1" sc="120,0,560,-42,160,42,160,0" /><INIT seed="2,0,0,4,5,25" ten="120,518,202,160" oya="2" hai0="24,79,47,113,12,38,116,21,10,95,123,63,17" hai1="61,104,100,64,103,96,72,23,85,36,37,124,49" hai2="119,6,54,111,22,8,28,105,84,50,4,130,67" hai3="107,131,101,0,62,120,32,93,18,127,89,129,106"/><V90/><F119/><W76/><G120/><T109/><D123/><U94/><E72/><V30/><F105/><W48/><G0/><T13/><D113/><U110/><E110/><V91/><F67/><W44/><G62/><T58/><D109/><U5/><E124/><V14/><F111/><W66/><G66/><T78/><D116/><U46/><E5/><V33/><F33/><W121/><G127/><T9/><D47/><U122/><E122/><V80/><F6/><W97/><G121/><T108/><D38/><U43/><E23/><V102/><F102/><W125/><G32/><T40/><D40/><U19/><E19/><V134/><F130/><N who="3" m="49675" /><G18/><N who="0" m="8503" /><D95/><U2/><E2/><V52/><F134/><W71/><G71/><T41/><D41/><U74/><E74/><V69/><F69/><W53/><G125/><T77/><D108/><U57/><E100/><V7/><F7/><W15/><G15/><T135/><D135/><U55/><E104/><N who="3" m="39978" /><G76/><T98/><D79/><U16/><E85/><N who="2" m="50471" /><F22/><W118/><G118/><T51/><D78/><U68/><REACH who="1" step="1"/><E16/><REACH who="1" ten="120,508,202,160" step="2"/><V115/><F115/><W92/><G101/><T65/><D77/><U133/><E133/><V75/><F75/><W20/><G20/><T87/><D21/><U88/><E88/><V60/><F91/><W117/><G117/><T126/><D126/><U81/><E81/><V86/><F86/><W59/><G93/><T35/><D87/><U34/><E34/><V82/><F82/><W114/><G114/><T42/><D35/><U29/><E29/><V3/><F3/><W26/><G26/><T31/><D24/><RYUUKYOKU ba="0,1" sc="120,-15,508,15,202,-15,160,15" hai1="36,37,43,46,49,55,57,61,64,68,94,96,103" hai3="44,48,53,59,89,92,97" /><INIT seed="3,1,1,2,2,82" ten="105,523,187,175" oya="3" hai0="102,91,16,66,38,84,68,2,39,1,60,65,78" hai1="55,18,23,76,53,35,85,59,3,14,112,9,33" hai2="106,118,6,129,31,108,119,93,0,99,12,28,17" hai3="80,41,24,111,26,30,125,90,5,109,134,127,97"/><W36/><G36/><T10/><D78/><U123/><E112/><V88/><F108/><N who="3" m="41547" /><G41/><T50/><D102/><U130/><E130/><V122/><F129/><W40/><G40/><T110/><D110/><U120/><E35/><V72/><F72/><W34/><G134/><T45/><D66/><U4/><E33/><V20/><F0/><W94/><G24/><T46/><D46/><U8/><E8/><V73/><F6/><W62/><G5/><T11/><D11/><U43/><E43/><V96/><F73/><W87/><G62/><T104/><D104/><U114/><E114/><V113/><F113/><W116/><G116/><T74/><D74/><U19/><E18/><V89/><F122/><W101/><AGARI ba="1,1" hai="26,30,34,80,87,90,94,97,101,125,127" m="41547" machi="101" ten="30,6000,0" yaku="14,1,10,1,52,1" doraHai="82" who="3" fromWho="3" sc="105,-21,523,-21,187,-21,175,73" /><INIT seed="3,2,0,0,1,110" ten="84,502,166,248" oya="3" hai0="38,7,18,19,62,45,108,85,112,61,130,24,97" hai1="56,54,3,13,129,4,95,122,51,101,76,84,53" hai2="80,29,113,48,117,135,60,134,22,65,109,35,105" hai3="131,52,43,83,98,63,118,15,14,106,70,1,78"/><W37/><G118/><T119/><D119/><U93/><E3/><V67/><F117/><W47/><G131/><T16/><D108/><U66/><E66/><V125/><F109/><W94/><G106/><T30/><D130/><U124/><E122/><V116/><F116/><W100/><G1/><T103/><D7/><U9/><E124/><V73/><F105/><W25/><G25/><T17/><N who="0" m="4096" /><DORA hai="27" /><T11/><D11/><U0/><E0/><V26/><F35/><W81/><G81/><T6/><D6/><U87/><E129/><V64/><F125/><W71/><G71/><T23/><D85/><U133/><E133/><N who="2" m="50699" /><F60/><W8/><G8/><T104/><REACH who="0" step="1"/><D112/><REACH who="0" ten="74,502,166,248" step="2"/><U120/><E120/><V86/><F113/><W41/><G15/><T74/><D74/><U127/><E127/><V132/><F132/><W69/><G14/><T28/><D28/><U88/><E84/><V123/><F73/><W21/><G98/><T2/><D2/><U68/><E76/><V77/><F123/><W96/><G78/><T55/><D55/><U75/><E75/><V91/><F77/><W12/><G52/><T5/><D5/><U107/><E53/><V128/><F128/><W126/><G126/><T72/><D72/><U114/><E114/><V50/><AGARI ba="2,1" hai="22,26,29,48,50,64,65,67,80,86,91" m="50699" machi="50" ten="40,2700,0" yaku="20,1,52,1" doraHai="110,27" who="2" fromWho="2" sc="74,-9,502,-9,166,43,248,-15" /><INIT seed="4,0,0,5,2,132" ten="65,493,209,233" oya="0" hai0="48,107,62,3,96,120,106,128,67,31,57,100,35" hai1="74,75,90,124,93,40,71,41,38,94,68,47,126" hai2="60,54,87,6,116,134,123,13,111,2,69,23,64" hai3="28,66,131,102,84,36,129,50,5,10,19,14,44"/><T98/><D120/><U97/><E41/><V95/><F111/><W29/><G36/><T83/><D128/><N who="3" m="49225" /><G66/><T113/><D3/><U109/><E109/><V63/><F123/><W46/><G102/><T58/><D113/><U11/><E11/><V55/><F2/><N who="3" m="311" /><G84/><T20/><D35/><U78/><E93/><V121/><F121/><W22/><G46/><T82/><D31/><U59/><E59/><V77/><F134/><W25/><G14/><T92/><D107/><U39/><E38/><V18/><F6/><W73/><G73/><N who="1" m="27658" /><E78/><V108/><F108/><W127/><G44/><T27/><D106/><U26/><E26/><V130/><F130/><W51/><G50/><T112/><D112/><U52/><E52/><V33/><F33/><W24/><G51/><T16/><REACH who="0" step="1"/><D98/><REACH who="0" ten="55,493,209,233" step="2"/><U119/><E119/><V115/><F115/><W105/><G105/><T114/><D114/><U118/><E118/><V15/><F116/><W61/><G29/><T110/><D110/><U9/><E97/><V99/><F99/><W103/><G28/><T0/><D0/><U79/><E68/><V117/><F117/><W65/><G103/><T133/><D133/><U125/><E71/><V12/><F69/><N who="3" m="42159" /><G25/><T86/><D86/><U81/><E39/><V104/><F104/><W8/><G24/><T37/><D37/><U17/><E125/><V122/><F122/><W56/><G19/><T32/><D32/><U72/><E17/><V34/><F18/><W70/><G70/><T53/><AGARI ba="0,1" hai="16,20,27,48,53,57,58,62,67,82,83,92,96,100" machi="53" ten="30,11700,0" yaku="1,1,0,1,8,1,54,1,53,0" doraHai="132" doraHaiUra="7" who="0" fromWho="0" sc="55,127,493,-39,209,-39,233,-39" /><INIT seed="4,1,0,4,0,3" ten="182,454,170,194" oya="0" hai0="80,5,74,84,77,88,23,91,98,35,15,125,109" hai1="63,44,50,76,31,32,45,102,36,59,97,14,33" hai2="128,7,127,81,130,64,72,92,115,122,134,110,89" hai3="96,71,49,16,104,117,54,65,29,48,19,9,30"/><T133/><D35/><U12/><E76/><V86/><F110/><W75/><G117/><T28/><D109/><U40/><E12/><V135/><F122/><W26/><G75/><T73/><D133/><N who="2" m="50698" /><F64/><W11/><G30/><T43/><D125/><U106/><E14/><V60/><F60/><N who="3" m="40359" /><G49/><T27/><D43/><U25/><E63/><V119/><F119/><W51/><G48/><T46/><D46/><U121/><E121/><V42/><F42/><W2/><G11/><N who="0" m="4591" /><D74/><U94/><E59/><V90/><F7/><N who="3" m="1271" /><G51/><T69/><D73/><U82/><E82/><V93/><F127/><W95/><G54/><T108/><D69/><U17/><E17/><V126/><F126/><W13/><G13/><T56/><D108/><U4/><E32/><V18/><F18/><W107/><G107/><T41/><D41/><U38/><E4/><V52/><F52/><W100/><G95/><N who="2" m="36425" /><F72/><W10/><G10/><T8/><D8/><U67/><E44/><V20/><F20/><W131/><G131/><N who="2" m="50217" /><F115/><W62/><G62/><T103/><D56/><U0/><E67/><V66/><F66/><W61/><G61/><T70/><D70/><U101/><REACH who="1" step="1"/><E0/><REACH who="1" ten="182,444,170,194" step="2"/><V1/><F1/><W6/><G6/><T120/><D120/><U47/><E47/><V87/><F81/><W39/><G29/><T68/><D68/><U129/><E129/><V37/><F37/><W22/><G39/><T58/><D58/><U78/><E78/><V21/><F21/><W79/><G79/><T85/><D77/><U132/><E132/><V124/><F124/><W116/><G19/><T57/><D57/><RYUUKYOKU ba="1,1" sc="182,-30,444,10,170,10,194,10" hai1="25,31,33,36,38,40,45,50,94,97,101,102,106" hai2="86,87,89,90" hai3="16,22,26,96,100,104,116" /><INIT seed="5,2,1,5,2,116" ten="152,454,180,204" oya="1" hai0="25,19,128,113,68,46,32,28,93,43,112,52,16" hai1="15,135,92,91,13,103,120,22,35,106,81,21,86" hai2="117,97,88,49,129,87,125,65,39,131,89,121,85" hai3="102,9,122,134,8,50,63,109,108,110,90,94,66"/><U17/><E35/><V51/><F117/><W57/><G102/><T123/><D68/><U76/><E135/><V34/><F34/><W45/><G134/><T24/><D128/><N who="2" m="49226" /><F39/><W64/><G122/><T101/><D25/><U54/><E120/><V10/><F121/><W84/><REACH who="3" step="1"/><G64/><REACH who="3" ten="152,454,180,194" step="2"/><T80/><D123/><U78/><E106/><V55/><F65/><W47/><G47/><T3/><D101/><U99/><E54/><AGARI ba="2,2" hai="8,9,45,50,54,57,63,66,84,90,94,108,109,110" machi="54" ten="40,1300,0" yaku="1,1,53,0" doraHai="116" doraHaiUra="18" who="3" fromWho="1" sc="152,0,454,-19,180,0,194,39" /><INIT seed="6,0,0,2,2,113" ten="152,435,180,233" oya="2" hai0="35,13,78,93,1,90,97,103,11,127,21,5,68" hai1="94,57,91,67,133,87,65,6,101,39,47,62,95" hai2="120,109,89,60,59,84,112,96,33,31,40,126,130" hai3="80,30,122,7,79,25,88,135,82,46,4,2,58"/><V111/><F120/><W41/><G122/><T19/><D127/><U118/><E118/><V48/><F33/><W85/><G135/><T131/><D131/><U52/><E133/><V119/><F119/><W64/><G64/><T29/><D78/><U114/><E114/><V37/><F37/><W125/><G58/><T102/><REACH who="0" step="1"/><D68/><REACH who="0" ten="142,435,180,233" step="2"/><U69/><E69/><V70/><F130/><W107/><G125/><T86/><D86/><U75/><E75/><V104/><F70/><W105/><G79/><T38/><D38/><U8/><E39/><V134/><F126/><W0/><G85/><T28/><D28/><U32/><E32/><V22/><F112/><W116/><G30/><T99/><D99/><N who="1" m="59639" /><E47/><V117/><F117/><W66/><G46/><T77/><D77/><U45/><E45/><V34/><F31/><W50/><G116/><T71/><D71/><U51/><E51/><V14/><F48/><W92/><G50/><T27/><AGARI ba="0,1" hai="1,5,11,13,19,21,27,29,35,90,93,97,102,103" machi="27" ten="30,7900,0" yaku="1,1,0,1,24,2,53,0" doraHai="113" doraHaiUra="108" who="0" fromWho="0" sc="142,89,435,-20,180,-39,233,-20" /><INIT seed="7,0,0,1,1,128" ten="231,415,141,213" oya="3" hai0="79,28,31,110,85,22,3,65,108,105,60,15,109" hai1="62,103,48,13,17,6,98,112,67,124,44,50,32" hai2="19,0,21,131,27,47,11,52,119,51,53,135,86" hai3="14,84,93,56,42,91,102,69,116,95,87,107,73"/><W75/><G69/><T123/><D105/><U130/><E32/><V16/><F119/><W77/><G116/><T99/><D99/><U106/><E130/><V58/><F131/><W100/><G42/><T83/><D3/><U89/><E6/><V118/><F118/><W41/><G41/><T46/><D46/><U126/><E112/><V7/><F135/><W18/><G56/><T8/><D22/><U4/><E89/><V120/><F120/><W80/><G18/><T59/><REACH who="0" step="1"/><D123/><REACH who="0" ten="221,415,141,213" step="2"/><U24/><E44/><V1/><F0/><W76/><G107/><T115/><D115/><U125/><E24/><V133/><F133/><W64/><G102/><T97/><D97/><U39/><E39/><V129/><F129/><W72/><G100/><T104/><D104/><U45/><E45/><V34/><F34/><W94/><G64/><T127/><D127/><U25/><E25/><V121/><F121/><W38/><G38/><T35/><D35/><U92/><E106/><V96/><F96/><N who="3" m="57407" /><G14/><T57/><D57/><N who="1" m="37327" /><E4/><AGARI ba="0,1" hai="4,8,15,28,31,59,60,65,79,83,85,108,109,110" machi="4" ten="40,2600,0" yaku="1,1,53,1" doraHai="128" doraHaiUra="2" who="0" fromWho="1" sc="221,36,415,-26,141,0,213,0" owari="257,5.7,389,48.9,141,-35.9,213,-18.7" /></mjloggm>