<mjloggm ver="2.3"><GO type="41" lobby="0"/><UN n0="%52%79%61%6E%31%35%38" n1="%E5%9B%BD%E5%A3%AB%E7%8C%AB" n2="%E2%93%9D%4C%75%63%6B%79%4A" n3="%57%61%72%64%6E%61" dan="13,14,16,14" rate="2001.45,1944.35,2150.22,1934.17" sx="M,F,M,M"/><TAIKYOKU oya="0"/><INIT seed="0,0,0,0,5,122" ten="250,250,250,250" oya="0" hai0="92,80,108,67,30,23,123,72,83,54,13,37,63" hai1="25,125,99,114,24,19,90,121,89,52,33,16,61" hai2="101,127,84,65,102,77,51,103,47,88,70,115,40" hai3="86,62,8,50,14,31,69,110,60,48,64,22,53"/><T34/><D123/><U98/><E121/><V81/><F115/><W116/><G116/><T91/><D37/><U7/><E114/><V79/><F70/><W82/><G60/><T56/><D34/><U55/><E125/><V32/><F32/><W130/><G130/><T20/><D72/><U128/><E7/><V18/><F127/><W1/><G1/><T58/><D23/><U45/><E33/><V107/><F107/><W133/><G133/><T124/><D124/><U39/><E39/><V132/><F132/><W96/><G96/><T38/><D38/><U126/><E126/><V21/><REACH who="2" step="1"/><F65/><REACH who="2" ten="250,250,240,250" step="2"/><W71/><G69/><T2/><D67/><U120/><E120/><V68/><F68/><W106/><G106/><T118/><D118/><U66/><E66/><V43/><F43/><W10/><G71/><T75/><D54/><U4/><E128/><V12/><AGARI ba="0,1" hai="12,18,21,40,47,51,77,79,81,84,88,101,102,103" machi="12" ten="30,8000,1" yaku="1,1,0,1,8,1,54,1,53,1" doraHai="122" doraHaiUra="11" who="2" fromWho="2" sc="250,-40,250,-20,240,90,250,-20" /><INIT seed="1,0,0,5,5,34" ten="210,230,330,230" oya="1" hai0="129,76,19,83,25,10,22,58,24,104,117,75,100" hai1="113,15,126,82,86,42,50,23,127,73,110,36,134" hai2="102,26,47,91,72,125,13,0,97,9,122,89,101" hai3="52,68,94,70,1,114,32,64,43,71,69,39,17"/><U40/><E113/><V90/><F122/><W124/><G32/><T60/><D117/><U96/><E73/><V130/><F72/><W30/><G30/><T38/><D38/><U106/><E36/><V98/><F130/><W6/><G114/><T74/><D129/><U5/><E134/><V46/><F26/><W128/><G17/><T92/><D104/><U37/><E37/><V111/><F111/><W85/><G128/><T55/><D10/><N who="1" m="4559" /><E23/><V123/><F123/><W84/><G64/><T61/><D74/><U3/><E3/><V108/><F108/><W31/><G31/><T93/><D100/><N who="2" m="38506" /><F125/><N who="1" m="47625" /><E106/><V12/><F0/><W132/><G132/><T16/><D61/><U112/><E96/><N who="2" m="36971" /><F9/><W119/><G124/><T57/><D57/><U14/><E112/><V18/><F18/><W44/><G71/><T62/><D62/><U4/><E110/><V8/><F8/><W79/><G1/><T48/><D60/><U99/><E4/><V65/><F65/><W88/><G6/><T135/><D135/><U2/><E14/><AGARI ba="0,0" hai="12,13,14,46,47,89,90,91" m="36971,38506" machi="14" ten="30,3900,0" yaku="28,2,8,1" doraHai="34" who="2" fromWho="1" sc="210,0,230,-39,330,39,230,0" /><INIT seed="2,0,0,2,3,129" ten="210,191,369,230" oya="2" hai0="21,39,114,74,10,103,106,122,48,109,68,73,15" hai1="7,19,17,50,91,81,78,5,119,89,66,36,84" hai2="126,118,12,44,134,57,47,37,125,55,97,70,52" hai3="77,130,75,35,127,30,108,88,34,135,29,46,24"/><V107/><F118/><W9/><G130/><T26/><D39/><U4/><E36/><V11/><F70/><W60/><G127/><N who="2" m="48649" /><F37/><W123/><G123/><T23/><D122/><U38/><E38/><V92/><F107/><W43/><G9/><T83/><D114/><U31/><E31/><V16/><F134/><W101/><G101/><T49/><D68/><U76/><E66/><V95/><F95/><W116/><G116/><T8/><D103/><U133/><E133/><V61/><F55/><W40/><G40/><T93/><D93/><U64/><E64/><V13/><F13/><W104/><G104/><T80/><D15/><U1/><E1/><V94/><F94/><W113/><G135/><T33/><D106/><U58/><E119/><V59/><F59/><W42/><G42/><T121/><D121/><U110/><E110/><V45/><F47/><W111/><G46/><T51/><D51/><U96/><E96/><V132/><F132/><W53/><G43/><T100/><D100/><AGARI ba="0,0" hai="11,12,16,44,45,52,57,61,92,97,100" m="48649" machi="100" ten="30,5800,0" yaku="18,1,54,2" doraHai="129" who="2" fromWho="0" sc="210,-58,191,0,369,58,230,0" /><INIT seed="2,1,0,3,1,106" ten="152,191,427,230" oya="2" hai0="30,108,71,120,107,82,27,123,20,115,3,13,113" hai1="112,101,24,64,103,25,126,67,129,74,33,1,55" hai2="43,122,124,22,39,2,92,68,125,10,61,45,23" hai3="69,99,119,89,42,44,94,121,105,76,127,17,128"/><V0/><F122/><W75/><G121/><T81/><D107/><U97/><E112/><V32/><F32/><W19/><G119/><T56/><D71/><U86/><E1/><N who="2" m="619" /><F92/><W100/><G69/><T109/><D56/><U63/><E129/><V16/><F61/><W14/><G128/><T104/><D104/><U117/><E117/><V57/><F57/><W102/><G102/><T60/><D60/><U93/><E103/><V91/><F91/><W114/><G14/><T41/><D3/><U78/><E74/><V84/><F84/><N who="3" m="52519" /><G127/><N who="2" m="48713" /><F68/><W87/><G87/><T54/><D41/><U35/><E126/><V40/><F43/><W47/><G114/><N who="0" m="43531" /><D54/><U62/><E35/><V83/><F83/><N who="3" m="45471" /><G47/><T18/><D81/><U110/><E33/><V96/><F96/><W135/><G135/><T26/><D82/><U49/><E55/><V111/><F111/><N who="0" m="42570" /><D27/><U6/><E24/><V58/><F58/><W59/><G59/><T95/><D95/><U116/><E93/><V132/><F132/><W21/><G21/><AGARI ba="1,0" hai="13,18,20,21,26,30,120,123" m="42570,43531" machi="21" ten="30,3900,0" yaku="14,1,34,2" doraHai="106" who="0" fromWho="3" sc="152,42,191,0,427,0,230,-42" /><INIT seed="3,0,0,3,0,57" ten="194,191,427,188" oya="3" hai0="69,102,41,127,108,80,60,78,28,72,130,51,24" hai1="22,42,79,120,83,62,123,47,35,105,49,43,115" hai2="19,97,126,99,93,55,34,125,90,87,50,133,67" hai3="131,77,113,4,46,128,29,107,30,85,74,81,45"/><W58/><G113/><T16/><D108/><U103/><E35/><V52/><F34/><W122/><G122/><T73/><D127/><N who="2" m="48650" /><F67/><W95/><G107/><T76/><D130/><N who="3" m="49705" /><G4/><T31/><D102/><U40/><E115/><V2/><F2/><W53/><G30/><T63/><D69/><U38/><E38/><V75/><F75/><W37/><G29/><T114/><D114/><U21/><E123/><V65/><F65/><W84/><G37/><T100/><D100/><U71/><E120/><V18/><F55/><W129/><N who="3" m="49713" /><W1/><DORA hai="88" /><G1/><T6/><D6/><U54/><E105/><V12/><F133/><W68/><G68/><T27/><D16/><N who="2" m="6186" /><F12/><W3/><G3/><T119/><D41/><U11/><E40/><V48/><F50/><N who="3" m="31031" /><G74/><T0/><D0/><U98/><E71/><V5/><F5/><W116/><G116/><T32/><D51/><U70/><E49/><V104/><F104/><W121/><G121/><T106/><D106/><U33/><E70/><V89/><F90/><AGARI ba="0,0" hai="45,46,77,81,84,85,90,95" m="31031,49713" machi="90" ten="40,3900,0" yaku="19,1,52,1" doraHai="57,88" who="3" fromWho="2" sc="194,0,191,0,427,-39,188,39" /><INIT seed="3,1,0,0,3,59" ten="194,191,388,227" oya="3" hai0="111,2,9,11,89,30,104,135,13,118,36,116,68" hai1="80,121,84,93,91,28,38,19,64,72,115,96,79" hai2="97,10,42,133,90,73,123,109,122,78,132,52,61" hai3="77,128,65,34,49,44,124,6,1,92,108,129,113"/><W40/><G113/><T76/><D111/><U70/><E38/><V24/><F42/><W117/><G117/><T26/><D36/><U50/><E115/><V58/><F109/><W53/><G108/><T41/><D104/><U71/><E121/><N who="2" m="46091" /><F10/><N who="3" m="2383" /><G34/><T69/><D2/><U85/><E28/><V130/><F130/><N who="3" m="50283" /><G77/><T100/><D100/><U110/><E110/><V25/><F78/><W22/><G65/><T48/><D135/><N who="2" m="51786" /><F73/><W17/><G92/><AGARI ba="1,0" hai="24,25,52,58,61,90,92,97" m="51786,46091" machi="92" ten="30,7700,0" yaku="13,1,20,1,52,1,54,1" doraHai="59" who="2" fromWho="3" sc="194,0,191,0,388,80,227,-80" /><INIT seed="4,0,0,0,5,121" ten="194,191,468,147" oya="0" hai0="128,111,35,22,27,37,97,12,101,94,69,102,67" hai1="120,26,5,40,77,85,134,16,33,14,0,13,32" hai2="21,129,65,25,96,100,74,45,127,79,2,104,132" hai3="48,4,107,98,15,11,53,18,105,109,70,56,17"/><T34/><D128/><U38/><E120/><V118/><F2/><W82/><G70/><T75/><D75/><U112/><E112/><V130/><F65/><W8/><G98/><T47/><D12/><U95/><E0/><V41/><F127/><W78/><G109/><T108/><D101/><U135/><E5/><V7/><F7/><W83/><G83/><T87/><D87/><U113/><E113/><V73/><F132/><N who="1" m="50729" /><E26/><V52/><F118/><W29/><G29/><N who="0" m="17655" /><D47/><N who="1" m="23959" /><E13/><V59/><F130/><W6/><G6/><T49/><D49/><U106/><E106/><V28/><F129/><W36/><G36/><T86/><D86/><U68/><E68/><V125/><F125/><W3/><REACH who="3" step="1"/><G18/><REACH who="3" ten="194,191,468,137" step="2"/><T117/><D37/><U71/><E71/><V131/><F131/><W72/><AGARI ba="0,1" hai="3,4,8,11,15,17,48,53,56,72,78,82,105,107" machi="72" ten="20,5200,0" yaku="1,1,2,1,0,1,7,1,53,0" doraHai="121" doraHaiUra="30" who="3" fromWho="3" sc="194,-26,191,-13,468,-13,137,62" /><INIT seed="5,0,0,2,5,70" ten="168,178,455,199" oya="1" hai0="102,52,11,125,61,118,104,50,79,101,117,56,41" hai1="87,57,46,63,65,81,96,26,39,49,116,36,43" hai2="48,66,7,35,83,85,133,127,0,21,45,17,40" hai3="12,25,76,60,67,97,82,10,129,105,94,34,62"/><U103/><E116/><V123/><F123/><W29/><G129/><T89/><D125/><U98/><E26/><V134/><F35/><W2/><G2/><T14/><D104/><U20/><E20/><V86/><F66/><W73/><G105/><T130/><D130/><U9/><E9/><N who="2" m="2279" /><F83/><W124/><G124/><T31/><D31/><U4/><E4/><V16/><F127/><W78/><G76/><T80/><D89/><U113/><E113/><V92/><F92/><W120/><G67/><T88/><D117/><U114/><E114/><V42/><F42/><W24/><G24/><T74/><D118/><U22/><E22/><V6/><F6/><W37/><G120/><T71/><D88/><U27/><E27/><N who="2" m="14767" /><F16/><W99/><G99/><T23/><D23/><U47/><E47/><V69/><F69/><W53/><G97/><T75/><D75/><U91/><REACH who="1" step="1"/><E96/><REACH who="1" ten="168,168,455,199" step="2"/><V18/><F18/><W131/><G131/><T68/><D11/><U119/><E119/><V5/><F5/><W59/><G10/><T19/><D14/><U8/><E8/><V132/><AGARI ba="0,1" hai="40,45,48,85,86,132,133,134" m="14767,2279" machi="132" ten="30,1100,0" yaku="20,1" doraHai="70" who="2" fromWho="2" sc="168,-3,168,-5,455,21,199,-3" /><INIT seed="6,0,0,0,1,67" ten="165,163,476,196" oya="2" hai0="37,39,111,66,68,72,119,105,53,8,11,1,49" hai1="92,61,75,121,132,77,45,126,20,135,14,65,35" hai2="115,59,70,22,82,50,76,33,112,102,97,134,73" hai3="60,93,130,6,36,91,26,38,7,74,15,23,110"/><V19/><F33/><W96/><G110/><T25/><D111/><U104/><E104/><V41/><F134/><N who="1" m="51241" /><E35/><V46/><F59/><W51/><G74/><T117/><D72/><U42/><E126/><V124/><F124/><W89/><G130/><T85/><D105/><U103/><E121/><V63/><F97/><W106/><G106/><T94/><D25/><U87/><E75/><V88/><F102/><W107/><G107/><T44/><D1/><U13/><E20/><V4/><F4/><W108/><G51/><T127/><D127/><U79/><E103/><V2/><F2/><W34/><G34/><T9/><D94/><U131/><E131/><V95/><F63/><W84/><G6/><T57/><D85/><U58/><E92/><V71/><F95/><W116/><G108/><T17/><D17/><U113/><E113/><N who="2" m="43595" /><F88/><W90/><G90/><T10/><N who="0" m="2048" /><DORA hai="100" /><T56/><D56/><U81/><E79/><V98/><F98/><W27/><G91/><T12/><D12/><AGARI ba="0,0" hai="12,19,22,41,46,50,70,71,73,76,82" m="43595" machi="12" ten="30,5800,0" yaku="15,1,52,2" doraHai="67,100" who="2" fromWho="0" sc="165,-58,163,0,476,58,196,0" /><INIT seed="6,1,0,3,0,126" ten="107,163,534,196" oya="2" hai0="104,65,113,4,125,77,66,50,54,109,31,86,108" hai1="127,22,69,9,110,2,78,84,92,14,80,112,19" hai2="20,13,85,62,41,73,119,117,107,60,23,45,8" hai3="72,63,82,34,49,130,95,96,135,1,16,103,133"/><V134/><F73/><W91/><G34/><T128/><D125/><U79/><E110/><V74/><F74/><W99/><G1/><T18/><D104/><U56/><E69/><V90/><F107/><N who="3" m="63975" /><G63/><T21/><D4/><U70/><E70/><V111/><F134/><N who="3" m="51211" /><G49/><T15/><D113/><U44/><E112/><V94/><F111/><W39/><G16/><T89/><D77/><U101/><E44/><V68/><F119/><W116/><G39/><T93/><D31/><U48/><E2/><V24/><F117/><W51/><G51/><T75/><D75/><U71/><E71/><V47/><F23/><W0/><G0/><T38/><D38/><U129/><E9/><V27/><F27/><W35/><G35/><T88/><D108/><U43/><E43/><V10/><F10/><W76/><G116/><T120/><D120/><U132/><E127/><V40/><F68/><W7/><G7/><T32/><D32/><U37/><E37/><V33/><F33/><W67/><G67/><T55/><D109/><U58/><E48/><N who="2" m="26735" /><F45/><W124/><G124/><T25/><D25/><U11/><E11/><V52/><F40/><W83/><G83/><N who="0" m="49247" /><D55/><U6/><E6/><N who="2" m="3223" /><F52/><W30/><G30/><AGARI ba="1,0" hai="20,24,30,60,62,85,90,94" m="3223,26735" machi="30" ten="30,1500,0" yaku="8,1" doraHai="126" who="2" fromWho="3" sc="107,0,163,0,534,18,196,-18" /><INIT seed="6,2,0,4,5,34" ten="107,163,552,178" oya="2" hai0="44,13,121,69,93,133,52,46,62,96,71,127,118" hai1="14,22,4,66,5,114,112,110,102,77,23,95,79" hai2="130,126,12,104,48,55,76,28,40,27,135,84,85" hai3="75,86,37,35,0,99,119,70,81,88,10,101,94"/><V131/><F104/><W43/><G70/><T26/><D121/><U30/><E66/><V87/><F40/><W56/><G35/><T78/><D127/><U39/><E39/><V16/><F76/><N who="1" m="29257" /><E110/><V63/><F63/><W128/><G119/><T113/><D113/><N who="1" m="43627" /><E30/><V73/><F73/><W123/><G123/><T36/><D118/><U25/><E25/><V82/><F135/><W21/><G21/><N who="1" m="7690" /><E14/><V107/><F107/><W17/><G37/><T124/><D124/><U105/><E105/><V108/><F108/><W116/><G116/><T97/><D133/><U115/><N who="1" m="43635" /><U106/><DORA hai="24" /><E106/><V132/><F132/><W72/><G72/><T45/><D36/><U2/><E2/><V3/><F3/><W59/><G75/><T42/><D13/><U100/><E95/><V92/><F92/><W60/><G0/><T109/><D26/><U7/><AGARI ba="2,0" hai="4,5,7,100,102" m="7690,43635,29257" machi="7" ten="50,6400,0" yaku="28,2,15,1" doraHai="34,24" who="1" fromWho="1" sc="107,-18,163,70,552,-34,178,-18" /><INIT seed="7,0,0,4,5,83" ten="89,233,518,160" oya="3" hai0="82,92,63,66,39,130,117,69,27,135,32,120,7" hai1="121,42,79,45,106,37,112,70,107,99,6,65,30" hai2="33,38,131,55,110,74,53,13,102,50,78,60,133" hai3="0,119,108,90,40,81,73,123,100,111,134,22,59"/><W91/><G123/><T47/><D117/><U75/><E112/><V97/><F38/><W17/><G119/><T127/><D120/><U84/><E84/><V24/><F13/><W109/><G0/><T124/><D130/><U98/><E30/><V54/><F60/><W96/><G40/><T80/><D135/><U77/><E77/><V5/><F5/><W20/><G134/><T88/><D7/><U113/><E98/><V36/><F36/><W21/><G59/><T95/><D95/><U1/><E99/><V3/><F131/><W31/><G31/><T76/><D27/><U14/><E14/><V89/><F89/><W41/><G41/><T72/><D32/><U4/><E4/><V93/><F110/><W132/><G17/><T61/><D80/><N who="1" m="45183" /><E113/><V67/><F67/><W16/><G16/><T15/><D15/><U105/><E121/><V48/><F3/><W51/><G51/><T122/><D63/><N who="1" m="40255" /><E105/><V35/><F133/><W19/><G19/><T87/><REACH who="0" step="1"/><D122/><REACH who="0" ten="79,233,518,160" step="2"/><U129/><E129/><V71/><F35/><W118/><G118/><T125/><D125/><U64/><E106/><V44/><F33/><W62/><G132/><T101/><D101/><U128/><E107/><V25/><F71/><W85/><G100/><T94/><D94/><U52/><E6/><V116/><F116/><W114/><G62/><T43/><AGARI ba="0,1" hai="39,43,47,61,66,69,72,76,82,87,88,92,124,127" machi="43" ten="30,8000,1" yaku="1,1,0,1,52,1,54,1,53,1" doraHai="83" doraHaiUra="68" who="0" fromWho="0" sc="79,90,233,-20,518,-20,160,-40" owari="169,-23.1,213,1.3,498,59.8,120,-38.0" /></mjloggm>