<mjloggm ver="2.3"><GO type="41" lobby="0"/><UN n0="%E3%83%A2%E3%83%A1%E3%83%B3%E3%82%BF%E3%83%A0" n1="%E2%93%9D%4C%75%63%6B%79%4A" n2="%E5%B7%A8%E4%BA%BA%E3%81%AE%E6%98%9F" n3="%E5%A7%AB%54%52%49%43%4B%33" dan="14,16,14,15" rate="1868.95,2174.81,1846.54,1998.72" sx="M,M,M,M"/><TAIKYOKU oya="0"/><INIT seed="0,0,0,4,0,72" ten="250,250,250,250" oya="0" hai0="2,40,59,37,52,30,116,134,18,26,11,3,132" hai1="110,35,39,113,100,81,129,122,84,77,44,53,79" hai2="105,89,0,41,80,111,96,118,82,108,112,20,25" hai3="31,64,135,87,10,38,126,98,4,21,13,130,62"/><T125/><D116/><U70/><E122/><V123/><F123/><W93/><G130/><T102/><D102/><U34/><E70/><V65/><F0/><W109/><G109/><N who="2" m="42057" /><F112/><W19/><G135/><N who="0" m="51755" /><D125/><U22/><E110/><V69/><F41/><W58/><G126/><T68/><D68/><U97/><E129/><V92/><F118/><W55/><G38/><T67/><D67/><U54/><E22/><V121/><F121/><W104/><G104/><T48/><D18/><U15/><E113/><V119/><F119/><W115/><G87/><T101/><D101/><U46/><E39/><V8/><F105/><W1/><G115/><T43/><D37/><U6/><E35/><V16/><F8/><W71/><G31/><T24/><D24/><U28/><E28/><V29/><F65/><W12/><G1/><N who="0" m="11" /><D11/><N who="1" m="4599" /><E34/><AGARI ba="0,0" hai="26,30,34,40,43,48,52,59" m="11,51755" machi="34" ten="30,2900,0" yaku="20,1,54,1" doraHai="72" who="0" fromWho="1" sc="250,29,250,-29,250,0,250,0" /><INIT seed="0,1,0,1,3,132" ten="279,221,250,250" oya="0" hai0="71,134,70,20,104,112,106,36,94,58,123,85,24" hai1="52,95,111,129,57,28,135,4,128,88,5,29,7" hai2="84,12,124,74,120,35,6,55,101,32,14,34,15" hai3="1,133,23,47,113,27,99,62,116,10,92,130,114"/><T49/><D123/><U8/><E8/><V83/><F120/><W66/><G116/><T19/><D112/><U97/><E135/><V118/><F74/><W44/><G130/><N who="1" m="50282" /><E111/><V63/><F101/><W3/><G133/><T90/><D134/><U72/><E72/><V42/><F42/><W127/><G44/><T93/><D36/><U75/><E75/><V46/><F118/><W11/><G11/><T26/><D26/><U50/><AGARI ba="1,0" hai="4,5,7,28,29,50,52,57,88,95,97" m="50282" machi="50" ten="30,4000,0" yaku="19,1,54,2" doraHai="132" who="1" fromWho="1" sc="279,-21,221,43,250,-11,250,-11" /><INIT seed="1,0,0,2,3,10" ten="258,264,239,239" oya="1" hai0="60,133,72,78,6,69,21,43,122,90,84,19,20" hai1="54,64,48,127,58,2,49,44,45,119,76,36,114" hai2="101,99,98,89,70,18,57,29,50,62,125,68,31" hai3="71,32,52,41,121,85,7,11,13,109,33,40,37"/><U81/><E2/><V61/><F125/><W0/><G121/><T74/><D122/><U63/><E127/><V30/><F89/><W16/><G71/><T106/><D106/><U56/><E114/><V73/><F73/><W107/><G107/><T112/><D112/><U25/><E25/><V14/><F50/><W115/><G115/><T92/><D133/><U28/><E28/><V132/><F132/><W83/><G109/><T79/><D43/><N who="1" m="22759" /><E81/><V22/><F101/><W34/><G52/><T110/><D6/><U134/><E76/><V66/><REACH who="2" step="1"/><F70/><REACH who="2" ten="258,264,229,239" step="2"/><W82/><G37/><T53/><D72/><U113/><E113/><V27/><F27/><W124/><G124/><T35/><D74/><U4/><E134/><V117/><F117/><W116/><G116/><T94/><D69/><N who="1" m="42143" /><E119/><V120/><F120/><W1/><G83/><T135/><D135/><U65/><E4/><V46/><F46/><W77/><REACH who="3" step="1"/><G0/><REACH who="3" ten="258,264,229,229" step="2"/><T75/><D75/><U118/><E118/><V131/><F131/><W88/><G88/><T91/><D91/><U105/><E44/><V42/><F42/><W102/><G102/><T87/><D90/><U38/><E38/><V51/><F51/><W129/><G129/><T47/><D47/><U8/><E49/><V26/><F26/><W130/><G130/><T97/><D78/><U96/><E48/><V100/><F100/><W104/><G104/><T59/><D79/><U128/><E105/><V86/><F86/><W95/><G95/><T123/><D92/><U39/><E128/><V67/><AGARI ba="0,2" hai="14,18,22,29,30,31,57,61,62,66,67,68,98,99" machi="67" ten="30,4000,0" yaku="1,1,0,1,52,1,53,0" doraHai="10" doraHaiUra="80" who="2" fromWho="2" sc="258,-10,264,-20,229,60,229,-10" /><INIT seed="2,0,0,1,5,7" ten="248,244,289,219" oya="2" hai0="50,19,84,41,11,134,92,17,96,58,81,101,65" hai1="91,88,129,38,113,36,69,99,3,0,12,1,34" hai2="43,87,27,2,35,122,124,86,83,57,47,130,126" hai3="68,54,120,62,31,39,37,5,64,114,102,118,109"/><V111/><F122/><W52/><G102/><T135/><D65/><U53/><E113/><V44/><F2/><W74/><G74/><T79/><D41/><U23/><E34/><V20/><F35/><W13/><G31/><T76/><D76/><U132/><E69/><V125/><F130/><W89/><G89/><T106/><D106/><U107/><E132/><V93/><F57/><W72/><G72/><T115/><D115/><U15/><E53/><N who="3" m="20586" /><G13/><N who="0" m="7359" /><D58/><U82/><E129/><V16/><F111/><W128/><G5/><T8/><D50/><U18/><E15/><V78/><F43/><W108/><G128/><T45/><D45/><U98/><E107/><V30/><F30/><W133/><G114/><T59/><D59/><U100/><E100/><V104/><F104/><W42/><G133/><N who="0" m="50699" /><D19/><U119/><E91/><AGARI ba="0,0" hai="16,20,27,44,47,78,83,86,87,91,93,124,125,126" machi="91" ten="40,3900,0" yaku="18,1,54,1" doraHai="7" who="2" fromWho="1" sc="248,0,244,-39,289,39,219,0" /><INIT seed="2,1,0,0,0,110" ten="248,205,328,219" oya="2" hai0="88,59,116,96,26,86,46,92,23,128,3,73,104" hai1="75,58,17,112,31,109,118,91,101,72,99,0,44" hai2="8,21,34,22,42,71,77,5,100,45,125,14,41" hai3="6,49,74,106,79,10,20,66,124,81,62,107,83"/><V121/><F121/><W133/><G124/><T47/><D3/><U130/><E31/><V51/><F71/><W105/><G133/><T135/><D135/><U70/><E70/><V55/><F34/><W60/><G49/><T40/><D73/><U67/><E0/><V24/><F125/><W108/><G108/><T52/><D128/><U82/><E17/><V53/><F100/><W30/><G66/><T117/><D104/><U12/><E44/><V119/><F119/><N who="0" m="45642" /><D86/><U54/><E67/><V69/><F69/><W28/><G28/><N who="0" m="17503" /><D40/><U29/><E29/><V48/><F77/><W27/><REACH who="3" step="1"/><G83/><REACH who="3" ten="248,205,328,209" step="2"/><T25/><D25/><U113/><E82/><V64/><F64/><W43/><G43/><N who="2" m="16393" /><F24/><W13/><AGARI ba="1,1" hai="6,10,13,20,27,30,60,62,74,79,81,105,106,107" machi="13" ten="30,2000,0" yaku="1,1,0,1,53,0" doraHai="110" doraHaiUra="111" who="3" fromWho="3" sc="248,-6,205,-6,328,-11,209,33" /><INIT seed="3,0,0,3,3,70" ten="242,199,317,242" oya="3" hai0="101,37,76,97,79,135,6,23,78,108,134,87,39" hai1="44,122,74,28,71,60,133,132,94,62,84,131,42" hai2="103,77,86,26,4,98,54,93,126,88,19,118,58" hai3="10,91,123,25,106,107,100,73,24,33,35,47,11"/><W92/><G123/><T90/><D6/><U81/><E28/><V27/><F118/><W128/><G73/><T32/><D32/><U125/><E122/><V63/><F126/><W0/><G128/><T105/><D23/><U5/><E74/><V102/><F4/><W57/><G100/><T3/><D3/><U120/><E120/><V56/><F56/><W69/><G69/><T99/><D99/><U75/><E75/><V72/><F72/><W115/><G57/><T22/><D22/><U96/><E5/><V52/><F54/><W15/><G92/><T14/><D14/><U104/><E104/><V9/><F9/><W66/><G47/><T61/><D61/><U124/><E131/><V34/><F34/><W43/><G91/><T18/><D18/><U20/><E20/><N who="2" m="13599" /><F27/><W130/><G66/><T46/><D46/><U83/><E71/><V89/><F77/><W114/><G130/><T85/><D108/><U38/><E62/><V30/><F30/><W68/><G68/><T113/><D113/><U129/><E60/><V7/><F7/><W49/><G43/><T64/><D64/><U48/><E129/><V80/><AGARI ba="0,0" hai="52,58,63,80,86,88,89,93,98,102,103" m="13599" machi="80" ten="30,7900,0" yaku="25,1,8,1,54,2" doraHai="70" who="2" fromWho="2" sc="242,-20,199,-20,317,79,242,-39" /><INIT seed="4,0,0,2,2,127" ten="222,179,396,203" oya="0" hai0="105,61,16,1,69,7,58,102,87,53,42,44,104" hai1="99,132,45,13,39,86,43,26,134,55,120,22,35" hai2="2,9,31,97,30,0,94,83,65,75,125,34,129" hai3="71,84,90,21,96,72,5,37,77,19,38,98,135"/><T108/><D108/><U32/><E120/><V112/><F125/><W73/><G71/><T115/><D115/><U78/><E55/><V133/><F112/><W91/><G5/><T14/><D69/><U121/><E99/><V66/><F133/><N who="1" m="51305" /><E13/><V56/><F34/><N who="1" m="12841" /><E86/><V17/><F75/><W29/><G84/><T67/><D67/><U107/><E78/><V118/><F83/><W52/><G77/><T11/><D87/><U54/><E54/><V130/><F118/><W40/><G52/><T64/><D53/><U62/><E62/><N who="2" m="38087" /><F66/><W3/><G98/><T76/><D102/><U24/><E121/><V88/><F17/><W122/><G96/><T131/><D131/><N who="2" m="50186" /><F9/><W8/><G8/><T33/><D33/><U48/><E22/><V4/><F4/><W119/><G21/><T28/><D76/><U20/><E20/><V70/><F70/><W128/><G128/><T95/><D28/><AGARI ba="0,0" hai="0,2,28,30,31,88,94,97" m="50186,38087" machi="28" ten="30,8000,1" yaku="19,1,52,3,54,1" doraHai="127" who="2" fromWho="0" sc="222,-80,179,0,396,80,203,0" /><INIT seed="5,0,0,0,4,3" ten="142,179,476,203" oya="1" hai0="101,71,8,77,17,87,44,11,106,105,78,86,58" hai1="37,63,31,127,56,49,89,116,119,26,65,51,99" hai2="23,40,46,121,39,113,107,128,1,83,33,24,5" hai3="125,82,76,108,131,114,97,61,94,111,109,28,14"/><U0/><E0/><V67/><F23/><W27/><G114/><T19/><D58/><U133/><E37/><V48/><F48/><W59/><G131/><T122/><D44/><U42/><E133/><V15/><F15/><W112/><G14/><T130/><D130/><U88/><E127/><V126/><F128/><W98/><G112/><T91/><D91/><U47/><E51/><V110/><F113/><W20/><G125/><T53/><D53/><U25/><E26/><V81/><F81/><W9/><G9/><T90/><D90/><U66/><E66/><V29/><F110/><W80/><G76/><T115/><D115/><U22/><REACH who="1" step="1"/><E99/><REACH who="1" ten="142,169,476,203" step="2"/><V36/><F36/><W57/><G98/><T75/><D75/><U16/><E16/><V135/><F126/><W120/><G97/><T35/><D122/><U18/><E18/><V93/><F121/><W64/><G120/><T117/><D117/><AGARI ba="0,1" hai="22,25,31,42,47,49,56,63,65,88,89,116,117,119" machi="117" ten="40,3900,0" yaku="1,1,54,1,53,0" doraHai="3" doraHaiUra="104" who="1" fromWho="0" sc="142,-39,169,49,476,0,203,0" /><INIT seed="5,1,0,5,5,41" ten="103,218,476,203" oya="1" hai0="10,133,108,111,74,99,24,86,18,90,39,12,48" hai1="58,92,51,26,103,91,30,132,43,114,42,89,88" hai2="69,119,98,76,81,31,101,37,19,128,1,47,77" hai3="63,85,44,57,16,71,96,131,35,75,60,59,32"/><U11/><E132/><V33/><F19/><W5/><G75/><T134/><D39/><U6/><E114/><V107/><F77/><W113/><G71/><T21/><D99/><U110/><E110/><V62/><F119/><W123/><G123/><T52/><D74/><U105/><E105/><V70/><F62/><W22/><G5/><T7/><D134/><U106/><E106/><V67/><F67/><W13/><G131/><T36/><D36/><U66/><E103/><V118/><F128/><W129/><G113/><T102/><D102/><U82/><E82/><V130/><F118/><W29/><G96/><T93/><D133/><U120/><E120/><V46/><F46/><W126/><G126/><T54/><D54/><U115/><E92/><V122/><F122/><W27/><G35/><T20/><REACH who="0" step="1"/><D20/><REACH who="0" ten="93,218,476,203" step="2"/><N who="1" m="15687" /><E115/><V97/><F97/><W72/><G72/><T2/><D2/><U3/><E3/><V109/><F1/><W9/><G129/><T73/><D73/><U65/><E43/><V68/><F98/><W79/><G32/><T40/><D40/><U124/><E42/><V127/><F33/><W14/><G22/><T84/><D84/><U15/><E124/><V94/><F127/><W4/><G85/><T116/><D116/><U117/><E117/><V45/><F130/><W49/><G9/><T23/><D23/><U8/><E11/><V0/><F0/><W34/><G34/><T87/><D87/><U17/><E6/><V112/><F101/><W50/><G4/><T28/><D28/><U95/><E95/><V64/><F94/><W38/><G29/><RYUUKYOKU ba="1,1" sc="93,15,218,15,476,-15,203,-15" hai0="7,10,12,18,21,24,48,52,86,90,93,108,111" hai1="8,15,17,51,58,65,66,88,89,91" /><INIT seed="5,2,1,2,1,74" ten="108,233,461,188" oya="1" hai0="93,27,15,11,79,46,41,29,89,110,87,78,130" hai1="40,83,44,115,55,124,14,23,19,68,135,121,36" hai2="50,133,125,128,49,98,77,86,91,48,63,73,26" hai3="85,134,58,106,16,57,102,32,80,64,123,0,88"/><U1/><E121/><V53/><F133/><W72/><G123/><T105/><D130/><U35/><E35/><V65/><F128/><W117/><G0/><T97/><D110/><U52/><E135/><V37/><F37/><W59/><G134/><T90/><D105/><U120/><E120/><V34/><F125/><W45/><G32/><T5/><D27/><U112/><E68/><V12/><F12/><W109/><G109/><T107/><D29/><U43/><E43/><V122/><F98/><W113/><G72/><T21/><D21/><U70/><E70/><V126/><F126/><W69/><G113/><N who="1" m="43594" /><E1/><V103/><F103/><W66/><G117/><T118/><D107/><U108/><E108/><V7/><F7/><W18/><G69/><T3/><D3/><U28/><E124/><V111/><F111/><W30/><G30/><T13/><D13/><U24/><E83/><V4/><F4/><W33/><G33/><T84/><D97/><U39/><E39/><V100/><F26/><W6/><G6/><T9/><D9/><U20/><AGARI ba="2,1" hai="14,19,20,23,24,28,36,40,44,52,55" m="43594" machi="20" ten="30,3000,0" yaku="15,1,54,1" doraHai="74" who="1" fromWho="1" sc="108,-12,233,46,461,-12,188,-12" /><INIT seed="5,3,0,0,4,86" ten="96,279,449,176" oya="1" hai0="135,110,120,102,91,11,98,112,1,111,14,76,23" hai1="126,87,21,128,53,12,8,118,6,50,10,131,51" hai2="114,40,83,58,54,75,125,24,31,65,7,117,105" hai3="0,63,60,27,18,66,4,32,100,16,22,109,115"/><U123/><E123/><V26/><F117/><W55/><G109/><T85/><D1/><U15/><E118/><V9/><F105/><W132/><G115/><T49/><D23/><U84/><E21/><V124/><F65/><W3/><G32/><T116/><D14/><U45/><E126/><N who="2" m="48747" /><F40/><W129/><G129/><N who="1" m="49738" /><E51/><N who="2" m="31071" /><F114/><W34/><G34/><T113/><D49/><U28/><E28/><V2/><F31/><W19/><G132/><T62/><D62/><U30/><E30/><V61/><F61/><W43/><G63/><T70/><D11/><U90/><E90/><V88/><F75/><W72/><G72/><T104/><D70/><U80/><E80/><V17/><F17/><AGARI ba="3,0" hai="6,8,10,12,15,17,45,50,53,84,87" m="49738" machi="17" ten="30,1500,0" yaku="19,1" doraHai="86" who="1" fromWho="2" sc="96,0,279,24,449,-24,176,0" /><INIT seed="5,4,0,2,2,1" ten="96,303,425,176" oya="1" hai0="26,3,108,68,37,56,10,115,33,102,125,52,32" hai1="78,74,113,22,109,12,4,98,0,43,21,38,66" hai2="129,84,128,122,118,50,29,19,5,88,48,65,18" hai3="70,107,2,85,63,81,28,39,41,67,58,114,92"/><U77/><E0/><V86/><F122/><W100/><G107/><T120/><D108/><U116/><E116/><V133/><F65/><W79/><G114/><T17/><D37/><U24/><E74/><V103/><F29/><W80/><G2/><T101/><D68/><U57/><E38/><V82/><F103/><W90/><G28/><T25/><D120/><U9/><E43/><V97/><F97/><W123/><G123/><T93/><D115/><U49/><E109/><V45/><F133/><W35/><G35/><T14/><D125/><U110/><E22/><V104/><F104/><W53/><G41/><T130/><D130/><N who="2" m="50282" /><F5/><W83/><G39/><T134/><D134/><U20/><E21/><V13/><F118/><W61/><REACH who="3" step="1"/><G100/><REACH who="3" ten="96,303,425,166" step="2"/><T112/><D112/><U6/><E113/><V95/><F45/><W40/><G40/><T62/><D32/><U64/><E110/><V135/><F135/><W46/><G46/><T47/><D47/><U55/><E6/><V7/><F7/><W71/><G71/><T69/><D69/><U124/><E124/><V126/><F126/><W15/><G15/><T76/><D3/><U36/><E36/><V42/><F42/><W106/><G106/><T30/><D26/><U96/><E24/><V73/><F19/><W94/><G94/><T31/><D31/><U27/><E27/><V117/><F117/><W127/><G127/><T11/><D93/><U111/><E111/><V44/><F44/><W23/><G23/><T119/><D119/><U121/><E121/><V59/><F18/><W105/><G105/><T75/><D10/><RYUUKYOKU ba="4,1" sc="96,15,303,-15,425,-15,166,15" hai0="11,14,17,25,30,33,52,56,62,75,76,101,102" hai3="53,58,61,63,67,70,79,80,81,83,85,90,92" /><INIT seed="6,5,1,3,0,64" ten="111,288,410,181" oya="2" hai0="131,101,25,39,7,11,102,117,89,97,132,32,125" hai1="24,44,113,134,115,58,106,83,17,35,130,59,118" hai2="49,127,128,66,81,68,42,80,88,43,54,61,96" hai3="41,40,51,4,63,107,129,112,28,50,60,123,121"/><V57/><F128/><W48/><G107/><T0/><D131/><U90/><E130/><V37/><F127/><W110/><G4/><T15/><D125/><U119/><E106/><V87/><F96/><W34/><G28/><T30/><D39/><U82/><E44/><N who="2" m="23631" /><F43/><N who="3" m="16459" /><G34/><T65/><D132/><U69/><E69/><V1/><F1/><W100/><G100/><T31/><D31/><U13/><E90/><V56/><F56/><N who="1" m="21545" /><E134/><V71/><F71/><W10/><G10/><T133/><D65/><U95/><E95/><AGARI ba="5,1" hai="49,54,57,61,66,68,80,81,87,88,95" m="23631" machi="95" ten="30,5800,0" yaku="24,1,52,1,54,1" doraHai="64" who="2" fromWho="1" sc="111,0,288,-73,410,83,181,0" /><INIT seed="6,6,0,3,2,67" ten="111,215,493,181" oya="2" hai0="57,15,82,119,37,125,35,120,131,77,97,20,112" hai1="7,0,44,127,24,39,71,110,46,12,55,128,102" hai2="36,124,105,117,2,87,38,101,25,91,10,22,74" hai3="111,81,96,84,9,129,66,61,70,29,52,69,49"/><V51/><F117/><W23/><G111/><T27/><D120/><U99/><E0/><V88/><F74/><W90/><G129/><T68/><D37/><U31/><E110/><V126/><F101/><W108/><G108/><T41/><D119/><U19/><E7/><N who="2" m="1399" /><F51/><W93/><G9/><T16/><D41/><U26/><E127/><N who="2" m="48683" /><F105/><W106/><G106/><T64/><D125/><U79/><E102/><V107/><F107/><W83/><G83/><T50/><D131/><U103/><E103/><V65/><F65/><W80/><G84/><T3/><D97/><U42/><E99/><V100/><F100/><W4/><G4/><T14/><D3/><U32/><E128/><V116/><F116/><W11/><G11/><T17/><D112/><U72/><E72/><V132/><F132/><W104/><G104/><T85/><D35/><U30/><E32/><V95/><F91/><W47/><G80/><T48/><D57/><U76/><E79/><V98/><F87/><W109/><G81/><T121/><D121/><U89/><E76/><V1/><F1/><W59/><G109/><T92/><D92/><U113/><E89/><V118/><F118/><W73/><G73/><T123/><D27/><U130/><E26/><V21/><F21/><W114/><G93/><T45/><D45/><U33/><E46/><V28/><AGARI ba="6,0" hai="22,25,28,36,38,88,95,98" m="48683,1399" machi="28" ten="30,3000,0" yaku="18,1,54,1" doraHai="67" who="2" fromWho="2" sc="111,-16,215,-16,493,48,181,-16" /><INIT seed="6,7,0,4,0,90" ten="95,199,541,165" oya="2" hai0="28,86,20,56,1,51,93,13,42,55,61,36,106" hai1="104,124,59,113,43,32,92,8,115,76,3,48,10" hai2="125,83,52,87,37,94,60,25,2,105,45,123,89" hai3="72,0,14,132,65,30,15,128,122,111,114,112,133"/><V16/><F123/><W91/><G72/><T99/><D1/><U95/><E104/><V38/><F105/><W119/><G0/><T117/><D117/><U74/><E32/><V33/><F2/><W40/><G119/><T135/><D135/><N who="3" m="51785" /><G122/><T103/><D36/><U9/><E124/><V11/><F125/><W35/><G40/><T85/><D106/><U129/><E129/><V18/><F33/><W78/><G78/><T120/><D120/><U27/><E27/><V57/><F38/><W44/><G44/><T97/><D97/><U73/><E3/><V58/><F37/><W66/><G128/><T49/><D42/><U7/><E7/><V19/><F45/><W130/><G130/><T22/><D22/><U116/><E76/><N who="2" m="46567" /><F25/><N who="3" m="18895" /><G91/><T102/><D102/><U50/><E43/><V101/><F101/><W69/><G111/><T71/><D71/><U12/><E116/><V96/><F58/><W47/><G47/><T70/><D70/><U134/><E59/><V54/><F54/><W131/><G131/><T34/><D34/><U81/><E134/><V108/><F108/><W24/><G24/><N who="0" m="16391" /><D13/><AGARI ba="7,0" hai="11,13,16,18,19,52,57,60,89,94,96" m="46567" machi="13" ten="30,11600,0" yaku="8,1,52,1,54,2" doraHai="90" who="2" fromWho="0" sc="95,-137,199,0,541,137,165,0" owari="-42,-54.2,199,-0.1,678,77.8,165,-23.5" /></mjloggm>