<mjloggm ver="2.3"><GO type="137" lobby="0"/><UN n0="%E3%82%B9%E3%82%AB%E3%83%BC%E3%83%AC%E3%83%A2%E3%83%B3" n1="%E8%BF%B7%E8%B5%B0%E5%A4%AA" n2="%E2%93%9D%4C%75%63%6B%79%4A" n3="%E3%82%A2%E3%82%A4%E3%83%9E" dan="12,12,10,11" rate="1698.43,1603.45,1812.97,1676.25" sx="M,M,M,M"/><TAIKYOKU oya="0"/><INIT seed="0,0,0,2,2,3" ten="250,250,250,250" oya="0" hai0="12,74,85,62,48,95,5,1,17,115,106,124,123" hai1="112,78,117,97,33,69,40,0,30,133,47,103,19" hai2="35,94,105,53,49,63,110,70,2,72,125,57,18" hai3="22,87,34,79,43,82,120,13,26,20,50,41,45"/><T68/><D106/><N who="1" m="63855" /><E19/><V75/><F105/><W14/><G120/><T122/><D74/><U59/><E59/><V93/><F125/><W16/><G34/><T28/><D28/><U84/><E84/><V89/><F110/><W37/><REACH who="3" step="1"/><G22/><REACH who="3" ten="250,250,250,240" step="2"/><T11/><D124/><U27/><E117/><V108/><F35/><W21/><G21/><T31/><D115/><U66/><E112/><V4/><F108/><W104/><G104/><T23/><D31/><U88/><E88/><V8/><F89/><W102/><G102/><T60/><D123/><U107/><E133/><V38/><F75/><W114/><G114/><T51/><D122/><U54/><E54/><V15/><F53/><W83/><G83/><T135/><D135/><U98/><E78/><V73/><F94/><W58/><G58/><T91/><REACH who="0" step="1"/><D68/><REACH who="0" ten="240,250,250,240" step="2"/><U76/><E76/><V126/><F70/><W29/><G29/><T24/><D24/><U109/><E109/><V71/><F126/><W64/><G64/><T127/><D127/><U130/><E130/><V86/><BYE who="1" /><F71/><W46/><AGARI ba="0,2" hai="13,14,16,20,26,37,41,43,45,46,50,79,82,87" machi="46" ten="30,8000,1" yaku="1,1,0,1,54,1,53,2" doraHai="3" doraHaiUra="9" who="3" fromWho="3" sc="240,-40,250,-20,250,-20,240,100" /><INIT seed="1,0,0,5,4,6" ten="200,230,230,340" oya="1" hai0="43,52,106,79,55,112,76,131,123,33,38,115,17" hai1="53,64,90,40,119,82,87,12,127,20,31,57,24" hai2="73,41,98,66,89,104,135,50,5,83,46,114,111" hai3="69,88,118,77,8,15,72,130,22,134,74,86,26"/><U11/><E11/><V23/><F135/><W113/><G69/><T63/><D106/><UN n1="%E8%BF%B7%E8%B5%B0%E5%A4%AA" /><U100/><E119/><V2/><F114/><W120/><G120/><T27/><D123/><U13/><E127/><V7/><F66/><W92/><G113/><T124/><D124/><U103/><E40/><V71/><F71/><W36/><G118/><T95/><D131/><U1/><E1/><V122/><F111/><W109/><G36/><T105/><D105/><U60/><REACH who="1" step="1"/><E64/><REACH who="1" ten="200,220,230,340" step="2"/><V14/><F41/><W85/><G130/><T65/><D43/><U30/><E30/><V107/><F2/><W116/><G134/><T91/><D115/><U117/><E117/><V78/><F122/><W28/><G116/><T108/><D112/><U58/><E58/><V0/><F0/><W3/><G3/><T81/><D108/><U61/><E61/><V132/><F132/><W99/><G109/><T70/><D38/><U121/><E121/><V110/><F110/><W128/><G128/><T51/><D33/><U62/><E62/><V96/><F50/><W67/><G67/><T49/><D51/><U45/><E45/><V47/><F47/><W68/><G68/><T101/><D49/><U29/><E29/><V80/><F46/><W39/><G39/><T102/><D63/><U59/><E59/><V42/><F42/><W10/><G10/><T32/><D65/><U4/><E4/><V93/><F7/><W56/><G56/><T44/><D70/><U35/><E35/><V75/><F5/><W21/><G28/><T133/><D133/><U129/><E129/><V126/><F126/><RYUUKYOKU ba="0,1" sc="200,-10,220,30,230,-10,340,-10" hai1="12,13,20,24,31,53,57,60,82,87,90,100,103" /><INIT seed="1,1,1,3,1,19" ten="190,250,220,330" oya="1" hai0="75,24,59,82,76,69,67,21,1,78,47,83,12" hai1="74,135,102,107,84,131,22,30,0,96,126,101,106" hai2="5,90,109,111,56,121,125,134,54,43,20,39,8" hai3="123,73,119,7,95,16,2,108,44,46,114,3,37"/><U42/><E42/><V104/><F104/><W53/><G73/><T48/><D69/><U25/><E0/><V6/><F121/><W122/><G114/><T55/><D1/><U31/><E74/><V110/><F125/><W38/><G95/><T91/><D75/><U35/><E135/><V85/><F134/><W66/><G7/><T118/><D118/><U105/><E131/><V79/><F79/><W14/><G66/><T34/><D34/><U68/><E68/><V100/><F100/><W33/><G14/><T51/><D67/><U13/><E126/><V62/><F8/><W15/><G15/><T117/><D117/><U64/><E64/><V9/><F9/><W133/><G119/><T45/><D12/><U52/><E84/><V60/><F62/><W103/><G103/><T17/><D83/><U88/><E13/><V87/><F87/><W128/><G53/><T113/><D113/><U130/><E130/><V58/><F58/><W65/><G65/><T63/><D91/><U10/><E10/><V72/><F72/><W77/><G128/><T120/><D120/><U112/><E112/><V86/><F86/><W132/><G77/><N who="0" m="29803" /><D82/><U4/><E4/><V28/><F85/><W99/><G99/><T93/><D93/><U57/><E35/><V80/><F80/><W32/><G108/><T71/><D71/><U41/><E41/><V50/><F6/><W18/><AGARI ba="1,1" hai="2,3,16,18,32,33,37,38,44,46,122,123,132,133" machi="18" ten="25,6400,0" yaku="0,1,22,2,54,1" doraHai="19" who="3" fromWho="3" sc="190,-17,250,-33,220,-17,330,77" /><INIT seed="2,0,0,3,5,54" ten="173,217,203,407" oya="2" hai0="90,12,71,53,2,9,121,102,22,88,72,125,110" hai1="128,94,77,126,56,73,122,59,25,98,32,7,42" hai2="37,132,106,127,81,131,1,23,111,108,58,44,66" hai3="52,64,107,49,33,4,60,93,133,79,116,65,48"/><V17/><F106/><W99/><G33/><T30/><D71/><U62/><E7/><V35/><F35/><W95/><G116/><T86/><D2/><U8/><E42/><V123/><F123/><W124/><G133/><T40/><D72/><U14/><E122/><V15/><F1/><W0/><G124/><T130/><D121/><U69/><E128/><V101/><F101/><W39/><G79/><T38/><D38/><U83/><E126/><V68/><F68/><W36/><G107/><T46/><D40/><U119/><E119/><V76/><F127/><W104/><G104/><T113/><D113/><U129/><E129/><V87/><F131/><W31/><G31/><T16/><D102/><U34/><E69/><V100/><F100/><W27/><G27/><T115/><D115/><U135/><E135/><V13/><F132/><W74/><G74/><T75/><D75/><U57/><E62/><N who="2" m="38231" /><F44/><W51/><G95/><T3/><D3/><U47/><E47/><V117/><F37/><W89/><G4/><T29/><D130/><U103/><REACH who="1" step="1"/><E25/><REACH who="1" ten="173,207,203,407" step="2"/><N who="2" m="14575" /><F117/><W21/><G0/><T118/><D118/><U28/><E28/><N who="0" m="10857" /><D125/><U109/><E109/><AGARI ba="0,1" hai="13,15,76,81,87,108,109,111" m="14575,38231" machi="109" ten="30,5800,0" yaku="14,1,10,1,52,1" doraHai="54" who="2" fromWho="1" sc="173,0,207,-58,203,68,407,0" /><INIT seed="2,1,0,4,2,44" ten="173,149,271,407" oya="2" hai0="93,79,28,37,27,75,25,11,132,73,13,125,128" hai1="61,0,5,122,82,100,12,108,135,53,84,99,113" hai2="6,107,80,9,24,110,124,40,54,102,106,21,52" hai3="32,88,74,95,133,98,33,10,38,78,50,47,8"/><V46/><F124/><W121/><G121/><T129/><D37/><U62/><E122/><V2/><F110/><W83/><G133/><T109/><D79/><U45/><E135/><V68/><F68/><W20/><G38/><T18/><D93/><U86/><E113/><V96/><F107/><W70/><G70/><T114/><D132/><U14/><E108/><V7/><F7/><W89/><G89/><T65/><D65/><U31/><E31/><V43/><F80/><W39/><G39/><T87/><D87/><U116/><E116/><V126/><F126/><W55/><REACH who="3" step="1"/><G20/><REACH who="3" ten="173,149,271,397" step="2"/><T76/><D125/><U77/><E0/><V69/><F69/><W119/><G119/><T64/><D109/><U51/><E86/><V90/><F90/><W85/><G85/><T92/><D114/><U104/><E104/><V72/><F72/><W42/><G42/><T58/><D58/><U111/><E111/><V23/><BYE who="1" /><F23/><W34/><AGARI ba="1,1" hai="8,10,32,33,34,47,50,55,74,78,83,88,95,98" machi="34" ten="30,7900,0" yaku="1,1,0,1,52,1,54,1,53,0" doraHai="44" doraHaiUra="101" who="3" fromWho="3" sc="173,-21,149,-21,271,-40,397,92" /><INIT seed="3,0,0,3,1,37" ten="152,128,231,489" oya="3" hai0="61,1,93,31,70,32,129,108,35,12,111,73,91" hai1="57,18,21,29,23,63,40,86,26,56,112,16,121" hai2="47,17,118,95,30,128,99,75,117,9,60,124,13" hai3="113,36,51,84,69,103,135,49,115,92,79,0,76"/><W77/><G0/><T80/><D70/><U119/><E119/><V39/><F75/><W6/><G36/><T38/><D61/><UN n1="%E8%BF%B7%E8%B5%B0%E5%A4%AA" /><U109/><E121/><V27/><F124/><W41/><G6/><T42/><D129/><U68/><E112/><V133/><F133/><W67/><G135/><T100/><D100/><U74/><E74/><V11/><F11/><W44/><G51/><T83/><D80/><U114/><E114/><V122/><F122/><W110/><G110/><T43/><D38/><U62/><E109/><N who="0" m="42057" /><D1/><U97/><E68/><V48/><F60/><W50/><G50/><T81/><D83/><U123/><E123/><V59/><F59/><N who="1" m="22601" /><E29/><V134/><F128/><W33/><G33/><N who="0" m="12875" /><D31/><U132/><E132/><V102/><F39/><W71/><G67/><T105/><D105/><U89/><E97/><V98/><F99/><W82/><G71/><T90/><D12/><U96/><E96/><V14/><F14/><W116/><G69/><T53/><D53/><U101/><E101/><V72/><F72/><W10/><G103/><T66/><D66/><U28/><E28/><V4/><F134/><W131/><G131/><T3/><D3/><U25/><E40/><N who="0" m="15401" /><D93/><AGARI ba="0,0" hai="16,18,21,23,25,26,62,63,86,89,93" m="22601" machi="93" ten="30,2000,0" yaku="8,1,54,1" doraHai="37" who="1" fromWho="0" sc="152,-20,128,20,231,0,489,0" /><INIT seed="4,0,0,1,5,3" ten="132,148,231,489" oya="0" hai0="95,133,128,96,135,122,77,60,123,68,26,29,15" hai1="34,126,65,12,86,109,23,121,62,45,108,97,125" hai2="11,100,56,37,114,33,92,63,54,91,81,5,35" hai3="36,89,72,119,4,101,31,124,44,106,20,74,22"/><T64/><D77/><U53/><E121/><V46/><F114/><W58/><G119/><T90/><D15/><U111/><E34/><V14/><F100/><W103/><G124/><N who="1" m="47722" /><E86/><V50/><F37/><W78/><G89/><T47/><D47/><U93/><E12/><V18/><F81/><W116/><G58/><T129/><D123/><U130/><E23/><V104/><F104/><W94/><G106/><T21/><REACH who="0" step="1"/><D122/><REACH who="0" ten="122,148,231,489" step="2"/><U28/><E130/><AGARI ba="0,1" hai="21,26,29,60,64,68,90,95,96,128,129,130,133,135" machi="130" ten="40,7700,0" yaku="1,1,2,1,19,1,53,0" doraHai="3" doraHaiUra="120" who="0" fromWho="1" sc="122,87,148,-77,231,0,489,0" /><INIT seed="4,1,0,4,1,124" ten="209,71,231,489" oya="0" hai0="80,86,17,18,61,96,32,37,67,20,133,70,83" hai1="127,12,92,59,55,24,11,43,113,6,64,47,60" hai2="71,54,81,62,123,33,75,14,42,22,120,131,5" hai3="39,28,82,88,34,121,21,112,100,68,4,9,45"/><T46/><D32/><U25/><E113/><V74/><F42/><W63/><G34/><T129/><D133/><U114/><E114/><V15/><F33/><W53/><G100/><T58/><D96/><U125/><E92/><V115/><F54/><W57/><G68/><T73/><D73/><U52/><E127/><V116/><F62/><W30/><G121/><T23/><D80/><U101/><E125/><V102/><F71/><W97/><G21/><T8/><D70/><U104/><E104/><V105/><F5/><W31/><G31/><T89/><D37/><U130/><E130/><V106/><F22/><W108/><G108/><T13/><D129/><U111/><E111/><V91/><F81/><W99/><G82/><T27/><D46/><U76/><E101/><V94/><F102/><W50/><G39/><T48/><D48/><U7/><E76/><V98/><F115/><W84/><G30/><T78/><D8/><U2/><E2/><V41/><F116/><W44/><G28/><T0/><D0/><U93/><E93/><V35/><F35/><W51/><G112/><T118/><D118/><U107/><E107/><N who="2" m="40971" /><F131/><W90/><G44/><T69/><REACH who="0" step="1"/><D69/><REACH who="0" ten="199,71,231,489" step="2"/><U122/><E122/><V36/><F123/><W85/><G50/><T79/><AGARI ba="1,1" hai="13,17,18,20,23,27,58,61,67,78,79,83,86,89" machi="79" ten="30,11700,0" yaku="1,1,2,1,0,1,8,1,53,0" doraHai="124" doraHaiUra="128" who="0" fromWho="0" sc="199,130,71,-40,231,-40,489,-40" /><INIT seed="4,2,0,2,4,2" ten="329,31,191,449" oya="0" hai0="106,101,99,81,94,123,93,14,73,69,54,76,108" hai1="133,126,102,130,31,52,112,121,51,114,74,49,79" hai2="56,127,57,63,23,47,25,120,129,6,7,95,124" hai3="30,41,12,11,3,103,48,44,80,13,135,10,134"/><T86/><D69/><U82/><E31/><V116/><F120/><W96/><G30/><T71/><D71/><U34/><E34/><V131/><F47/><W53/><G3/><T29/><D29/><U55/><E121/><V40/><F40/><W68/><G68/><T113/><D123/><U42/><E102/><V119/><F95/><W122/><G122/><T46/><D14/><U45/><E74/><V83/><F83/><W97/><G80/><T37/><D37/><U98/><E98/><V62/><F23/><W92/><G97/><T17/><D17/><U65/><E79/><V128/><F131/><W1/><G1/><T109/><D54/><N who="1" m="20523" /><E82/><V22/><F22/><W104/><G104/><T60/><D60/><U88/><E88/><V87/><F87/><W78/><G78/><T24/><D24/><AGARI ba="2,0" hai="6,7,24,25,56,57,62,63,116,119,124,127,128,129" machi="24" ten="25,6400,0" yaku="22,2,52,2" doraHai="2" who="2" fromWho="0" sc="329,-70,31,0,191,70,449,0" /><INIT seed="5,0,0,4,4,35" ten="259,31,261,449" oya="1" hai0="28,21,131,16,105,39,81,58,2,84,26,128,12" hai1="46,101,19,56,127,74,48,126,0,4,50,23,116" hai2="76,70,61,66,41,122,75,9,86,3,17,27,36" hai3="120,64,132,77,33,85,130,94,73,123,8,104,24"/><U20/><E116/><V11/><F86/><W135/><G104/><T103/><D39/><U106/><E74/><V102/><F122/><W65/><G73/><T111/><D111/><U82/><E82/><V72/><F11/><W44/><G44/><T119/><D119/><U117/><E117/><V92/><F17/><W118/><G118/><T38/><D38/><U98/><E56/><V87/><F27/><W29/><G8/><T99/><D58/><U49/><E46/><N who="2" m="23847" /><F87/><W31/><G31/><T54/><D54/><U1/><E4/><N who="2" m="1183" /><F92/><W79/><G94/><T121/><D121/><U113/><E113/><V100/><F75/><W112/><G112/><T109/><D109/><U42/><E42/><V83/><AGARI ba="0,0" hai="61,66,70,72,76,83,100,102" m="1183,23847" machi="83" ten="30,2000,0" yaku="25,1,52,1" doraHai="35" who="2" fromWho="2" sc="259,-5,31,-10,261,20,449,-5" /><INIT seed="6,0,0,3,1,51" ten="254,21,281,444" oya="2" hai0="120,44,33,89,10,20,9,36,77,60,61,52,135" hai1="84,94,2,122,21,90,132,113,110,58,40,114,66" hai2="87,6,41,34,129,99,14,108,109,80,47,28,98" hai3="55,102,91,48,3,119,111,74,25,19,83,18,123"/><V104/><F34/><W116/><G123/><T27/><D33/><U57/><E2/><V126/><F28/><W30/><G111/><N who="2" m="42569" /><F104/><W26/><G3/><T31/><D120/><U103/><E122/><V17/><F6/><W93/><G102/><T39/><D135/><U81/><E40/><V133/><F129/><W65/><G65/><T50/><D77/><U11/><E110/><V12/><F126/><W92/><G74/><T37/><REACH who="0" step="1"/><D89/><REACH who="0" ten="244,21,281,444" step="2"/><U56/><E132/><V53/><F133/><W43/><G91/><T32/><D32/><U131/><E131/><V62/><F99/><W49/><G119/><T78/><D78/><U42/><E42/><V96/><F98/><W76/><G43/><T64/><D64/><U134/><E134/><V8/><F96/><W35/><G76/><T121/><D121/><U128/><E128/><V5/><F41/><W117/><G117/><T72/><D72/><U54/><E21/><N who="2" m="11447" /><F87/><W4/><G35/><T127/><D127/><U79/><E11/><AGARI ba="0,1" hai="9,10,11,20,27,31,36,37,39,44,50,52,60,61" machi="11" ten="40,5200,0" yaku="1,1,52,1,54,1,53,0" doraHai="51" doraHaiUra="101" who="0" fromWho="1" sc="244,62,21,-52,281,0,444,0" owari="306,10.6,-31,-53.1,281,-11.9,444,54.4" /></mjloggm>