<mjloggm ver="2.3"><GO type="9" lobby="0"/><UN n0="%E7%A5%9E%E6%A7%98%E6%9C%80%E9%AB%98" n1="%E3%83%8F%E3%83%8B%E3%83%AF%4F%63%4F" n2="%E8%BF%A9%E5%86%AC" n3="%E2%93%9D%4C%75%63%6B%79%4A" dan="5,2,7,8" rate="1606.21,1390.73,1618.31,1691.77" sx="M,M,M,M"/><TAIKYOKU oya="0"/><INIT seed="0,0,0,2,5,12" ten="250,250,250,250" oya="0" hai0="127,132,94,3,46,61,83,124,57,36,58,19,75" hai1="100,6,135,98,31,35,20,114,99,97,74,49,89" hai2="55,77,112,23,134,42,78,33,103,133,116,47,28" hai3="106,59,37,126,39,48,90,86,11,102,26,63,34"/><T70/><D3/><U9/><E35/><V131/><F112/><W105/><G48/><T107/><D107/><U10/><E74/><V81/><F131/><W73/><G73/><T50/><D36/><U95/><E114/><V2/><F2/><W21/><BYE who="2" /><G34/><T7/><D7/><UN n2="%E8%BF%A9%E5%86%AC" /><U92/><E135/><N who="2" m="51723" /><F33/><W53/><G126/><T64/><D132/><U110/><E98/><V41/><F103/><W24/><G26/><T29/><D29/><U22/><E110/><V104/><F104/><W18/><G106/><T71/><D94/><U38/><E38/><V43/><F116/><W111/><G111/><T4/><D4/><U51/><E31/><V128/><F128/><W25/><G25/><T119/><D119/><U101/><REACH who="1" step="1"/><E89/><REACH who="1" ten="250,240,250,250" step="2"/><V15/><F28/><W52/><G39/><T69/><D127/><U115/><E115/><V8/><F77/><W120/><G37/><T66/><D124/><U17/><E17/><V96/><F96/><W121/><G102/><T123/><D19/><U117/><E117/><V45/><F78/><W113/><G113/><T62/><D75/><U30/><E30/><V130/><F130/><W91/><G91/><T88/><D88/><U27/><E27/><V84/><F84/><W72/><G72/><T87/><D87/><U56/><E56/><V14/><F45/><W109/><G109/><T82/><D123/><N who="3" m="47177" /><G90/><T122/><D122/><U118/><E118/><V60/><F47/><W44/><G86/><T1/><D1/><U68/><E68/><V0/><F81/><W32/><G32/><T40/><AGARI ba="0,1" hai="40,46,50,57,58,61,62,64,66,69,70,71,82,83" machi="40" ten="30,3000,0" yaku="0,1,9,1" doraHai="12" who="0" fromWho="0" sc="250,40,240,-10,250,-10,250,-10" /><INIT seed="0,1,0,3,5,117" ten="290,230,240,240" oya="0" hai0="21,116,105,111,113,4,36,86,83,40,45,55,47" hai1="2,103,38,101,49,123,41,5,118,124,108,110,95" hai2="33,28,87,72,88,131,82,78,35,52,74,126,79" hai3="109,53,64,60,59,26,37,125,61,8,93,31,94"/><T68/><D113/><U32/><E118/><V56/><F131/><W51/><G37/><T75/><D116/><U127/><E32/><V128/><F126/><N who="1" m="48169" /><E123/><V22/><F128/><W12/><G109/><N who="1" m="42090" /><E38/><V97/><F35/><W100/><G100/><T46/><D111/><U115/><E115/><V24/><F33/><W133/><G133/><T70/><D105/><U80/><E80/><V76/><REACH who="2" step="1"/><F97/><REACH who="2" ten="290,230,230,240" step="2"/><W42/><G125/><T19/><D36/><U104/><E104/><V130/><F130/><W119/><G119/><T120/><D120/><U30/><E101/><V1/><F1/><W129/><G129/><T90/><D70/><U85/><E103/><V73/><F73/><W27/><G94/><T65/><D68/><U3/><E2/><V92/><F92/><W17/><G93/><T102/><D75/><U91/><E3/><V23/><F23/><W132/><G132/><T106/><D106/><U29/><E5/><V18/><F18/><W54/><G31/><T69/><D102/><U134/><E134/><V7/><F7/><W81/><G81/><T135/><D4/><U112/><E112/><V39/><F39/><W50/><G17/><T107/><D107/><U121/><E121/><V20/><F20/><W77/><G8/><T57/><D135/><U62/><E62/><AGARI ba="1,1" hai="22,24,28,52,56,62,72,74,76,78,79,82,87,88" machi="62" ten="40,8000,1" yaku="1,1,54,2,53,1" doraHai="117" doraHaiUra="58" who="2" fromWho="1" sc="290,0,230,-83,230,93,240,0" /><INIT seed="1,0,0,0,0,67" ten="290,147,323,240" oya="1" hai0="111,11,15,21,26,122,66,126,96,128,133,108,22" hai1="72,30,132,115,5,28,113,74,78,13,10,47,37" hai2="64,36,31,116,81,43,91,105,69,99,27,102,123" hai3="124,23,119,12,95,73,92,24,58,76,104,87,52"/><U3/><E132/><V120/><F116/><W46/><G104/><T98/><D66/><U9/><E113/><V85/><F43/><W88/><G124/><T60/><D60/><U45/><E115/><V29/><F36/><W107/><G107/><T93/><D126/><U18/><E74/><V97/><F97/><W94/><G119/><T83/><D128/><U101/><E101/><V49/><F49/><N who="3" m="30991" /><G73/><T121/><D83/><U103/><E103/><V20/><REACH who="2" step="1"/><F31/><REACH who="2" ten="290,147,313,240" step="2"/><N who="3" m="17823" /><G46/><T38/><D38/><U7/><E45/><V125/><F125/><W82/><G12/><T2/><D2/><U90/><E90/><V48/><F48/><W32/><G32/><T89/><D133/><U68/><E68/><V55/><F55/><W109/><G109/><N who="0" m="42059" /><D98/><U17/><E17/><V56/><F56/><W135/><G135/><T65/><D65/><U4/><E4/><V1/><F1/><W63/><G63/><AGARI ba="0,1" hai="20,27,29,63,64,69,81,85,91,99,102,105,120,123" machi="63" ten="40,5200,0" yaku="1,1,52,1,53,1" doraHai="67" doraHaiUra="16" who="2" fromWho="3" sc="290,0,147,0,313,62,240,-52" /><INIT seed="2,0,0,0,4,133" ten="290,147,375,188" oya="2" hai0="122,14,2,17,38,110,101,100,127,78,37,116,103" hai1="79,28,31,18,73,55,19,80,1,60,42,111,93" hai2="130,129,84,26,44,68,46,53,76,99,66,124,67" hai3="108,96,27,109,114,20,115,24,40,12,128,119,0"/><V62/><F99/><W13/><G40/><T4/><D110/><N who="3" m="42601" /><G128/><N who="2" m="49257" /><F26/><N who="3" m="9771" /><G96/><T91/><D122/><U43/><E1/><V57/><F84/><W54/><G54/><T71/><D71/><U23/><E111/><V70/><F76/><W132/><G132/><T83/><D116/><U39/><E39/><V98/><F98/><W48/><G48/><T120/><D120/><U81/><E93/><V29/><F29/><W104/><G104/><T56/><D91/><U121/><E79/><V30/><F30/><W47/><G47/><N who="2" m="17961" /><F124/><W34/><G34/><T113/><D56/><U41/><E73/><V135/><F135/><W8/><G119/><T10/><D127/><U15/><E19/><V45/><N who="2" m="17969" /><V9/><DORA hai="33" /><F9/><W11/><G20/><T21/><REACH who="0" step="1"/><D113/><REACH who="0" ten="280,147,375,188" step="2"/><N who="3" m="43017" /><G11/><T117/><D117/><U106/><E106/><V3/><F68/><W74/><G74/><AGARI ba="0,1" hai="2,4,10,14,17,21,37,38,74,78,83,100,101,103" machi="74" ten="40,2600,0" yaku="1,1,52,1,53,0" doraHai="133,33" doraHaiUra="58,59" who="0" fromWho="3" sc="280,36,147,0,375,0,188,-26" /><INIT seed="3,0,0,0,2,127" ten="316,147,375,162" oya="3" hai0="89,31,82,6,59,115,7,125,131,65,52,108,80" hai1="116,12,19,8,111,26,102,75,110,100,48,130,106" hai2="73,37,62,133,3,74,96,70,51,128,112,105,84" hai3="49,2,122,97,85,107,39,121,50,61,29,55,123"/><W135/><G2/><T56/><D108/><N who="1" m="41515" /><E75/><V83/><F37/><W119/><G29/><T91/><D125/><U58/><E116/><V46/><F3/><W88/><G39/><T53/><D115/><U54/><E26/><V20/><F112/><W134/><G119/><T129/><REACH who="0" step="1"/><D31/><REACH who="0" ten="306,147,375,162" step="2"/><U27/><E27/><V45/><F133/><N who="3" m="50699" /><G107/><T126/><D126/><U101/><E106/><V10/><F105/><W35/><G35/><T72/><D72/><U57/><E57/><V36/><F73/><W124/><G124/><T90/><D90/><U104/><E104/><V68/><F74/><W16/><G97/><T9/><D9/><U34/><E34/><V0/><F96/><W18/><G61/><T38/><D38/><U24/><E24/><V95/><F36/><W60/><G60/><T4/><D4/><U66/><E66/><AGARI ba="0,1" hai="6,7,52,53,56,59,65,66,80,82,89,91,129,131" machi="66" ten="25,12000,2" yaku="1,1,22,2,52,2,54,1,53,0" doraHai="127" doraHaiUra="118" who="0" fromWho="1" sc="306,130,147,-120,375,0,162,0" /><INIT seed="4,0,0,4,5,70" ten="436,27,375,162" oya="0" hai0="108,23,45,80,44,57,22,65,73,12,88,134,38" hai1="113,59,25,37,33,18,81,86,48,129,34,94,54" hai2="13,72,58,99,35,98,41,133,109,27,24,74,20" hai3="50,87,51,117,39,52,116,55,40,5,75,130,131"/><T107/><D107/><U4/><E37/><V7/><F109/><W77/><G77/><T17/><D108/><U112/><E129/><N who="3" m="49162" /><G5/><T63/><D134/><U125/><E125/><V11/><F133/><W83/><G87/><T16/><D38/><U100/><E4/><V0/><F72/><W14/><G14/><T114/><D114/><N who="1" m="44139" /><E100/><V101/><F74/><W47/><G83/><T68/><D68/><U28/><E94/><V3/><F35/><W120/><G75/><T93/><D73/><U43/><E43/><V66/><F41/><W128/><N who="3" m="49170" /><W46/><DORA hai="21" /><G120/><T36/><D80/><U102/><E102/><V126/><F126/><W56/><AGARI ba="0,0" hai="39,40,46,47,50,51,52,55,56,116,117" m="49170" machi="56" ten="40,8000,1" yaku="19,1,34,2,52,1,54,1" doraHai="70,21" who="3" fromWho="3" sc="436,-40,27,-20,375,-20,162,80" /><INIT seed="5,0,0,2,1,126" ten="396,7,355,242" oya="1" hai0="76,31,121,21,65,52,49,41,102,62,23,58,16" hai1="109,116,94,6,81,1,2,100,64,92,83,53,30" hai2="124,3,72,89,28,18,11,125,0,38,36,15,75" hai3="39,86,134,40,132,88,129,80,70,74,54,127,117"/><U33/><E33/><V8/><F89/><W12/><BYE who="1" /><G70/><T68/><D121/><U47/><E47/><V98/><F98/><W135/><G127/><N who="2" m="48713" /><F28/><W44/><G117/><T110/><D110/><U71/><E71/><V17/><F15/><W128/><G54/><T43/><D76/><U106/><E106/><V7/><F7/><W13/><G74/><N who="2" m="28201" /><F17/><W114/><G114/><T113/><D113/><U69/><E69/><V48/><F48/><W14/><AGARI ba="0,0" hai="12,13,14,39,40,44,80,86,88,128,129,132,134,135" machi="14" ten="40,8000,1" yaku="0,1,20,1,52,2,54,1" doraHai="126" who="3" fromWho="3" sc="396,-20,7,-40,355,-20,242,80" owari="376,47.6,-33,-53.3,335,13.5,322,-7.8" /></mjloggm>