<mjloggm ver="2.3"><GO type="41" lobby="0"/><UN n0="%E7%A9%B4%E3%81%BD%E3%81%93%E4%BB%99%E4%BA%BA" n1="%6B%6F%67%69%65%74" n2="%E3%83%99%E3%83%AB%E3%82%AF%E3%83%A9" n3="%E2%93%9D%4C%75%63%6B%79%4A" dan="14,13,15,17" rate="1987.61,1867.23,1969.12,2166.20" sx="M,M,M,M"/><TAIKYOKU oya="0"/><INIT seed="0,0,0,2,3,37" ten="250,250,250,250" oya="0" hai0="59,104,99,6,65,40,51,105,109,69,25,122,120" hai1="112,134,28,98,87,92,19,88,106,47,8,91,127" hai2="93,111,46,7,115,13,14,131,42,58,21,126,55" hai3="35,11,54,76,9,57,94,86,20,41,32,70,133"/><T66/><D6/><U103/><E127/><V10/><F126/><W101/><G70/><T48/><D25/><U63/><E134/><V24/><F111/><W85/><G133/><T78/><D78/><U4/><E112/><V124/><F124/><W81/><G35/><T96/><D59/><U128/><E128/><V118/><F131/><W38/><G32/><T123/><D69/><U102/><E28/><V52/><F115/><W39/><G39/><T15/><D15/><U53/><E19/><V108/><F108/><W17/><G41/><T132/><D132/><U34/><E34/><V30/><F118/><W68/><G38/><T114/><D109/><U0/><E106/><V61/><F93/><W117/><G68/><T16/><D114/><U64/><E53/><V43/><F14/><W3/><G3/><T72/><D72/><U1/><E1/><V60/><F60/><W50/><G117/><T135/><D135/><U44/><E102/><V121/><F121/><W71/><G71/><T77/><D77/><U29/><E29/><V27/><F24/><N who="3" m="14351" /><G101/><T107/><D16/><U18/><E18/><V125/><F125/><W129/><G129/><T74/><D74/><U130/><E130/><V113/><F113/><W73/><G73/><T33/><D33/><U56/><REACH who="1" step="1"/><E91/><AGARI ba="0,0" hai="9,11,50,54,57,76,81,85,86,91,94" m="14351" machi="91" ten="30,1000,0" yaku="8,1" doraHai="37" who="3" fromWho="1" sc="250,0,250,-10,250,0,250,10" /><INIT seed="1,0,0,4,5,107" ten="250,240,250,260" oya="1" hai0="124,80,33,69,60,82,78,77,25,41,65,133,1" hai1="56,28,94,110,53,11,92,32,24,34,74,61,105" hai2="64,23,37,20,26,6,44,62,76,119,3,122,30" hai3="18,123,36,132,118,111,75,5,114,103,106,17,89"/><U88/><E74/><V101/><F119/><W39/><G5/><T2/><D133/><U84/><E105/><V112/><F122/><W113/><G123/><T72/><D124/><U81/><E110/><V120/><F120/><W87/><G111/><T21/><D41/><U40/><E34/><V57/><F112/><W27/><G27/><T130/><D130/><U79/><E40/><V29/><F101/><W115/><G132/><T126/><D126/><U96/><E92/><V13/><F13/><W49/><G49/><T98/><D98/><U10/><AGARI ba="0,0" hai="10,11,24,28,32,53,56,61,79,81,84,88,94,96" machi="10" ten="30,3000,0" yaku="0,1,54,1" doraHai="107" who="1" fromWho="1" sc="250,-10,240,30,250,-10,260,-10" /><INIT seed="1,1,0,3,4,63" ten="240,270,240,250" oya="1" hai0="78,15,92,108,12,122,68,82,129,135,60,16,62" hai1="65,27,9,95,109,0,2,1,110,19,52,86,126" hai2="84,96,72,117,102,54,73,100,128,24,45,11,49" hai3="37,114,40,81,51,75,17,48,33,104,116,87,30"/><U43/><E43/><V32/><F117/><W50/><G75/><T118/><D108/><N who="1" m="41579" /><E126/><V97/><F128/><W7/><G104/><T20/><D118/><U35/><E95/><V31/><F84/><W90/><G7/><T66/><D135/><U61/><E86/><V3/><F97/><W103/><G114/><T70/><D129/><U99/><E99/><V10/><F100/><W88/><G103/><T69/><D122/><U79/><E79/><V44/><F44/><W132/><G132/><T26/><D92/><U121/><E121/><V74/><REACH who="2" step="1"/><F3/><REACH who="2" ten="240,270,230,250" step="2"/><W112/><G116/><T105/><D105/><AGARI ba="1,1" hai="10,11,24,31,32,45,49,54,72,73,74,96,102,105" machi="105" ten="40,8000,1" yaku="1,1,2,1,53,3" doraHai="63" doraHaiUra="106" who="2" fromWho="0" sc="240,-83,270,0,230,93,250,0" /><INIT seed="2,0,0,2,2,8" ten="157,270,323,250" oya="2" hai0="35,2,90,22,58,10,16,23,13,73,72,17,86" hai1="24,80,53,67,103,31,107,71,115,95,133,96,11" hai2="69,117,26,132,131,91,70,61,88,4,30,3,25" hai3="122,93,50,94,81,112,5,89,121,124,43,125,45"/><V52/><F117/><W130/><G5/><T14/><D35/><U44/><E115/><V76/><F76/><W18/><G112/><T33/><D33/><U68/><E133/><V101/><F101/><W7/><G7/><T120/><D120/><N who="3" m="46185" /><G18/><T74/><D2/><U98/><E80/><V57/><F132/><W75/><G130/><T19/><D58/><U65/><E11/><V38/><F38/><W116/><G116/><T6/><REACH who="0" step="1"/><D23/><REACH who="0" ten="147,270,323,250" step="2"/><U105/><E68/><V100/><F70/><W113/><G113/><T127/><D127/><N who="3" m="48713" /><G75/><T42/><D42/><U12/><E71/><V37/><F69/><W27/><G27/><T110/><D110/><U60/><E24/><V9/><F26/><W126/><G126/><T84/><D84/><AGARI ba="0,1" hai="43,45,50,81,84,89,93,94" m="48713,46185" machi="84" ten="30,1000,0" yaku="18,1" doraHai="8" who="3" fromWho="0" sc="147,-10,270,0,323,0,250,20" /><INIT seed="3,0,0,1,5,58" ten="137,270,323,270" oya="3" hai0="19,7,65,123,95,37,87,52,135,97,101,105,109" hai1="127,32,43,25,21,73,122,64,81,107,8,67,96" hai2="18,70,116,126,106,49,76,121,38,102,111,27,22" hai3="115,23,16,103,56,68,12,62,129,13,33,112,59"/><W104/><G33/><T125/><D109/><U26/><E122/><V41/><F116/><W0/><G0/><T20/><D135/><U1/><E127/><V60/><F111/><W99/><G129/><T113/><D125/><U17/><E43/><V79/><F126/><W51/><G68/><T110/><D110/><U133/><E133/><V55/><F121/><W118/><G118/><T130/><D130/><U48/><E48/><V4/><F4/><W42/><G13/><T40/><D113/><U120/><E120/><V14/><F102/><W6/><G6/><T88/><D123/><U93/><E107/><V75/><F106/><W3/><G3/><T31/><D31/><U131/><E131/><V85/><F75/><W50/><G59/><T89/><D65/><U91/><E1/><V11/><F85/><W29/><G29/><T82/><D7/><U74/><E8/><V128/><F128/><W63/><G51/><T94/><D52/><U44/><E44/><V53/><F53/><W98/><G99/><T80/><D40/><U83/><E73/><V90/><F41/><W54/><REACH who="3" step="1"/><G42/><REACH who="3" ten="137,270,323,260" step="2"/><T69/><D69/><U28/><E32/><V47/><F49/><W39/><G39/><T134/><D37/><U72/><E28/><V114/><F70/><W100/><G100/><T57/><D57/><U61/><E26/><V78/><F27/><W92/><G92/><T46/><D134/><U9/><E25/><V15/><F15/><W35/><G35/><T5/><D5/><U10/><E93/><V34/><F34/><W30/><G30/><T2/><D2/><RYUUKYOKU ba="0,1" sc="137,-10,270,-10,323,-10,260,30" hai3="12,16,23,50,54,56,62,63,98,103,104,112,115" /><INIT seed="3,1,1,3,0,102" ten="127,260,313,290" oya="3" hai0="85,15,101,5,82,22,110,42,69,33,41,67,1" hai1="116,97,32,54,48,31,104,133,81,25,98,99,64" hai2="111,107,44,45,79,29,87,78,75,92,100,130,132" hai3="16,51,63,128,83,40,56,55,103,58,120,34,27"/><W7/><G120/><T66/><D110/><U115/><E115/><V94/><F111/><W74/><G128/><T26/><D33/><U49/><E133/><V118/><F118/><W126/><G7/><T59/><D69/><U62/><E116/><V76/><F29/><W3/><G3/><T23/><D101/><U19/><E81/><N who="2" m="45215" /><F45/><W43/><G126/><T95/><D95/><N who="2" m="36394" /><F44/><W9/><G103/><T60/><D67/><U71/><E19/><V12/><F12/><N who="3" m="7183" /><G74/><T93/><D93/><U129/><E129/><V114/><F114/><W127/><G127/><T13/><D13/><U108/><E108/><V39/><F39/><W109/><G34/><T135/><D135/><U38/><E38/><V84/><F130/><W17/><G83/><T57/><D57/><U50/><REACH who="1" step="1"/><E54/><REACH who="1" ten="127,250,313,290" step="2"/><V80/><F132/><W10/><G109/><T47/><D5/><U86/><E86/><N who="2" m="48415" /><F78/><W122/><G122/><T131/><D131/><U0/><E0/><V96/><AGARI ba="1,2" hai="84,87,96,100,107" m="48415,36394,45215" machi="96" ten="30,12000,2" yaku="35,5,52,1" doraHai="102" who="2" fromWho="2" sc="127,-31,250,-31,313,143,290,-61" /><INIT seed="4,0,0,2,0,38" ten="96,219,456,229" oya="0" hai0="61,114,98,122,66,13,47,27,94,42,118,55,37" hai1="123,106,125,91,18,92,103,95,111,120,80,48,64" hai2="4,34,93,104,39,59,65,128,32,119,130,19,30" hai3="54,129,112,12,56,2,3,78,7,33,67,50,90"/><T69/><D114/><U99/><E111/><V57/><F104/><W102/><G33/><T108/><D118/><U0/><E0/><V68/><F119/><W11/><G112/><T124/><D124/><U15/><E64/><V16/><F39/><W79/><G102/><T117/><D117/><U77/><E48/><V75/><F75/><W23/><G129/><T101/><D108/><U85/><E125/><V127/><F4/><W97/><G3/><T63/><D27/><U44/><E44/><V113/><F113/><W109/><G67/><T84/><D122/><U89/><E18/><N who="2" m="6699" /><F93/><N who="3" m="56503" /><G2/><T76/><D13/><U71/><E15/><V83/><F83/><W5/><G7/><T115/><D115/><U28/><E28/><V52/><F68/><W14/><G109/><T107/><D61/><U72/><E71/><V88/><F30/><W53/><G54/><T82/><REACH who="0" step="1"/><D55/><REACH who="0" ten="86,219,456,229" step="2"/><U134/><REACH who="1" step="1"/><E134/><REACH who="1" ten="86,209,456,229" step="2"/><V21/><F127/><W135/><G135/><T10/><D10/><U62/><E62/><V70/><F70/><W20/><G14/><T31/><D31/><U51/><E51/><V81/><F130/><W116/><G116/><T35/><D35/><U86/><AGARI ba="0,2" hai="72,77,80,85,86,89,91,92,95,99,103,106,120,123" machi="86" ten="20,16000,3" yaku="1,1,0,1,7,1,9,1,24,2,34,3,53,0" doraHai="38" doraHaiUra="26" who="1" fromWho="1" sc="86,-80,209,180,456,-40,229,-40" /><INIT seed="5,0,0,5,3,31" ten="6,389,416,189" oya="1" hai0="65,7,73,57,134,28,71,93,15,67,6,20,111" hai1="132,69,87,40,106,0,11,74,124,10,94,52,24" hai2="97,127,123,22,55,19,89,83,115,100,34,27,59" hai3="125,21,119,126,75,133,88,103,47,112,72,3,120"/><U50/><E74/><N who="3" m="28202" /><G3/><T101/><D73/><U98/><E69/><V129/><F129/><W32/><G21/><T13/><D111/><U1/><E106/><V38/><F127/><N who="3" m="48651" /><G47/><T96/><D134/><U48/><E40/><V60/><F123/><W9/><G9/><T131/><D71/><U4/><E132/><V16/><F38/><W41/><G41/><T17/><D131/><U68/><E68/><V105/><F115/><W64/><G64/><N who="0" m="24651" /><D28/><U109/><E87/><V5/><F5/><N who="0" m="1546" /><D57/><U37/><E37/><V117/><F117/><W58/><G58/><T45/><D45/><U46/><E109/><V30/><F22/><W113/><G120/><T61/><D61/><U91/><E124/><V128/><F128/><W92/><G32/><T79/><D79/><U108/><E108/><V43/><F43/><W95/><G133/><T53/><D53/><U102/><E11/><V77/><F55/><W107/><G119/><T86/><D86/><U23/><E0/><V85/><F59/><W118/><G118/><T26/><AGARI ba="0,0" hai="13,15,17,20,26,93,96,101" m="1546,24651" machi="26" ten="30,1100,0" yaku="8,1" doraHai="31" who="0" fromWho="0" sc="6,11,389,-5,416,-3,189,-3" /><INIT seed="6,0,0,1,4,107" ten="17,384,413,186" oya="2" hai0="122,63,26,93,71,29,68,58,8,78,57,56,105" hai1="70,35,21,121,132,73,81,84,34,95,31,104,25" hai2="120,99,3,62,64,128,42,11,135,106,22,75,79" hai3="97,37,131,85,125,48,38,66,45,52,67,0,119"/><V28/><F135/><W19/><G0/><T4/><D105/><U50/><E104/><V12/><F128/><W40/><G85/><T103/><D122/><U108/><E70/><V36/><F120/><W112/><G19/><T44/><D44/><U87/><E121/><V13/><F22/><W43/><G97/><T77/><D71/><U74/><E132/><V94/><F28/><W98/><G98/><T6/><D68/><U7/><E108/><V14/><F62/><W53/><G119/><T91/><D103/><U130/><E130/><V82/><F14/><W100/><G100/><T54/><D78/><U18/><E95/><V17/><F17/><W127/><G112/><T49/><D77/><U124/><E124/><N who="3" m="47690" /><G53/><T92/><D92/><U65/><E65/><N who="3" m="24586" /><G131/><T111/><D111/><U55/><E7/><V51/><F99/><W133/><G133/><T46/><D63/><U32/><E18/><V113/><F13/><W117/><G117/><T88/><D8/><U118/><E118/><V33/><F11/><W102/><G102/><T61/><D61/><U10/><E10/><V23/><F23/><W1/><G1/><T5/><REACH who="0" step="1"/><D93/><REACH who="0" ten="7,384,413,186" step="2"/><U90/><REACH who="1" step="1"/><E84/><REACH who="1" ten="7,374,413,186" step="2"/><V109/><F94/><W126/><G126/><T101/><D101/><U96/><E96/><V20/><F106/><W59/><G45/><AGARI ba="0,2" hai="21,25,31,32,34,35,45,50,55,73,74,81,87,90" machi="45" ten="40,12000,2" yaku="1,1,52,2,53,3" doraHai="107" doraHaiUra="30" who="1" fromWho="3" sc="7,0,374,140,413,0,186,-120" /><INIT seed="7,0,0,5,0,110" ten="7,514,413,66" oya="3" hai0="4,104,73,131,11,21,57,117,26,32,8,49,33" hai1="58,43,22,77,35,91,19,45,6,99,50,71,67" hai2="69,56,86,96,17,118,3,127,55,84,89,75,41" hai3="116,103,52,129,78,25,20,12,14,133,120,74,113"/><W48/><G120/><T46/><D73/><U111/><E111/><V119/><F127/><W51/><G116/><T82/><D104/><U64/><E35/><V115/><F75/><W2/><G2/><T102/><D117/><U109/><E109/><V30/><F69/><W87/><G74/><T36/><D131/><U132/><E71/><V125/><F125/><W62/><G129/><T100/><D36/><U80/><E6/><V15/><F3/><W23/><G103/><T16/><D32/><U112/><E112/><V88/><F41/><W72/><G72/><T63/><D33/><U13/><E132/><V121/><F30/><W124/><G113/><T92/><D82/><U83/><E58/><V108/><F96/><W90/><G78/><T1/><D11/><U81/><E77/><V44/><F44/><W68/><G133/><T59/><D59/><U18/><E19/><V38/><F38/><W97/><G97/><T24/><D24/><U60/><E60/><V27/><F27/><W10/><G124/><T126/><D126/><U5/><E5/><V135/><F121/><W28/><G23/><T85/><D85/><U40/><E40/><V42/><F42/><W39/><G39/><T98/><D49/><N who="3" m="19017" /><G10/><T107/><D46/><U130/><E130/><V37/><F37/><W9/><G9/><T128/><D128/><U54/><E43/><V114/><F135/><W31/><G31/><T61/><D57/><U0/><E0/><V76/><F76/><W94/><G68/><T66/><D66/><U122/><E122/><V70/><F108/><W101/><G101/><RYUUKYOKU ba="0,0" sc="7,10,514,10,413,-30,66,10" hai0="1,4,8,16,21,26,61,63,92,98,100,102,107" hai1="13,18,22,45,50,54,64,67,80,81,83,91,99" hai3="12,14,20,25,28,52,62,87,90,94" /><INIT seed="7,1,0,2,4,60" ten="17,524,383,76" oya="3" hai0="72,58,50,19,23,100,16,68,69,15,12,3,95" hai1="121,55,21,31,41,10,76,98,33,59,99,34,101" hai2="9,110,122,61,63,62,29,37,70,81,120,92,42" hai3="112,105,0,90,22,109,126,107,39,113,25,49,53"/><W30/><G39/><T96/><D72/><U52/><E121/><V134/><F110/><W80/><G0/><T128/><D3/><U65/><E41/><V40/><F29/><W14/><G109/><T11/><D128/><U131/><E131/><V45/><F92/><W67/><G126/><T102/><D102/><U51/><E76/><V57/><F81/><W71/><G14/><T43/><D43/><U18/><E10/><V84/><F84/><W114/><G80/><T17/><D17/><U86/><E65/><N who="2" m="41279" /><F9/><W93/><G67/><T108/><D108/><U119/><E119/><V123/><F134/><W118/><G71/><T117/><D117/><U56/><E86/><V77/><F77/><W133/><G133/><T74/><D74/><U78/><E31/><V88/><F88/><W97/><REACH who="3" step="1"/><G118/><REACH who="3" ten="17,524,383,66" step="2"/><T6/><REACH who="0" step="1"/><D6/><REACH who="0" ten="7,524,383,66" step="2"/><U66/><E78/><V64/><F42/><W127/><G127/><T132/><D132/><U116/><E116/><V4/><F4/><W32/><G32/><T46/><D46/><AGARI ba="1,2" hai="22,25,30,46,49,53,90,93,97,105,107,112,113,114" machi="46" ten="40,3900,0" yaku="1,1,15,1,53,0" doraHai="60" doraHaiUra="28" who="3" fromWho="0" sc="7,-42,524,0,383,0,66,62" owari="-35,-53.5,524,62.4,383,18.3,128,-27.2" /></mjloggm>