<mjloggm ver="2.3"><GO type="41" lobby="0"/><UN n0="%73%68%69%6F%6B%61%72%61" n1="%73%68%69%76%69%61%6E" n2="%E7%A7%8B%E7%94%B0%E3%81%AE%E3%81%B2%E3%82%88%E3%81%93" n3="%E2%93%9D%4C%75%63%6B%79%4A" dan="14,13,15,18" rate="1890.91,1878.50,2015.87,2162.17" sx="F,M,F,M"/><TAIKYOKU oya="0"/><INIT seed="0,0,0,0,5,57" ten="250,250,250,250" oya="0" hai0="28,128,34,27,60,101,73,86,49,115,41,100,94" hai1="99,11,83,0,32,88,82,3,17,74,53,108,85" hai2="76,114,70,9,77,93,75,97,132,31,19,113,7" hai3="67,14,5,133,117,35,68,66,125,110,25,39,38"/><T98/><D115/><U95/><E108/><V90/><F132/><W105/><G117/><T20/><D73/><U6/><E32/><V103/><F70/><W112/><G112/><T36/><D36/><U21/><E3/><V120/><F120/><W87/><G67/><T4/><D128/><U50/><E74/><V1/><F31/><W46/><G14/><T56/><D34/><U92/><E92/><V84/><F19/><W106/><G5/><T55/><D86/><U78/><E78/><V15/><F1/><W64/><G125/><T121/><D121/><U59/><REACH who="1" step="1"/><E99/><REACH who="1" ten="250,240,250,250" step="2"/><V63/><F77/><W116/><G110/><T23/><D4/><U48/><E48/><V29/><F76/><W61/><G35/><T123/><D123/><U43/><E43/><V134/><F75/><W10/><G39/><T47/><REACH who="0" step="1"/><D23/><REACH who="0" ten="240,240,250,250" step="2"/><U109/><E109/><V2/><F114/><W62/><G38/><T81/><D81/><U135/><E135/><V13/><F134/><W91/><G133/><T45/><D45/><U79/><E79/><V130/><F113/><W22/><G46/><T42/><D42/><U127/><E127/><V102/><F84/><W33/><G87/><T58/><D58/><U40/><E40/><V96/><F96/><W131/><G33/><T44/><D44/><U8/><E8/><V65/><F9/><W37/><G10/><T119/><D119/><U69/><E69/><V104/><F97/><W54/><G68/><T12/><D12/><AGARI ba="0,2" hai="0,6,11,12,17,21,50,53,59,82,83,85,88,95" machi="12" ten="30,8000,1" yaku="1,1,7,1,25,2,54,1,53,0" doraHai="57" doraHaiUra="107" who="1" fromWho="0" sc="240,-80,240,100,250,0,250,0" /><INIT seed="1,0,0,4,5,87" ten="160,340,250,250" oya="1" hai0="80,112,121,2,46,29,86,61,115,59,5,24,47" hai1="75,48,35,122,15,17,113,20,96,129,133,70,22" hai2="51,77,132,73,114,63,55,58,126,1,19,95,124" hai3="6,98,108,9,78,13,50,127,14,56,94,85,34"/><U31/><E75/><V18/><F1/><W3/><G34/><T103/><D121/><U105/><E70/><V66/><F132/><W92/><G108/><T120/><D120/><U83/><E113/><V16/><F114/><W100/><G127/><T52/><D112/><U7/><E133/><V27/><F73/><W102/><G78/><T131/><D131/><U36/><E36/><V25/><F77/><W84/><G3/><T42/><D115/><U64/><E64/><V74/><F74/><W23/><G23/><T134/><D134/><U4/><E129/><V106/><F106/><W45/><G14/><T26/><D103/><U123/><E35/><V91/><F126/><W11/><G11/><T39/><D46/><U0/><E48/><V111/><F111/><W65/><G56/><T53/><D53/><U57/><E57/><N who="2" m="33023" /><F124/><W97/><REACH who="3" step="1"/><G65/><REACH who="3" ten="160,340,250,240" step="2"/><T119/><D119/><U79/><E0/><V43/><F43/><AGARI ba="0,1" hai="6,9,13,43,45,50,84,85,92,94,97,98,100,102" machi="43" ten="30,12000,2" yaku="1,1,2,1,7,1,9,1,8,1,53,2" doraHai="87" doraHaiUra="93" who="3" fromWho="2" sc="160,0,340,0,250,-120,240,130" /><INIT seed="2,0,0,1,0,3" ten="160,340,130,370" oya="2" hai0="122,128,39,134,118,42,4,109,75,53,32,45,135" hai1="51,115,50,28,110,108,121,76,68,131,123,132,95" hai2="114,91,15,79,6,86,2,133,21,100,93,88,48" hai3="96,125,60,56,17,52,99,92,103,66,127,58,63"/><V71/><F114/><W25/><G17/><T24/><D122/><N who="1" m="46603" /><E76/><V117/><F117/><W98/><REACH who="3" step="1"/><G25/><REACH who="3" ten="160,340,130,360" step="2"/><T107/><D24/><U27/><E115/><V29/><F133/><W33/><G33/><T40/><D32/><U49/><E132/><V101/><F71/><W77/><G77/><T61/><D135/><U113/><E113/><V67/><F79/><W31/><G31/><T20/><D134/><U19/><E68/><V111/><F29/><W62/><G62/><T112/><D61/><U38/><E19/><V10/><F111/><W57/><G57/><T22/><D109/><N who="1" m="42091" /><E131/><V18/><F67/><W116/><G116/><T11/><D128/><U14/><E14/><V59/><REACH who="2" step="1"/><F91/><REACH who="2" ten="160,340,120,360" step="2"/><W89/><G89/><T102/><D118/><U73/><E28/><V9/><F9/><W55/><G55/><AGARI ba="0,2" hai="2,6,10,15,18,21,48,55,59,86,88,93,100,101" machi="55" ten="40,18000,2" yaku="1,1,25,2,52,1,54,1,53,1" doraHai="3" doraHaiUra="80" who="2" fromWho="3" sc="160,0,340,0,120,200,360,-180" /><INIT seed="2,1,0,0,0,119" ten="160,340,320,180" oya="2" hai0="27,77,28,16,24,84,8,108,45,78,70,91,130" hai1="9,42,20,63,103,21,46,58,99,93,71,19,125" hai2="97,107,68,10,44,66,62,31,124,7,67,57,121" hai3="110,76,4,128,32,12,74,53,114,25,111,54,41"/><V49/><F124/><W13/><G41/><T85/><D108/><N who="3" m="41513" /><G74/><T52/><D130/><U33/><E125/><V86/><F31/><N who="3" m="19567" /><G76/><N who="0" m="29291" /><D70/><U95/><E33/><V3/><F86/><N who="0" m="33386" /><D91/><U6/><E71/><V94/><F107/><W40/><G40/><T69/><D69/><U1/><E95/><V135/><F135/><W2/><G54/><T64/><D64/><U65/><REACH who="1" step="1"/><E19/><REACH who="1" ten="160,330,320,180" step="2"/><V79/><F68/><W30/><G30/><T120/><D28/><U5/><E5/><V89/><F7/><W11/><G128/><T123/><D120/><U101/><E101/><V127/><F121/><W129/><G129/><T105/><D123/><U134/><E134/><V87/><F79/><W115/><G53/><T102/><D102/><U80/><E80/><V0/><F127/><W23/><G23/><T39/><D105/><U104/><E104/><V90/><F67/><W47/><G47/><T132/><D132/><U106/><E106/><V72/><F72/><W109/><N who="3" m="41521" /><W131/><DORA hai="112" /><G131/><T34/><D34/><U55/><E55/><V22/><F22/><W113/><AGARI ba="1,1" hai="2,4,11,12,13,113,114,115" m="19567,41521" machi="113" ten="50,8000,1" yaku="11,1,14,1,34,2" doraHai="119,112" who="3" fromWho="3" sc="160,-21,330,-21,320,-41,180,93" /><INIT seed="3,0,0,2,3,46" ten="139,309,279,273" oya="3" hai0="1,89,130,96,12,11,131,68,18,74,15,114,97" hai1="85,47,51,91,112,86,127,24,2,69,106,7,92" hai2="41,77,90,63,84,44,55,95,126,30,83,3,120" hai3="121,103,132,117,104,88,23,72,13,32,27,76,102"/><W59/><G117/><T42/><D74/><U122/><E122/><V10/><F120/><W115/><G121/><T40/><D68/><U101/><E112/><V87/><F126/><W25/><G115/><T116/><D114/><U37/><E37/><V110/><F110/><W43/><G104/><T75/><D75/><U64/><E64/><V16/><F30/><W128/><G32/><T81/><D116/><U45/><E69/><V39/><F63/><W0/><G0/><T48/><D1/><U6/><E45/><V111/><F55/><W53/><G132/><T61/><D131/><U80/><E24/><V79/><F111/><W38/><G76/><T8/><D130/><U4/><E127/><V5/><F16/><N who="3" m="10639" /><G43/><T34/><D34/><U9/><E101/><N who="3" m="38410" /><G72/><T56/><D42/><U105/><E106/><V54/><F54/><W125/><G38/><T73/><D73/><U29/><E29/><V31/><F31/><W66/><G66/><T26/><D40/><U20/><E20/><V19/><F19/><W113/><G128/><T82/><D18/><U22/><E22/><V65/><F65/><W99/><G125/><T70/><D70/><U108/><E105/><V50/><REACH who="2" step="1"/><F79/><REACH who="2" ten="139,309,269,273" step="2"/><W57/><G113/><T28/><D28/><U21/><E108/><V123/><F123/><W33/><G33/><T49/><D61/><U124/><E124/><V119/><F119/><W58/><G53/><T17/><D17/><U98/><E2/><V109/><F109/><W93/><AGARI ba="0,1" hai="25,27,57,58,59,88,93,99" m="38410,10639" machi="93" ten="30,6000,0" yaku="8,1,54,2" doraHai="46" who="3" fromWho="3" sc="139,-20,309,-20,269,-20,273,70" /><INIT seed="3,1,0,2,2,107" ten="119,289,249,343" oya="3" hai0="123,2,45,104,108,133,54,18,61,96,50,70,6" hai1="68,17,91,27,87,85,41,22,46,67,55,1,113" hai2="98,10,52,86,121,90,95,66,114,80,32,92,13" hai3="71,120,130,69,106,47,57,129,97,77,83,37,62"/><W26/><G26/><T65/><D108/><U19/><E1/><V118/><F114/><W43/><G97/><T78/><D133/><U63/><E113/><V31/><F118/><W30/><G30/><T122/><D2/><U88/><E55/><V135/><F135/><W79/><G79/><T33/><D6/><U21/><E87/><V74/><F66/><W56/><G106/><T60/><D60/><U111/><E111/><V24/><F121/><W58/><G120/><T7/><D7/><U25/><REACH who="1" step="1"/><E85/><REACH who="1" ten="119,279,249,343" step="2"/><V131/><F52/><W5/><G5/><T128/><D54/><U51/><AGARI ba="1,1" hai="17,19,21,22,25,27,41,46,51,63,67,68,88,91" machi="51" ten="20,12000,2" yaku="1,1,2,1,0,1,7,1,9,1,54,1,53,1" doraHai="107" doraHaiUra="40" who="1" fromWho="1" sc="119,-31,279,133,249,-31,343,-61" /><INIT seed="4,0,0,1,5,116" ten="88,412,218,282" oya="0" hai0="77,53,34,35,17,42,88,82,15,3,64,124,118" hai1="109,125,129,105,128,87,55,67,31,84,5,80,73" hai2="41,101,51,46,114,94,26,22,102,122,0,16,98" hai3="135,119,30,91,99,68,28,40,79,76,18,45,19"/><T113/><D118/><U47/><E105/><V10/><F114/><W37/><G119/><T81/><D3/><U121/><E109/><V78/><F122/><W74/><G68/><T133/><D35/><U48/><E121/><V29/><F78/><W93/><G135/><T1/><D1/><U54/><E67/><V62/><F62/><W103/><G79/><T56/><D34/><U61/><E125/><V117/><F117/><W9/><G19/><T63/><D124/><U131/><E5/><V65/><F65/><W27/><G76/><T59/><D133/><U43/><E31/><V50/><F50/><W11/><G74/><T24/><D113/><U132/><E132/><V39/><F39/><W7/><G11/><T44/><D24/><U32/><E32/><V110/><F110/><W106/><G18/><T6/><D6/><U111/><E111/><V14/><F0/><W90/><G106/><T13/><D88/><AGARI ba="0,0" hai="10,14,16,22,26,29,41,46,51,88,94,98,101,102" machi="88" ten="30,7700,0" yaku="7,1,8,1,54,2" doraHai="116" who="2" fromWho="0" sc="88,-77,412,0,218,77,282,0" /><INIT seed="5,0,0,3,4,31" ten="11,412,295,282" oya="1" hai0="103,130,36,67,59,41,26,29,12,5,120,44,64" hai1="92,102,82,123,99,106,35,34,121,45,87,122,132" hai2="40,62,84,131,134,126,13,43,83,72,125,101,9" hai3="47,115,17,22,129,104,28,38,91,20,51,74,68"/><U39/><E132/><V111/><F111/><W48/><G74/><T21/><D130/><U107/><E107/><V0/><F131/><W57/><G68/><T94/><D120/><U49/><E39/><V78/><F134/><W55/><G104/><T18/><D59/><U27/><E27/><V3/><F101/><W116/><G115/><T81/><D81/><U60/><E60/><V11/><F62/><W14/><G116/><T89/><D103/><U133/><E106/><V96/><F96/><W19/><G38/><T98/><REACH who="0" step="1"/><D5/><REACH who="0" ten="1,412,295,282" step="2"/><U79/><REACH who="1" step="1"/><E133/><REACH who="1" ten="1,402,295,282" step="2"/><V42/><F126/><W30/><G129/><T95/><D95/><U61/><E61/><V80/><F125/><W56/><G51/><T100/><D100/><U73/><E73/><V46/><F72/><W108/><G108/><T10/><AGARI ba="0,2" hai="10,12,18,21,26,29,36,41,44,64,67,89,94,98" machi="10" ten="20,2700,0" yaku="1,1,0,1,7,1,53,0" doraHai="31" doraHaiUra="119" who="0" fromWho="0" sc="1,47,402,-13,295,-7,282,-7" /><INIT seed="6,0,0,5,4,23" ten="48,389,288,275" oya="2" hai0="8,132,101,85,92,33,2,78,56,125,31,122,42" hai1="6,83,52,12,114,66,72,100,36,84,88,64,103" hai2="112,69,25,67,105,28,115,10,93,79,110,5,121" hai3="29,95,76,82,48,77,74,41,14,126,133,54,18"/><V19/><F105/><W49/><G133/><T20/><D125/><U46/><E36/><V111/><F79/><W47/><G126/><T107/><D132/><U118/><E72/><V130/><F121/><W104/><G104/><T80/><D122/><U13/><E114/><N who="2" m="43563" /><F93/><W73/><G29/><T0/><D33/><U119/><E119/><V39/><F39/><W106/><G106/><T91/><D42/><U11/><E13/><N who="2" m="5327" /><F67/><N who="1" m="25641" /><E118/><V57/><F57/><W81/><G95/><T58/><D58/><U26/><E26/><V22/><F69/><W4/><G4/><T99/><D8/><U50/><AGARI ba="0,0" hai="6,11,12,46,50,52,83,84,88,100,103" m="25641" machi="50" ten="30,4000,0" yaku="8,1,54,2" doraHai="23" who="1" fromWho="1" sc="48,-10,389,40,288,-20,275,-10" /><INIT seed="7,0,0,1,3,62" ten="38,429,268,265" oya="3" hai0="130,16,21,0,56,75,129,60,81,41,44,128,91" hai1="11,38,40,69,77,49,22,23,96,68,54,34,90" hai2="134,12,97,113,106,115,133,86,1,112,31,15,116" hai3="95,82,57,61,117,101,35,58,42,123,108,103,72"/><W102/><G123/><T6/><D91/><U14/><E34/><V92/><F116/><W89/><G117/><T79/><D56/><U121/><E40/><V125/><F1/><W7/><G35/><T13/><D60/><U110/><E38/><V104/><F125/><W73/><G108/><T66/><D13/><N who="2" m="5194" /><F31/><W85/><G7/><T105/><D21/><U48/><E23/><V67/><F67/><W64/><G42/><T47/><D47/><U20/><E96/><V50/><F86/><W5/><G5/><T63/><D16/><U118/><E90/><N who="2" m="55447" /><F50/><W114/><G114/><T93/><D93/><U29/><E54/><V3/><F3/><W30/><G30/><T59/><D105/><AGARI ba="0,0" hai="104,105,106,112,113,115,133,134" m="55447,5194" machi="105" ten="40,1300,0" yaku="15,1" doraHai="62" who="2" fromWho="0" sc="38,-13,429,0,268,13,265,0" owari="25,-47.5,429,52.9,281,8.1,265,-13.5" /></mjloggm>