<mjloggm ver="2.3"><GO type="41" lobby="0"/><UN n0="%65%78%63%65%6C%2E" n1="%E2%93%9D%4C%75%63%6B%79%4A" n2="%E7%9C%9F%E6%98%86%E5%B8%83" n3="%48%69%73%68%69" dan="14,17,14,14" rate="1966.54,2153.76,1935.95,1948.56" sx="M,M,M,M"/><TAIKYOKU oya="0"/><INIT seed="0,0,0,2,3,119" ten="250,250,250,250" oya="0" hai0="63,132,24,64,22,93,71,124,8,56,44,57,133" hai1="7,114,115,96,129,23,84,112,1,82,43,10,39" hai2="121,41,109,81,120,45,49,51,128,102,36,66,127" hai3="98,72,53,75,117,68,11,54,28,35,100,27,62"/><T55/><D124/><U134/><E129/><V16/><F102/><W60/><G117/><T21/><D8/><U87/><E134/><V78/><F127/><W107/><G11/><T65/><D22/><U92/><E39/><V30/><F30/><W29/><G29/><T111/><D93/><U40/><E23/><V50/><F128/><W34/><G34/><T122/><D21/><U110/><E110/><V86/><F109/><W61/><G61/><N who="0" m="40335" /><D24/><U79/><REACH who="1" step="1"/><E87/><REACH who="1" ten="250,240,250,250" step="2"/><V131/><F131/><W88/><G62/><N who="0" m="36127" /><D111/><U77/><E77/><V80/><F66/><N who="3" m="41031" /><G75/><T123/><D44/><U74/><E74/><V37/><F37/><W5/><G72/><T6/><D6/><U94/><E94/><V105/><F105/><W48/><G107/><T58/><D58/><U32/><E32/><V25/><F81/><W0/><G35/><T118/><D118/><U89/><AGARI ba="0,1" hai="1,7,10,40,43,79,82,84,89,92,96,112,114,115" machi="89" ten="30,4000,0" yaku="1,1,0,1,11,1,53,0" doraHai="119" doraHaiUra="99" who="1" fromWho="1" sc="250,-20,240,50,250,-10,250,-10" /><INIT seed="1,0,0,2,0,80" ten="230,290,240,240" oya="1" hai0="70,120,86,7,110,89,14,36,43,60,92,87,17" hai1="123,18,76,51,91,3,118,9,55,16,122,134,23" hai2="49,75,27,66,39,1,19,2,45,30,105,54,107" hai3="121,117,57,38,74,93,81,40,5,135,35,4,68"/><U21/><E76/><V98/><F75/><W32/><G121/><T112/><D112/><U65/><E65/><V119/><F119/><W82/><G135/><T99/><D120/><U28/><E118/><V72/><F72/><W42/><G68/><T97/><D110/><U63/><E63/><V13/><F66/><W101/><G74/><T0/><D0/><U26/><E134/><V128/><F128/><W84/><G38/><T64/><D7/><U53/><E55/><V129/><F129/><W94/><G57/><T131/><D131/><U79/><E79/><V67/><F67/><W59/><G59/><T116/><D116/><U125/><E125/><V61/><F61/><W78/><G117/><T127/><D127/><U73/><E73/><V96/><F39/><W41/><G101/><T85/><D36/><U126/><E91/><V133/><F133/><W48/><G48/><T25/><D25/><N who="1" m="14583" /><E53/><V100/><F27/><W104/><G104/><T113/><D113/><U33/><E51/><V34/><F30/><W12/><G81/><T124/><D124/><U52/><E52/><V108/><F34/><W102/><G102/><T24/><D24/><N who="1" m="18567" /><E126/><V10/><F108/><W31/><G35/><T8/><REACH who="0" step="1"/><D97/><REACH who="0" ten="220,290,240,240" step="2"/><U44/><E44/><V6/><F6/><AGARI ba="0,1" hai="3,6,9,16,21,26,122,123" m="18567,14583" machi="6" ten="30,5800,0" yaku="34,2,54,1" doraHai="80" who="1" fromWho="2" sc="220,0,290,68,240,-58,240,0" /><INIT seed="1,1,0,5,5,92" ten="220,358,182,240" oya="1" hai0="71,116,73,78,22,5,14,9,98,102,56,111,107" hai1="53,8,93,44,128,127,115,24,30,114,33,45,57" hai2="31,55,70,121,69,119,2,120,50,23,80,134,13" hai3="126,131,38,66,61,122,105,40,87,89,86,90,68"/><U10/><E128/><V135/><F2/><W103/><G122/><T95/><D116/><U75/><E75/><V74/><F119/><W41/><G126/><T49/><D71/><U100/><E127/><V46/><F80/><W108/><G108/><T54/><D111/><U129/><E129/><V51/><F74/><W117/><G117/><T123/><D123/><U130/><E130/><V104/><F104/><W112/><G112/><T26/><D73/><U27/><E27/><V28/><F120/><W37/><G131/><T11/><D11/><U110/><E110/><V43/><F121/><W60/><G103/><T29/><D107/><U35/><E35/><V19/><F70/><W63/><G105/><T99/><D78/><U106/><E10/><V79/><F79/><W132/><G132/><N who="2" m="50729" /><F69/><W16/><G68/><T67/><D67/><U65/><E65/><V48/><F48/><W85/><G66/><T32/><D32/><U4/><E115/><V7/><F7/><W34/><G16/><T36/><D36/><N who="3" m="13929" /><G34/><T3/><D3/><U6/><E6/><V42/><F42/><AGARI ba="1,0" hai="40,41,42,60,61,63,85,86,87,89,90" m="13929" machi="42" ten="40,2600,0" yaku="28,2" doraHai="92" who="3" fromWho="2" sc="220,0,358,0,182,-29,240,29" /><INIT seed="2,0,0,2,1,55" ten="220,358,153,269" oya="2" hai0="54,93,92,0,26,5,46,134,11,40,44,16,70" hai1="79,95,115,116,84,13,124,107,66,127,83,33,122" hai2="59,74,71,101,3,23,29,47,42,1,121,112,102" hai3="24,7,63,18,119,125,96,126,61,118,41,80,15"/><V17/><F74/><W123/><G41/><T28/><D134/><U8/><E33/><V19/><F71/><W88/><G24/><T110/><D110/><U91/><E115/><V56/><F112/><W108/><G7/><T85/><D70/><U48/><E116/><V53/><F121/><W4/><G4/><T49/><D85/><U65/><E107/><V131/><F131/><W103/><G123/><T89/><D89/><U39/><E39/><V51/><F29/><W132/><G108/><T36/><REACH who="0" step="1"/><D16/><REACH who="0" ten="210,358,153,269" step="2"/><U67/><E122/><V109/><F109/><W73/><G132/><T12/><D12/><U62/><E127/><N who="3" m="48650" /><G119/><T105/><D105/><U35/><E124/><V60/><F19/><W77/><G88/><T38/><D38/><U128/><E91/><V114/><F114/><W76/><G76/><T50/><D50/><U113/><E48/><N who="2" m="26743" /><F3/><W100/><G118/><T78/><D78/><U37/><E37/><V25/><F1/><W45/><G103/><T75/><D75/><U2/><E2/><V34/><F34/><AGARI ba="0,1" hai="0,5,11,26,28,34,36,40,44,46,49,54,92,93" machi="34" ten="30,2000,0" yaku="1,1,7,1,53,0" doraHai="55" doraHaiUra="64" who="0" fromWho="2" sc="210,30,358,0,153,-20,269,0" /><INIT seed="3,0,0,2,3,8" ten="240,358,133,269" oya="3" hai0="79,109,90,111,39,83,45,68,113,22,49,131,2" hai1="0,66,105,32,14,18,65,121,98,108,99,92,63" hai2="120,133,88,1,91,41,102,25,84,35,107,59,4" hai3="23,56,104,82,67,97,106,80,55,17,126,130,43"/><W73/><G130/><T81/><D131/><U103/><E0/><V19/><F120/><W13/><G126/><T86/><D68/><U134/><E121/><V53/><F133/><W3/><G3/><T128/><D128/><U24/><E108/><V21/><F41/><W69/><G43/><T51/><D2/><U62/><E134/><V48/><F107/><W75/><G69/><T20/><D39/><U50/><E32/><V123/><F102/><W85/><G67/><T10/><D10/><U70/><E24/><V100/><F100/><W12/><G97/><T124/><D51/><U38/><E38/><V26/><F123/><W5/><G104/><T129/><D113/><U78/><E78/><V58/><F4/><W28/><G28/><T33/><D33/><U74/><E74/><V60/><F1/><W112/><G106/><T117/><D117/><U31/><E31/><V37/><F37/><W46/><G46/><T94/><D83/><U118/><E50/><V114/><F114/><W52/><G112/><T47/><D47/><U72/><E72/><N who="3" m="27722" /><G56/><T36/><D36/><U42/><E42/><V34/><F26/><W101/><G101/><T116/><D124/><U122/><E122/><V29/><F29/><W76/><G82/><T11/><D116/><U44/><E118/><V16/><F19/><W40/><G40/><N who="0" m="24743" /><D129/><U115/><E115/><V96/><F91/><W110/><G110/><N who="0" m="41995" /><D11/><N who="1" m="6495" /><E44/><V7/><F7/><W27/><G5/><T15/><D15/><N who="3" m="5705" /><G76/><T9/><D9/><U61/><E70/><V89/><F89/><N who="3" m="51367" /><G23/><N who="0" m="8747" /><D81/><U64/><E105/><V71/><F71/><RYUUKYOKU ba="0,0" sc="240,10,358,10,133,-30,269,10" hai0="79,86,90,94" hai1="61,62,63,64,65,66,92,98,99,103" hai3="17,27,52,55" /><INIT seed="3,1,0,0,2,27" ten="250,368,103,279" oya="3" hai0="51,135,47,79,113,49,85,134,110,119,41,38,126" hai1="87,102,29,130,96,83,100,14,4,90,59,53,57" hai2="71,39,17,108,6,99,34,124,101,109,95,129,40" hai3="82,93,66,35,43,32,121,114,19,12,133,105,91"/><W0/><G0/><T45/><D119/><U48/><E130/><V69/><F6/><W117/><G105/><T63/><D79/><U60/><E96/><V72/><F72/><W18/><G133/><N who="0" m="50699" /><D85/><U88/><E90/><V37/><F129/><W24/><G121/><T52/><D110/><U46/><E59/><V75/><F75/><W26/><G117/><T13/><D13/><U5/><E29/><V128/><F128/><W20/><G43/><N who="0" m="22775" /><D126/><U2/><E2/><V118/><F118/><W64/><G82/><T80/><D80/><U65/><REACH who="1" step="1"/><E14/><REACH who="1" ten="250,358,103,279" step="2"/><V104/><F109/><W127/><G127/><T122/><D122/><U58/><E58/><V67/><F108/><W81/><G81/><T73/><D73/><U11/><E11/><V74/><F74/><W132/><G132/><T31/><D31/><U9/><E9/><V78/><F124/><W33/><G114/><T131/><D131/><U61/><E61/><V89/><F71/><W25/><REACH who="3" step="1"/><G19/><REACH who="3" ten="250,358,103,269" step="2"/><T23/><D113/><U10/><E10/><V107/><F17/><W15/><G15/><T125/><D125/><U30/><E30/><V36/><F107/><W106/><G106/><T77/><D77/><U97/><E97/><AGARI ba="1,2" hai="12,18,20,24,25,26,32,33,35,64,66,91,93,97" machi="97" ten="50,2400,0" yaku="1,1,53,0" doraHai="27" doraHaiUra="1" who="3" fromWho="1" sc="250,0,358,-27,103,0,269,47" /><INIT seed="3,2,0,1,1,19" ten="250,331,103,316" oya="3" hai0="114,40,58,57,78,74,80,35,33,129,133,113,123" hai1="9,119,2,22,20,44,132,15,94,104,102,17,99" hai2="67,28,131,112,42,59,50,73,49,109,21,34,93" hai3="31,4,81,101,124,30,61,26,53,32,48,24,62"/><W75/><G124/><T95/><D123/><U47/><E2/><V1/><F112/><N who="0" m="43114" /><D133/><U105/><E132/><V89/><F73/><W25/><G101/><T11/><D129/><U72/><E72/><V12/><F1/><W38/><G38/><T100/><D40/><U96/><E119/><V118/><F118/><W76/><G4/><T122/><D11/><U16/><E9/><V54/><F131/><W90/><G90/><T110/><D110/><U117/><E117/><V86/><F109/><W71/><G71/><T92/><D92/><U111/><E111/><V13/><F34/><N who="0" m="12810" /><D122/><U106/><REACH who="1" step="1"/><E99/><AGARI ba="2,0" hai="57,58,74,78,80,95,99,100" m="12810,43114" machi="99" ten="30,1000,0" yaku="11,1" doraHai="19" who="0" fromWho="1" sc="250,16,331,-16,103,0,316,0" /><INIT seed="4,0,0,2,3,135" ten="266,315,103,316" oya="0" hai0="108,18,58,94,28,51,125,74,124,12,54,98,76" hai1="14,126,11,44,132,46,45,38,49,99,22,81,15" hai2="16,105,0,114,104,92,26,109,8,40,73,61,2" hai3="79,68,50,113,117,129,42,86,6,21,67,84,3"/><T111/><D28/><U116/><E116/><V29/><F73/><W23/><G117/><T25/><D25/><U62/><E38/><V101/><F114/><W134/><G68/><T43/><D43/><U96/><E132/><V55/><F109/><N who="0" m="42058" /><D76/><U119/><E62/><V63/><F40/><W34/><G34/><T31/><D31/><U133/><E133/><V128/><F128/><W80/><G129/><T102/><D74/><U13/><E119/><V48/><F104/><W4/><G3/><T41/><D41/><U60/><E60/><V82/><F105/><W110/><G113/><T57/><D58/><U27/><E81/><V112/><F82/><W20/><G134/><T72/><D72/><U85/><E85/><V130/><F130/><W64/><G86/><T75/><D75/><U83/><E83/><V56/><F112/><W52/><G42/><T71/><D71/><U47/><E11/><AGARI ba="0,0" hai="11,12,18,51,54,57,94,98,102,124,125" m="42058" machi="11" ten="30,5800,0" yaku="10,1,52,2" doraHai="135" who="0" fromWho="1" sc="266,58,315,-58,103,0,316,0" /><INIT seed="4,1,0,0,0,34" ten="324,257,103,316" oya="0" hai0="121,76,122,75,12,80,132,99,109,24,84,30,50" hai1="96,128,2,95,102,29,46,111,123,125,27,101,40" hai2="78,129,31,57,130,18,19,120,74,67,5,43,113" hai3="72,56,55,77,117,59,13,89,97,104,69,107,4"/><T52/><D132/><U3/><E111/><V23/><F120/><W41/><G69/><T32/><D109/><U83/><E123/><V127/><F127/><W8/><G41/><T0/><D0/><U68/><E68/><V15/><F43/><W58/><G104/><T98/><D98/><U105/><E128/><V87/><F74/><W135/><G135/><T10/><D99/><U35/><E125/><V108/><F108/><W66/><G66/><T36/><D36/><U126/><E126/><V14/><F31/><W93/><G107/><T48/><D48/><U25/><E27/><V26/><F113/><W28/><G28/><T64/><D64/><U62/><E62/><V70/><F70/><W65/><G65/><T22/><D22/><U110/><E110/><V38/><F38/><W134/><G134/><T37/><D75/><U45/><E46/><V118/><F118/><W33/><G33/><T53/><D53/><U112/><E112/><V60/><F5/><W9/><G9/><T94/><D94/><U21/><E35/><V85/><F26/><W116/><G55/><T103/><D103/><U17/><E102/><V47/><F47/><W20/><G20/><T119/><D37/><N who="1" m="21647" /><E105/><V16/><F19/><W91/><G91/><T79/><D79/><U124/><E124/><V63/><F78/><W82/><AGARI ba="1,0" hai="4,8,13,56,58,59,72,77,82,89,93,97,116,117" machi="82" ten="30,1100,0" yaku="0,1" doraHai="34" who="3" fromWho="3" sc="324,-6,257,-4,103,-4,316,14" /><INIT seed="5,0,0,1,1,20" ten="318,253,99,330" oya="1" hai0="106,85,63,54,13,73,38,120,44,108,36,96,24" hai1="124,91,10,67,19,26,102,50,87,28,112,95,118" hai2="74,33,99,47,82,16,9,14,59,34,94,97,126" hai3="48,80,22,32,134,114,77,71,98,57,43,117,103"/><U52/><E118/><V84/><F126/><W113/><G32/><T107/><D108/><U130/><E124/><V35/><F74/><W128/><G71/><T64/><D73/><U111/><E111/><V61/><F47/><W27/><G134/><T1/><D1/><U90/><E112/><N who="3" m="43114" /><G57/><T17/><D85/><U30/><E130/><V78/><REACH who="2" step="1"/><F94/><REACH who="2" ten="318,253,89,330" step="2"/><N who="3" m="58839" /><G128/><T105/><D44/><U65/><E95/><V4/><F4/><W51/><G43/><T5/><D106/><U101/><E87/><V46/><F46/><W53/><G117/><T15/><D105/><U88/><E102/><V93/><F93/><W62/><G62/><T72/><D63/><U66/><E101/><V116/><F116/><W18/><G53/><AGARI ba="0,1" hai="9,14,16,33,34,35,53,59,61,78,82,84,97,99" machi="53" ten="40,2600,0" yaku="1,1,54,1,53,0" doraHai="20" doraHaiUra="127" who="2" fromWho="3" sc="318,0,253,0,89,36,330,-26" /><INIT seed="6,0,0,2,0,15" ten="318,253,125,304" oya="2" hai0="120,47,28,74,97,88,55,16,79,100,116,77,133" hai1="127,31,27,14,52,122,106,89,50,84,26,33,56" hai2="62,18,118,71,54,67,20,132,40,98,24,95,114" hai3="6,43,125,117,113,119,111,61,109,134,83,90,68"/><V129/><F118/><N who="3" m="45067" /><G6/><T4/><D120/><U36/><E122/><V124/><F124/><W30/><G30/><T37/><D4/><U131/><E36/><V102/><F129/><W94/><G83/><T92/><D28/><U107/><E127/><V5/><F114/><W0/><G0/><T123/><D123/><U17/><E27/><V8/><F132/><W81/><G43/><T96/><D116/><U48/><E50/><V112/><F112/><W34/><G34/><T128/><D128/><U19/><E131/><V60/><F40/><W23/><G23/><T57/><D133/><U12/><E14/><V101/><F62/><W32/><G32/><T87/><D97/><U44/><E44/><V103/><REACH who="2" step="1"/><F54/><REACH who="2" ten="318,253,115,304" step="2"/><W86/><G134/><T78/><D55/><U104/><REACH who="1" step="1"/><E12/><AGARI ba="0,1" hai="5,8,12,18,20,24,60,67,71,95,98,101,102,103" machi="12" ten="30,12000,1" yaku="1,1,2,1,7,1,52,1,53,1" doraHai="15" doraHaiUra="13" who="2" fromWho="1" sc="318,0,253,-120,115,130,304,0" /><INIT seed="6,1,0,3,4,41" ten="318,133,245,304" oya="2" hai0="114,43,115,91,131,15,112,117,120,57,92,50,52" hai1="18,53,11,78,59,24,1,66,21,129,20,76,64" hai2="3,30,38,119,12,16,8,109,19,23,48,83,74" hai3="17,32,10,44,135,110,58,51,90,29,96,5,82"/><V27/><F38/><W80/><G135/><T102/><D120/><U70/><E70/><V55/><F119/><W124/><G124/><T99/><D117/><U103/><E129/><V73/><F109/><W116/><G116/><T89/><D131/><U93/><E1/><V2/><F83/><W40/><G29/><T85/><D85/><U94/><E11/><V79/><F79/><W98/><G32/><T7/><D7/><U128/><E128/><V72/><REACH who="2" step="1"/><F30/><REACH who="2" ten="318,133,235,304" step="2"/><W111/><G111/><T118/><D118/><U100/><E78/><V106/><F106/><W108/><G82/><T105/><D105/><U68/><E76/><V31/><F31/><W121/><G121/><T62/><D15/><U95/><E68/><V42/><F42/><W104/><G104/><T39/><D39/><U26/><E103/><V77/><F77/><W97/><G110/><T63/><D43/><U84/><E100/><V127/><F127/><W125/><G125/><T45/><D102/><U87/><E87/><V61/><F61/><N who="0" m="23050" /><D91/><U134/><E84/><V28/><F28/><W130/><G130/><T35/><D35/><U101/><E101/><V56/><AGARI ba="1,1" hai="2,3,8,12,16,19,23,27,48,55,56,72,73,74" machi="56" ten="30,11700,0" yaku="1,1,0,1,54,1,53,1" doraHai="41" doraHaiUra="47" who="2" fromWho="2" sc="318,-40,133,-40,235,130,304,-40" /><INIT seed="6,2,0,0,3,53" ten="278,93,365,264" oya="2" hai0="72,90,71,56,118,123,119,129,30,6,74,128,99" hai1="86,65,48,19,36,41,113,47,64,20,134,101,57" hai2="102,60,40,28,5,18,22,67,37,130,75,66,52" hai3="43,42,69,76,77,82,7,3,4,100,62,73,63"/><V16/><F75/><N who="0" m="28714" /><D71/><U115/><E101/><V112/><F112/><N who="1" m="43081" /><E86/><V92/><F130/><N who="0" m="50282" /><D123/><U31/><E31/><V23/><F5/><W131/><G69/><T98/><D30/><U85/><E85/><V81/><F81/><W13/><G3/><T35/><D35/><U44/><E20/><N who="2" m="7723" /><F40/><N who="3" m="15403" /><G73/><T127/><D6/><N who="3" m="2089" /><G100/><T11/><D11/><U1/><E19/><N who="2" m="7211" /><F37/><W133/><G133/><T103/><D127/><U135/><E1/><V24/><F24/><W12/><G82/><T97/><D103/><U45/><E36/><V58/><F28/><W96/><G96/><AGARI ba="2,0" hai="52,58,60,66,67,92,96,102" m="7211,7723" machi="96" ten="30,11600,0" yaku="8,1,52,1,54,2" doraHai="53" who="2" fromWho="3" sc="278,0,93,0,365,122,264,-122" /><INIT seed="6,3,0,5,3,46" ten="278,93,487,142" oya="2" hai0="76,134,81,61,128,25,18,20,127,4,63,67,85" hai1="117,50,122,96,99,33,116,28,91,54,105,7,48" hai2="133,6,114,68,129,111,83,22,84,112,78,103,44" hai3="10,57,120,19,56,23,11,40,12,5,32,38,131"/><V104/><F68/><W80/><G32/><T1/><D128/><U49/><E7/><V69/><F69/><W45/><G131/><T15/><D134/><U101/><E122/><V89/><F6/><W52/><G120/><T95/><D127/><U124/><E124/><V106/><F129/><W0/><G80/><T88/><D1/><U100/><E91/><V30/><F133/><W93/><G93/><T73/><D67/><U55/><E28/><V62/><F111/><W14/><G56/><T97/><D73/><U94/><REACH who="1" step="1"/><E33/><REACH who="1" ten="278,83,487,142" step="2"/><V58/><F89/><W79/><G79/><T87/><D87/><U126/><E126/><V123/><F123/><W132/><G132/><T59/><D59/><U26/><E26/><V125/><F125/><W34/><G34/><T27/><D25/><U31/><E31/><V135/><F135/><W41/><G45/><T121/><D121/><U72/><E72/><V90/><F90/><W98/><G38/><T119/><D119/><AGARI ba="3,1" hai="48,49,50,54,55,94,96,99,100,101,105,116,117,119" machi="119" ten="40,8000,1" yaku="1,1,52,3,53,0" doraHai="46" doraHaiUra="21" who="1" fromWho="0" sc="278,-89,83,99,487,0,142,0" /><INIT seed="7,0,0,1,0,38" ten="189,182,487,142" oya="3" hai0="3,114,58,24,42,87,109,129,50,65,41,80,131" hai1="107,101,36,93,47,15,29,1,127,83,27,32,71" hai2="35,0,79,95,90,39,81,112,10,88,55,99,72" hai3="106,46,84,77,85,96,94,23,82,44,2,78,48"/><W22/><G2/><T89/><D109/><U63/><E93/><V113/><F35/><W51/><G106/><T25/><D3/><U60/><E15/><V105/><F105/><W8/><G8/><T126/><D126/><U98/><E63/><V62/><F39/><W61/><G61/><N who="0" m="38071" /><D114/><N who="2" m="44138" /><F10/><W54/><G84/><T122/><D122/><U14/><E14/><V75/><F0/><W53/><REACH who="3" step="1"/><G77/><REACH who="3" ten="189,182,487,132" step="2"/><T45/><D42/><N who="1" m="22983" /><E1/><V5/><F5/><W43/><G43/><T66/><D66/><N who="1" m="41415" /><E83/><V74/><F90/><AGARI ba="0,1" hai="22,23,44,46,48,51,53,54,78,82,85,90,94,96" machi="90" ten="30,11600,0" yaku="1,1,7,1,9,1,8,1,53,0" doraHai="38" doraHaiUra="7" who="3" fromWho="2" sc="189,0,182,0,487,-116,132,126" /><INIT seed="7,1,0,5,1,134" ten="189,182,371,258" oya="3" hai0="96,131,70,51,86,10,56,31,93,127,60,59,11" hai1="42,0,32,126,78,115,90,62,77,19,89,120,17" hai2="7,91,82,79,108,24,15,107,130,66,36,35,8" hai3="28,69,76,125,3,63,49,61,72,39,55,95,114"/><W124/><G3/><T99/><D131/><U75/><E32/><V97/><F36/><W30/><G39/><T110/><D110/><U116/><E0/><V6/><F108/><W54/><G114/><T37/><D37/><U83/><E115/><V113/><F113/><W13/><G76/><T132/><D132/><U68/><E42/><V57/><F130/><W25/><G72/><T29/><D70/><U71/><E62/><N who="3" m="23562" /><G69/><T112/><D112/><U74/><E83/><V23/><F35/><W104/><G104/><T18/><D86/><U22/><E22/><V123/><F57/><N who="3" m="32975" /><G95/><T73/><D93/><U52/><E52/><V16/><F66/><W94/><G94/><T101/><D60/><U33/><E33/><V85/><F123/><W34/><G55/><T118/><D73/><U9/><E120/><V121/><F121/><W38/><G38/><T100/><D118/><U2/><E2/><V41/><F41/><W98/><G98/><T119/><D119/><U81/><E81/><V26/><F107/><W44/><G28/><T48/><D18/><U105/><E105/><V133/><F133/><W128/><G128/><T27/><D27/><N who="2" m="10282" /><F97/><W40/><G13/><T47/><D47/><U135/><E135/><V67/><F67/><W14/><G14/><T45/><D45/><U122/><E122/><V53/><F53/><W84/><G84/><T4/><D4/><N who="2" m="1578" /><F79/><N who="1" m="30217" /><E75/><V106/><F106/><W111/><G111/><T80/><D80/><U88/><E74/><V92/><F82/><W58/><G58/><T12/><D12/><N who="1" m="7567" /><E71/><V117/><F117/><W1/><G1/><RYUUKYOKU ba="1,0" sc="189,10,182,-30,371,10,258,10" hai0="10,11,29,31,48,51,56,59,96,99,100,101,127" hai2="8,15,16,23,85,91,92" hai3="25,30,34,40,44,124,125" /><INIT seed="7,2,0,4,1,130" ten="199,152,381,268" oya="3" hai0="31,104,76,107,5,71,126,53,108,124,27,103,116" hai1="96,40,13,93,106,114,2,95,25,4,90,132,105" hai2="23,121,111,26,65,100,57,113,39,55,33,58,56" hai3="62,24,131,86,135,21,89,30,69,129,17,73,15"/><W42/><G73/><T75/><D116/><U117/><E2/><V97/><F111/><W11/><G42/><T125/><D108/><U50/><E117/><V61/><F113/><W68/><G62/><T41/><D41/><U43/><E114/><V79/><F33/><W98/><G98/><T85/><D75/><U123/><E123/><V52/><F39/><W38/><G38/><T10/><D71/><U7/><E25/><V118/><F79/><W51/><G51/><T54/><D103/><U14/><E96/><V47/><F121/><W88/><G89/><T82/><D104/><U122/><E122/><V84/><F84/><W28/><G135/><T94/><D94/><U99/><E99/><V101/><F118/><W115/><G28/><T81/><D81/><U128/><E50/><N who="2" m="28767" /><F97/><W133/><G133/><T70/><D70/><U78/><E78/><V102/><F65/><W3/><G3/><T109/><D109/><U16/><E90/><V35/><F35/><W36/><G36/><T87/><D87/><U32/><E32/><V119/><F119/><W134/><G134/><T120/><D107/><U127/><E132/><V64/><F64/><W72/><G72/><T37/><D37/><U0/><E0/><V110/><F110/><W20/><G115/><T22/><REACH who="0" step="1"/><D120/><REACH who="0" ten="189,152,381,268" step="2"/><U44/><E127/><V46/><F46/><W92/><G69/><T80/><D80/><U112/><E112/><V66/><F66/><W8/><G68/><T59/><D59/><U45/><E128/><AGARI ba="2,1" hai="8,11,15,17,20,21,24,30,86,88,92,128,129,131" machi="128" ten="40,3900,0" yaku="19,1,54,1" doraHai="130" who="3" fromWho="1" sc="189,0,152,-45,381,0,268,55" /><INIT seed="7,3,0,0,5,121" ten="189,107,381,323" oya="3" hai0="94,79,100,27,74,123,21,117,124,111,106,120,24" hai1="51,119,83,133,81,91,1,63,53,17,34,59,109" hai2="126,39,114,11,92,49,57,70,88,78,129,85,37" hai3="35,97,115,132,99,58,113,19,128,2,101,42,33"/><W32/><G2/><T40/><D117/><U68/><E34/><V134/><F70/><W0/><G0/><T30/><D124/><U62/><E1/><V96/><F126/><W18/><G42/><T76/><D40/><U90/><E133/><V110/><F110/><W55/><G132/><T13/><D111/><U20/><E119/><V31/><F31/><W56/><G128/><T131/><D131/><U9/><E9/><V6/><F129/><W86/><G86/><T104/><D94/><U8/><E8/><V41/><F114/><N who="3" m="43531" /><G56/><T105/><D13/><U93/><E109/><V26/><F26/><W44/><G44/><T69/><D27/><U12/><E91/><V102/><F134/><W4/><G4/><T14/><D14/><U75/><E75/><V67/><F78/><W60/><G99/><T72/><D69/><U64/><REACH who="1" step="1"/><E63/><REACH who="1" ten="189,97,381,323" step="2"/><V16/><F11/><W80/><G80/><N who="0" m="45063" /><D74/><U116/><E116/><V38/><F6/><W130/><G130/><T135/><D135/><U118/><E118/><V10/><F10/><W7/><G7/><T65/><D123/><U84/><AGARI ba="3,1" hai="12,17,20,51,53,59,62,64,68,81,83,84,90,93" machi="84" ten="20,8000,1" yaku="1,1,0,1,7,1,25,2,53,0" doraHai="121" doraHaiUra="43" who="1" fromWho="1" sc="189,-23,97,99,381,-23,323,-43" owari="166,-33.4,196,-20.4,358,45.8,280,8.0" /></mjloggm>