<mjloggm ver="2.3"><GO type="41" lobby="0"/><UN n0="%E2%93%9D%4C%75%63%6B%79%4A" n1="%E3%83%89%E3%83%93%E3%83%B3%E3%82%A8%E3%83%B3%E3%83%96%E3%83%AC%E3%83%A0" n2="%E3%81%9F%E3%81%8D%E3%81%8F%E3%82%93%32%35" n3="%E3%82%B5%E3%83%B3%E3%83%9E%E3%81%8A%E3%81%98%E3%81%95%E3%82%93" dan="18,15,14,13" rate="2196.74,1937.74,1916.57,1873.51" sx="M,M,M,M"/><TAIKYOKU oya="0"/><INIT seed="0,0,0,2,0,52" ten="250,250,250,250" oya="0" hai0="118,26,69,15,32,74,39,99,23,112,28,85,119" hai1="10,109,61,54,57,125,133,35,65,19,27,121,120" hai2="90,88,34,66,22,128,101,45,4,63,25,2,95" hai3="117,84,3,0,67,58,87,43,96,12,111,92,8"/><T17/><D74/><U81/><E109/><V5/><F128/><W9/><G117/><T79/><D39/><U20/><E125/><V115/><F34/><W36/><G0/><T56/><D69/><U11/><E133/><V104/><F115/><W107/><G107/><T78/><D112/><U122/><E35/><V127/><F127/><W37/><G3/><T89/><D99/><U100/><E100/><V31/><F104/><W47/><G8/><T16/><D17/><U33/><E33/><V116/><F116/><W126/><G111/><T29/><D29/><U40/><E40/><V105/><F105/><W77/><G77/><T41/><D41/><U55/><E55/><V62/><F45/><W7/><G36/><T38/><D38/><U123/><N who="1" m="30720" /><DORA hai="129" /><U73/><REACH who="1" step="1"/><E65/><REACH who="1" ten="250,240,250,250" step="2"/><V42/><F42/><W71/><G126/><T44/><D119/><U86/><E86/><V59/><F2/><W6/><G84/><T124/><D124/><U60/><E60/><V97/><F63/><W103/><G87/><T75/><D118/><U30/><E30/><V98/><F101/><W110/><G110/><T130/><D130/><U135/><E135/><V113/><F113/><W24/><G103/><T21/><D32/><U83/><E83/><V114/><F114/><W131/><G43/><T48/><D75/><U94/><E94/><AGARI ba="0,1" hai="4,5,22,25,31,59,62,66,88,90,94,95,97,98" machi="94" ten="40,8000,1" yaku="9,1,8,1,52,1,54,1" doraHai="52,129" who="2" fromWho="1" sc="250,0,240,-80,250,90,250,0" /><INIT seed="1,0,0,3,3,15" ten="250,160,340,250" oya="1" hai0="128,72,90,35,21,86,3,69,5,123,53,58,44" hai1="109,127,52,104,68,97,89,27,100,116,47,124,2" hai2="59,34,110,29,46,80,113,133,94,1,120,45,61" hai3="85,111,67,51,73,95,39,88,32,17,134,57,131"/><U13/><E116/><V115/><F1/><W9/><G39/><T93/><D35/><U84/><E2/><V74/><F120/><W24/><G73/><T118/><D69/><U70/><E27/><N who="2" m="18751" /><F74/><W6/><G131/><T132/><D132/><U50/><E13/><V22/><F80/><W102/><G134/><T16/><D128/><U49/><E49/><V103/><F133/><W66/><G102/><T28/><D118/><U31/><E31/><V62/><F62/><W60/><G51/><T55/><D72/><U83/><REACH who="1" step="1"/><E109/><REACH who="1" ten="250,150,340,250" step="2"/><V105/><F110/><W41/><G111/><T91/><D28/><U112/><E112/><V122/><F115/><W87/><G41/><T33/><D3/><U26/><E26/><V101/><F113/><W99/><G32/><T81/><D33/><U117/><E117/><V40/><F122/><W42/><G42/><T0/><D123/><U135/><E135/><V96/><F40/><W37/><G37/><T75/><D0/><U56/><E56/><V64/><F59/><W10/><G57/><T11/><D58/><U125/><AGARI ba="0,1" hai="47,50,52,68,70,83,84,89,97,100,104,124,125,127" machi="125" ten="30,12000,1" yaku="1,1,0,1,18,1,54,1,53,1" doraHai="15" doraHaiUra="92" who="1" fromWho="1" sc="250,-40,150,130,340,-40,250,-40" /><INIT seed="1,1,0,0,1,22" ten="210,280,300,210" oya="1" hai0="50,6,67,86,93,25,72,65,0,15,3,71,101" hai1="87,131,32,31,105,84,89,90,52,127,14,128,75" hai2="64,29,77,119,88,116,95,97,104,9,44,19,118" hai3="47,135,7,63,111,59,130,41,36,112,83,38,74"/><U1/><E1/><V85/><F29/><W49/><G112/><T57/><D72/><U114/><E114/><V78/><F64/><W102/><G102/><T120/><D71/><U26/><E75/><V11/><F44/><W37/><G74/><T108/><D108/><U24/><E105/><V43/><F43/><W40/><G83/><T16/><D120/><U106/><E106/><V33/><F33/><W73/><G73/><T129/><D129/><N who="1" m="49739" /><E127/><V21/><F77/><W55/><G7/><T34/><D3/><U132/><E132/><V113/><F113/><W28/><G28/><T54/><D0/><U51/><E14/><V20/><F20/><W80/><G80/><T69/><D69/><U82/><E31/><V8/><F78/><W45/><G130/><T123/><D123/><U42/><E42/><N who="3" m="16490" /><G111/><T133/><D133/><U117/><E32/><V70/><F70/><W122/><G122/><T35/><D35/><U110/><E110/><V103/><REACH who="2" step="1"/><F119/><REACH who="2" ten="210,280,290,210" step="2"/><W62/><G135/><T13/><D34/><U53/><E117/><V107/><F107/><W61/><AGARI ba="1,1" hai="36,37,38,45,47,49,55,59,61,62,63" m="16490" machi="61" ten="40,8000,1" yaku="35,5" doraHai="22" who="3" fromWho="3" sc="210,-21,280,-41,290,-21,210,93" /><INIT seed="2,0,0,5,2,73" ten="189,239,269,303" oya="2" hai0="63,98,81,8,45,65,94,24,3,103,27,13,5" hai1="58,60,4,44,108,86,82,115,16,132,75,70,87" hai2="53,78,112,42,50,92,18,17,109,84,34,9,71" hai3="1,110,95,135,49,123,40,96,83,7,10,25,35"/><V43/><F71/><W127/><G123/><T126/><D126/><U46/><E115/><V12/><F112/><W104/><G104/><T41/><D3/><U89/><E108/><V97/><F34/><W54/><G110/><T20/><D81/><U39/><E132/><V90/><F109/><W105/><G105/><T59/><REACH who="0" step="1"/><D20/><REACH who="0" ten="179,239,269,303" step="2"/><U107/><E82/><N who="2" m="47191" /><F18/><W33/><G83/><T52/><D52/><U131/><E16/><V31/><F31/><W130/><G127/><T93/><D93/><U48/><E107/><V51/><F51/><AGARI ba="0,1" hai="5,8,13,24,27,41,45,51,59,63,65,94,98,103" machi="51" ten="30,7700,0" yaku="1,1,7,1,8,1,53,1" doraHai="73" doraHaiUra="55" who="0" fromWho="2" sc="179,87,239,0,269,-77,303,0" /><INIT seed="3,0,0,2,4,71" ten="266,239,192,303" oya="3" hai0="58,12,57,133,135,100,111,124,97,118,9,30,131" hai1="102,106,28,59,114,121,132,51,2,116,69,15,31" hai2="126,107,33,75,89,65,27,41,77,67,79,5,76" hai3="113,10,56,74,103,1,13,63,29,47,94,115,61"/><W53/><G74/><T40/><D118/><U109/><E121/><V50/><F75/><W34/><G1/><T112/><D30/><U98/><E114/><V78/><F107/><W90/><G103/><T20/><D20/><U88/><E116/><V36/><F126/><W99/><G29/><T6/><D111/><U130/><E69/><V134/><F134/><N who="0" m="51210" /><D131/><U83/><E2/><V122/><F122/><W4/><G34/><T108/><D108/><U49/><E109/><V42/><F5/><W18/><G63/><T35/><D35/><U125/><E51/><V54/><F33/><W93/><G47/><T66/><D66/><U48/><E48/><V85/><F27/><W104/><G104/><N who="0" m="63503" /><D112/><U92/><E125/><V64/><N who="2" m="19456" /><DORA hai="91" /><V117/><F36/><W32/><G32/><T37/><D124/><U68/><E68/><V80/><REACH who="2" step="1"/><F117/><REACH who="2" ten="266,239,182,303" step="2"/><W21/><G113/><T52/><D37/><U39/><E39/><V129/><F129/><W23/><G115/><T87/><D6/><U38/><E130/><V60/><F60/><W7/><G7/><T127/><D127/><U86/><E38/><V16/><F16/><W110/><G110/><T26/><D26/><U62/><E62/><V46/><AGARI ba="0,1" hai="41,42,46,50,54,64,65,67,80,85,89" m="19456" machi="46" ten="50,16000,3" yaku="1,1,0,1,8,1,53,5" doraHai="71,91" doraHaiUra="73,44" who="2" fromWho="2" sc="266,-40,239,-40,182,170,303,-80" /><INIT seed="4,0,0,1,0,38" ten="226,199,352,223" oya="0" hai0="59,122,26,55,31,45,42,20,78,47,115,128,66" hai1="52,95,11,74,24,40,72,3,80,133,23,124,126" hai2="96,73,27,7,37,57,43,110,51,16,120,86,92" hai3="54,0,15,119,48,18,19,21,87,88,109,5,129"/><T116/><D122/><U65/><E133/><V123/><F110/><W36/><G36/><T99/><D116/><U118/><E118/><V117/><F73/><W67/><G129/><T35/><D128/><U121/><E121/><V132/><F117/><W134/><G134/><T97/><D35/><U49/><E65/><V91/><F132/><W30/><G30/><T81/><D47/><N who="1" m="25831" /><E95/><V61/><F37/><W9/><G109/><T127/><D127/><N who="1" m="48683" /><E80/><V83/><F7/><W114/><G114/><T69/><D69/><U4/><E52/><N who="2" m="33959" /><F123/><W70/><G67/><T85/><D66/><U17/><AGARI ba="0,0" hai="3,4,11,17,23,24,72,74" m="48683,25831" machi="17" ten="30,2000,0" yaku="18,1,52,1" doraHai="38" who="1" fromWho="1" sc="226,-10,199,20,352,-5,223,-5" /><INIT seed="5,0,0,5,0,57" ten="216,219,347,218" oya="1" hai0="89,51,35,92,20,27,16,110,7,116,52,113,71" hai1="44,24,68,122,53,14,64,6,123,129,47,87,85" hai2="117,101,107,120,33,69,48,37,32,93,0,133,127" hai3="28,102,135,106,96,132,88,111,39,66,131,25,76"/><U40/><E129/><V18/><F93/><W61/><G39/><T2/><D110/><U54/><E24/><V103/><F48/><W8/><G8/><T86/><D113/><U15/><E64/><V121/><F18/><W75/><G131/><T22/><D116/><U115/><E68/><V95/><F95/><W5/><G5/><T59/><D71/><U45/><E6/><V29/><F29/><W83/><G88/><T73/><D73/><U81/><E47/><V128/><F101/><W46/><G46/><T114/><D114/><U55/><E55/><V97/><F97/><W3/><G3/><T70/><D70/><U100/><E81/><V65/><F103/><W130/><G130/><T77/><D77/><U49/><E100/><V13/><F13/><W134/><G111/><T118/><D118/><U124/><E124/><V11/><F11/><W12/><G12/><T108/><D108/><U63/><E115/><V82/><F82/><W104/><G104/><T105/><D105/><U56/><E56/><V9/><F65/><W10/><G10/><T78/><D78/><U112/><E112/><V67/><F67/><W43/><G43/><T41/><D41/><U36/><E36/><V90/><F37/><W31/><G25/><N who="0" m="14535" /><D7/><U91/><E40/><V109/><F107/><W30/><G66/><T21/><D2/><U62/><E91/><V80/><F109/><W42/><G42/><T98/><D98/><U4/><E4/><V19/><F128/><W17/><G17/><T99/><D99/><U26/><E26/><V58/><F117/><W79/><G79/><RYUUKYOKU ba="0,0" sc="216,10,219,10,347,-30,218,10" hai0="20,21,27,35,51,52,59,86,89,92" hai1="14,15,44,45,49,53,54,62,63,85,87,122,123" hai3="28,30,31,61,75,76,83,96,102,106,132,134,135" /><INIT seed="5,1,0,2,1,119" ten="226,229,317,228" oya="1" hai0="96,90,22,71,16,52,108,39,62,61,92,2,63" hai1="104,87,31,42,6,0,9,123,125,117,81,130,67" hai2="37,50,57,66,29,68,128,58,116,8,30,94,60" hai3="36,80,55,122,27,12,127,3,95,133,103,118,93"/><U56/><E117/><V18/><F116/><W120/><G118/><T101/><D108/><U24/><E125/><V69/><F128/><W107/><G3/><T121/><D39/><U32/><E130/><V1/><F37/><W111/><G111/><T64/><D2/><U51/><E104/><V11/><F1/><W70/><G70/><T28/><D28/><U14/><E67/><V100/><F68/><W112/><G133/><T106/><D121/><U49/><E123/><V134/><F69/><W75/><G127/><T65/><D71/><U97/><E97/><N who="2" m="59447" /><F134/><W40/><G75/><T47/><D106/><U115/><E115/><V72/><F72/><W126/><G80/><T53/><D101/><U43/><E0/><V131/><F131/><W5/><G27/><N who="0" m="14791" /><D47/><U19/><E6/><V41/><F41/><W110/><G55/><AGARI ba="1,0" hai="52,53,55,61,62,63,64,65,90,92,96" m="14791" machi="55" ten="30,3900,0" yaku="8,1,54,2" doraHai="119" who="0" fromWho="3" sc="226,42,229,0,317,0,228,-42" /><INIT seed="6,0,0,5,4,55" ten="268,229,317,186" oya="2" hai0="71,133,60,97,101,102,58,77,5,95,50,128,83" hai1="104,1,135,120,2,70,17,116,45,66,134,81,54" hai2="9,106,6,91,18,127,31,122,51,38,103,8,99" hai3="11,61,73,74,86,20,88,69,108,123,125,19,36"/><V64/><F38/><W114/><G108/><T29/><D71/><U49/><E116/><V62/><F122/><W43/><G123/><T44/><D133/><N who="1" m="50699" /><E120/><V22/><F127/><W24/><G125/><T89/><D29/><U121/><E121/><V113/><F113/><W110/><G110/><T42/><D5/><U105/><E81/><V72/><F31/><W79/><G79/><T112/><D128/><U7/><E17/><V78/><F51/><W124/><G124/><T96/><D97/><U21/><E21/><V130/><F130/><W126/><G126/><T59/><D112/><U48/><E48/><V3/><F8/><W94/><G114/><T80/><D83/><U92/><E92/><V117/><F117/><W39/><G11/><T82/><D82/><U68/><E7/><V15/><F91/><W129/><G129/><T87/><REACH who="0" step="1"/><D59/><REACH who="0" ten="258,229,317,186" step="2"/><U111/><E68/><V63/><F78/><W16/><G19/><T132/><D132/><U119/><E111/><V37/><F72/><W90/><G73/><T28/><D28/><U46/><E70/><V32/><F6/><W115/><G115/><T85/><D85/><U14/><E119/><V35/><F99/><N who="3" m="57799" /><G74/><T76/><D76/><U10/><E2/><V26/><F3/><W118/><G118/><T107/><D107/><U27/><E1/><V47/><F106/><W75/><G75/><T34/><D34/><U84/><E105/><V33/><F32/><W0/><G0/><T100/><D100/><U109/><E104/><V13/><F35/><W67/><G43/><T12/><D12/><U56/><E14/><RYUUKYOKU ba="0,1" sc="258,15,229,-15,317,-15,186,15" hai0="42,44,50,58,60,77,80,87,89,95,96,101,102" hai3="16,20,24,36,39,61,67,69,86,90" /><INIT seed="7,1,1,2,1,124" ten="273,214,302,201" oya="3" hai0="123,109,73,65,47,56,35,64,42,33,53,26,108" hai1="6,105,34,22,132,134,87,51,112,128,113,97,101" hai2="66,28,36,126,23,17,59,31,20,21,114,62,8" hai3="94,57,43,38,93,99,67,89,85,45,116,19,16"/><W88/><G116/><T41/><D73/><U96/><E34/><V76/><F126/><W10/><G10/><T77/><D77/><U50/><E6/><V91/><F36/><W110/><G110/><T83/><D83/><U39/><E39/><V119/><F76/><W32/><G32/><T106/><D106/><U24/><E87/><V49/><F114/><N who="1" m="44137" /><E97/><V117/><F8/><W121/><G121/><T5/><D5/><U74/><E74/><V135/><F17/><W125/><G125/><T86/><D86/><U61/><E61/><V7/><F7/><W104/><G104/><T120/><D26/><U95/><E95/><V40/><F135/><N who="1" m="51753" /><E128/><V118/><F91/><W107/><G107/><T133/><D133/><U100/><E100/><V29/><F49/><W103/><REACH who="3" step="1"/><G89/><REACH who="3" ten="273,214,302,191" step="2"/><T102/><D123/><U58/><E58/><V68/><F59/><W115/><G115/><T55/><D120/><U1/><E1/><V70/><F70/><W54/><G54/><T90/><D55/><U12/><E12/><V27/><F40/><W48/><G48/><T75/><D53/><U9/><E9/><V15/><F15/><W0/><G0/><T46/><D90/><U30/><AGARI ba="1,2" hai="22,24,30,50,51,96,101,105" m="51753,44137" machi="30" ten="30,2000,0" yaku="15,1,20,1" doraHai="124" who="1" fromWho="1" sc="273,-6,214,43,302,-6,191,-11" /><INIT seed="8,0,0,5,4,67" ten="267,257,296,180" oya="0" hai0="43,99,41,110,50,109,39,25,119,75,97,65,98" hai1="12,29,100,70,53,19,57,54,127,114,87,49,103" hai2="82,64,9,112,26,20,128,131,34,125,132,51,120" hai3="129,58,124,117,46,118,21,61,37,79,69,88,63"/><T78/><D39/><U18/><E70/><V95/><F120/><W106/><G106/><T86/><D75/><U28/><E127/><V77/><F112/><W101/><G101/><T60/><D25/><U32/><E114/><V81/><F34/><W116/><G124/><T5/><D5/><U85/><E32/><V40/><F125/><W68/><G79/><T35/><D35/><U126/><E126/><V48/><F132/><W71/><G88/><T13/><D13/><U104/><E104/><V108/><F64/><W96/><G96/><T90/><D50/><N who="2" m="18986" /><F40/><N who="3" m="22799" /><G21/><T24/><D24/><U52/><E12/><V134/><F108/><N who="0" m="41578" /><D78/><U11/><E11/><V59/><F134/><W133/><G129/><N who="2" m="49737" /><F59/><W130/><G133/><T47/><D47/><U27/><E27/><V10/><F95/><W115/><G115/><T38/><D38/><U3/><E85/><N who="2" m="48303" /><F82/><W2/><G2/><T94/><D119/><N who="3" m="30465" /><W73/><DORA hai="30" /><G73/><T89/><D90/><U107/><E3/><V76/><F76/><W102/><G102/><N who="1" m="38954" /><E87/><V121/><F121/><W8/><G8/><T122/><D122/><U45/><E107/><V36/><F36/><W80/><G80/><T16/><D94/><U135/><E135/><V83/><F83/><W23/><G23/><T6/><D89/><U1/><E1/><V56/><F56/><W105/><G105/><T91/><D91/><U0/><E0/><V31/><AGARI ba="0,0" hai="9,10,20,26,31" m="48303,49737,18986" machi="31" ten="30,1100,0" yaku="19,1" doraHai="67,30" who="2" fromWho="2" sc="267,-5,257,-3,296,11,180,-3" owari="262,6.2,254,-14.6,307,40.7,177,-32.3" /></mjloggm>