<mjloggm ver="2.3"><GO type="9" lobby="0"/><UN n0="%E3%83%88%E3%83%AB%E3%82%B3%E6%A1%94%E6%A2%97" n1="%61%79%61%70%70%65" n2="%E2%93%9D%4C%75%63%6B%79%4A" n3="%4E%6F%4E%61%6D%65" dan="9,10,3,0" rate="1628.89,1549.90,1547.22,1500.00" sx="M,F,M,M"/><TAIKYOKU oya="0"/><INIT seed="0,0,0,1,0,114" ten="250,250,250,250" oya="0" hai0="70,134,50,123,112,36,10,37,42,26,14,54,53" hai1="67,72,31,111,100,15,32,120,40,34,99,41,75" hai2="71,17,90,51,68,3,109,13,63,132,39,52,129" hai3="104,49,20,0,80,84,45,4,64,87,5,62,66"/><T124/><D123/><U59/><E120/><V85/><F3/><W133/><G104/><T9/><D112/><U69/><E111/><V21/><F39/><N who="0" m="14922" /><D26/><U6/><E59/><V2/><F2/><W110/><G110/><T38/><D9/><U92/><E34/><V130/><F132/><W127/><G127/><T102/><D102/><U47/><E47/><V115/><F115/><W82/><G82/><T118/><D14/><U89/><E15/><V7/><F63/><W25/><G25/><T12/><D12/><U61/><E6/><V73/><F73/><W1/><G1/><T116/><D10/><U57/><E57/><N who="2" m="32927" /><F7/><W29/><G29/><T83/><D83/><U16/><E16/><V94/><F109/><W28/><G28/><T113/><D113/><U79/><E79/><V135/><F135/><W60/><G60/><T106/><D106/><N who="1" m="63775" /><E72/><V77/><F77/><W24/><G24/><T18/><D18/><U88/><E75/><V119/><F119/><N who="0" m="45610" /><D134/><U78/><E78/><V97/><F97/><W107/><G107/><T11/><D11/><U76/><E76/><V131/><AGARI ba="0,0" hai="13,17,21,68,71,85,90,94,129,130,131" m="32927" machi="131" ten="30,4000,0" yaku="25,1,19,1,54,1" doraHai="114" who="2" fromWho="2" sc="250,-20,250,-10,250,40,250,-10" /><INIT seed="1,0,0,1,2,25" ten="230,240,290,240" oya="1" hai0="37,135,12,100,33,11,132,15,56,126,1,9,121" hai1="124,67,71,21,63,8,99,14,18,94,32,109,80" hai2="115,91,13,128,5,26,55,30,117,62,39,93,79" hai3="58,96,4,70,16,66,119,112,120,92,45,104,105"/><U107/><E32/><V130/><F39/><W3/><G3/><T48/><D33/><U61/><E124/><V64/><F79/><W83/><G83/><T35/><D37/><U134/><E134/><N who="0" m="51241" /><D100/><U49/><E107/><V103/><F55/><W34/><G34/><T133/><N who="0" m="51249" /><T59/><DORA hai="78" /><D59/><U131/><E131/><V81/><F117/><W24/><G24/><T65/><D65/><U86/><E109/><V72/><F5/><W17/><G17/><N who="0" m="8335" /><D48/><U68/><E49/><V102/><F13/><W122/><G122/><T114/><D56/><U110/><E110/><V38/><F38/><W111/><G111/><T20/><D121/><U98/><E94/><V44/><F93/><W113/><G113/><T47/><D47/><U95/><E95/><V40/><F44/><W53/><G53/><T60/><D60/><U22/><E71/><V82/><F115/><W10/><G10/><T69/><D69/><U19/><E61/><V97/><F62/><W76/><G120/><T29/><D114/><U87/><E87/><V77/><F64/><W125/><G119/><T108/><D108/><U43/><E43/><V7/><F40/><W101/><G70/><T129/><D126/><U27/><E8/><V23/><F97/><W57/><G125/><T116/><D116/><U31/><E19/><V46/><F7/><W41/><G112/><T73/><D73/><U42/><E42/><V90/><F72/><W52/><G76/><AGARI ba="0,0" hai="14,18,21,22,27,31,63,67,68,76,80,86,98,99" machi="76" ten="30,5800,0" yaku="7,1,52,2" doraHai="25,78" who="1" fromWho="3" sc="230,0,240,58,290,0,240,-58" /><INIT seed="1,1,0,0,4,81" ten="230,298,290,182" oya="1" hai0="59,83,30,55,14,4,16,65,77,92,49,79,11" hai1="109,128,58,127,133,117,18,78,38,98,111,41,104" hai2="42,17,134,21,60,102,132,95,123,64,7,51,36" hai3="50,129,91,74,76,135,67,114,70,23,1,126,15"/><U19/><E117/><V93/><F7/><W66/><G114/><T48/><D30/><U110/><E128/><V40/><F51/><W88/><G126/><T3/><D92/><N who="2" m="35402" /><F102/><W69/><G129/><T9/><D65/><N who="3" m="24585" /><G70/><T28/><D28/><U44/><E127/><V29/><F29/><W31/><G69/><T73/><D79/><U13/><E133/><N who="2" m="51307" /><F36/><W85/><G135/><T71/><D71/><U45/><E45/><V24/><F123/><W25/><G74/><T47/><D47/><U108/><E78/><V96/><F96/><W35/><G35/><T26/><REACH who="0" step="1"/><D26/><REACH who="0" ten="220,298,290,182" step="2"/><U97/><E108/><V39/><F39/><W86/><G1/><T57/><D57/><AGARI ba="1,1" hai="17,21,24,40,42,57,60,64" m="51307,35402" machi="57" ten="30,1000,0" yaku="20,1" doraHai="81" who="2" fromWho="0" sc="220,-13,298,0,290,23,182,0" /><INIT seed="2,0,0,3,1,35" ten="207,298,313,182" oya="2" hai0="90,25,34,52,56,119,120,24,40,93,86,30,19" hai1="4,96,65,134,79,68,130,108,59,49,122,60,45" hai2="53,39,128,80,6,111,1,69,121,57,107,31,22" hai3="75,76,0,33,100,17,20,95,15,27,58,135,102"/><V124/><F121/><W47/><G0/><T46/><D120/><U54/><E122/><V48/><F69/><W98/><G75/><T55/><D119/><U113/><E113/><V5/><F39/><W67/><G76/><T129/><D129/><U85/><E130/><V99/><F128/><W38/><G135/><T77/><D77/><U84/><E108/><V2/><F111/><W61/><G33/><T44/><D40/><U21/><E134/><V3/><F80/><W132/><G132/><T7/><D55/><U103/><E79/><V123/><F123/><W88/><REACH who="3" step="1"/><G27/><REACH who="3" ten="207,298,313,172" step="2"/><T18/><D7/><U70/><E4/><V37/><F6/><W106/><G106/><T131/><D131/><U105/><REACH who="1" step="1"/><E21/><REACH who="1" ten="207,288,313,172" step="2"/><V74/><F22/><W101/><G101/><T110/><D110/><U89/><E89/><V92/><F3/><W66/><G66/><T127/><D127/><U51/><E51/><V64/><F48/><W115/><G115/><T50/><REACH who="0" step="1"/><D24/><REACH who="0" ten="197,288,313,172" step="2"/><U78/><E78/><V133/><F133/><W41/><G41/><T112/><D112/><U8/><E8/><V29/><F2/><W28/><G28/><T11/><D11/><U87/><AGARI ba="0,3" hai="45,49,54,59,60,65,68,70,84,85,87,96,103,105" machi="87" ten="30,2000,0" yaku="1,1,0,1,53,0" doraHai="35" doraHaiUra="36" who="1" fromWho="1" sc="197,-5,288,50,313,-10,172,-5" /><INIT seed="3,0,0,0,2,59" ten="192,338,303,167" oya="3" hai0="31,41,38,45,126,106,3,97,80,61,64,53,40" hai1="24,89,130,33,85,54,68,134,46,128,11,82,100" hai2="103,77,76,113,4,72,58,18,16,84,8,119,30" hai3="23,5,70,117,135,21,104,90,55,39,88,63,92"/><W129/><G129/><N who="1" m="49770" /><E68/><V49/><F113/><W51/><G51/><T12/><D3/><U56/><E134/><V32/><F103/><W105/><G105/><T96/><D80/><U132/><E132/><V42/><F119/><W131/><G131/><T95/><D106/><U79/><E46/><V34/><F72/><W15/><G15/><T127/><D31/><N who="1" m="19687" /><E100/><V28/><F42/><N who="0" m="16490" /><D38/><U114/><E114/><V36/><F36/><W122/><G122/><T22/><D95/><U75/><E11/><V35/><F8/><W9/><G9/><T98/><D12/><U99/><E99/><N who="0" m="25345" /><T6/><DORA hai="17" /><D6/><U52/><E56/><V44/><F58/><W62/><G62/><T83/><D83/><AGARI ba="0,0" hai="52,54,75,79,82,83,85,89" m="19687,49770" machi="83" ten="30,2000,0" yaku="19,1,54,1" doraHai="59,17" who="1" fromWho="0" sc="192,-20,338,20,303,0,167,0" /><INIT seed="4,0,0,5,3,84" ten="172,358,303,167" oya="0" hai0="88,107,121,132,1,75,102,83,7,26,8,50,105" hai1="44,81,13,117,133,15,120,69,54,71,111,36,32" hai2="124,12,24,82,109,40,6,134,92,52,76,47,108" hai3="119,85,19,101,58,18,127,27,93,130,38,61,3"/><T103/><D26/><U123/><E117/><V45/><F124/><W74/><G74/><T65/><D65/><U125/><E111/><V68/><F134/><W91/><G91/><T57/><D50/><U94/><E125/><V53/><F68/><W63/><G63/><T48/><D57/><U22/><E133/><V30/><F6/><W60/><G60/><T25/><D25/><U73/><E32/><V70/><F12/><W23/><G23/><T16/><D121/><U39/><E94/><V62/><F92/><W106/><G106/><N who="0" m="40459" /><D132/><U5/><E5/><V129/><F47/><W115/><G115/><T110/><D48/><U41/><E54/><V66/><F109/><W80/><G80/><T35/><D35/><U11/><E73/><V98/><F108/><W112/><G112/><T2/><D110/><U89/><E89/><V21/><F98/><W56/><G56/><T79/><D7/><U42/><E44/><V118/><F118/><W28/><G28/><T49/><D49/><U29/><E29/><V33/><F33/><W116/><G116/><T100/><D2/><U67/><E67/><V97/><F97/><W78/><G78/><T72/><D1/><U104/><E104/><V10/><F76/><W131/><G131/><T55/><D55/><U128/><E128/><V64/><F129/><W135/><G135/><T87/><D8/><U77/><E11/><V20/><F10/><W37/><G37/><T113/><D113/><U122/><E122/><V59/><F53/><W4/><G4/><T51/><D75/><U17/><E120/><V126/><F52/><RYUUKYOKU ba="0,0" sc="172,0,358,0,303,0,167,0" /><INIT seed="5,1,0,2,2,87" ten="172,358,303,167" oya="1" hai0="130,54,111,35,106,103,47,125,123,73,30,80,66" hai1="55,28,124,92,27,74,65,40,39,16,126,109,134" hai2="62,50,77,17,75,131,117,119,6,32,23,85,116" hai3="105,61,79,88,102,91,59,45,60,31,49,53,82"/><U69/><E74/><V10/><F75/><W110/><G110/><T112/><D111/><U58/><E109/><V44/><F32/><W5/><G5/><T99/><D54/><U7/><E134/><V72/><F72/><W33/><G33/><T95/><D112/><U128/><E7/><V11/><F62/><W101/><G101/><T4/><D4/><U12/><E128/><V3/><F11/><W56/><G56/><T9/><D123/><U93/><E69/><V104/><F104/><W57/><G57/><T8/><D130/><U51/><E65/><V15/><F131/><W34/><G34/><T63/><D47/><U38/><E40/><V1/><F77/><W84/><G84/><T25/><D95/><U14/><E14/><V120/><F85/><W135/><G135/><T121/><D125/><N who="1" m="48235" /><E39/><V108/><F120/><W100/><G100/><T24/><D24/><U114/><E38/><V21/><F108/><W19/><G19/><T132/><D121/><U115/><E28/><V2/><REACH who="2" step="1"/><F6/><REACH who="2" ten="172,358,293,167" step="2"/><W129/><G129/><T22/><D132/><U70/><E27/><V18/><F18/><W107/><G107/><T20/><D9/><N who="1" m="6159" /><E70/><V122/><F122/><W48/><G48/><T97/><D8/><U52/><E55/><AGARI ba="1,1" hai="1,2,3,10,15,17,21,23,44,50,55,116,117,119" machi="55" ten="50,1600,0" yaku="1,1,53,0" doraHai="87" doraHaiUra="71" who="2" fromWho="1" sc="172,0,358,-19,293,29,167,0" /><INIT seed="6,0,0,4,1,55" ten="172,339,322,167" oya="2" hai0="22,118,116,100,12,87,84,60,107,76,52,81,78" hai1="83,121,73,96,24,130,42,14,67,56,47,115,108" hai2="1,61,50,101,33,40,35,117,17,69,77,30,106" hai3="39,133,64,23,75,97,5,31,62,122,27,53,129"/><V4/><F117/><N who="0" m="45162" /><D22/><U79/><E108/><V132/><F77/><N who="0" m="29802" /><D12/><U91/><E115/><V112/><F132/><W66/><G66/><T54/><D81/><U43/><E130/><V57/><F112/><W38/><G38/><T11/><D11/><U110/><E110/><V0/><F17/><W16/><G16/><T113/><D113/><U6/><E24/><V105/><F69/><W63/><G63/><T59/><D54/><U49/><E121/><V94/><F4/><W9/><G9/><T74/><D74/><U68/><E68/><V102/><F30/><W134/><G134/><T80/><D80/><U120/><E120/><V19/><F19/><W72/><G72/><T104/><D100/><U98/><E73/><V3/><F102/><W18/><G18/><T8/><D8/><N who="1" m="4375" /><E43/><V28/><F28/><W58/><G58/><T37/><D37/><U99/><E79/><V10/><F10/><W85/><G85/><AGARI ba="0,0" hai="52,59,60,84,85,87,104,107" m="29802,45162" machi="85" ten="30,3900,0" yaku="12,1,52,1,54,1" doraHai="55" who="0" fromWho="3" sc="172,39,339,0,322,0,167,-39" /><INIT seed="7,0,0,0,3,72" ten="211,339,322,128" oya="3" hai0="50,103,16,24,85,25,61,4,104,135,79,134,28" hai1="90,112,76,56,97,33,20,81,108,89,43,40,110" hai2="114,94,68,31,127,58,128,38,45,74,10,1,100" hai3="107,5,133,67,96,92,111,125,132,26,75,102,117"/><W13/><G13/><T6/><D104/><U62/><E33/><V36/><F68/><W22/><G22/><N who="0" m="13383" /><D61/><U121/><E112/><V116/><F128/><W82/><G82/><N who="0" m="47327" /><D103/><U115/><E115/><V42/><F127/><W2/><G2/><T86/><D50/><U12/><E121/><V18/><F116/><W3/><G3/><T66/><D66/><N who="1" m="39239" /><E110/><V8/><F18/><W48/><G48/><T87/><D87/><N who="1" m="48551" /><E108/><V120/><F120/><W83/><G83/><T88/><D28/><U119/><E119/><V105/><F31/><W32/><G32/><T14/><D14/><U46/><E46/><V93/><F114/><W51/><G51/><T0/><D25/><U9/><E20/><V84/><F74/><W122/><G122/><T55/><D55/><U34/><E34/><V126/><F126/><W80/><G80/><N who="0" m="49223" /><D0/><U95/><E90/><V109/><F109/><W54/><G54/><T70/><D70/><U39/><E39/><V44/><F1/><W15/><G15/><T30/><D30/><U131/><E131/><V65/><F38/><W69/><G69/><T11/><D11/><U124/><E124/><V35/><F35/><W41/><G41/><T27/><D27/><U23/><E23/><V73/><F42/><W130/><G130/><T91/><D91/><U17/><AGARI ba="0,0" hai="9,12,17,40,43,89,95,97" m="48551,39239" machi="17" ten="30,2000,0" yaku="8,1,52,1" doraHai="72" who="1" fromWho="1" sc="211,-5,339,20,322,-5,128,-10" owari="206,-19.4,359,45.9,317,11.7,118,-38.2" /></mjloggm>