<mjloggm ver="2.3"><GO type="137" lobby="0"/><UN n0="%71%69%68%61%6E%78%69" n1="%E2%93%9D%4C%75%63%6B%79%4A" n2="%74%74%61%6B%69%74%63%68" n3="%E6%9A%B4%E6%8A%95%E6%9C%89%E7%90%86" dan="11,12,10,13" rate="1457.75,1830.96,1255.38,1810.91" sx="M,M,M,M"/><TAIKYOKU oya="0"/><INIT seed="0,0,0,0,3,71" ten="250,250,250,250" oya="0" hai0="64,90,128,50,0,75,20,35,25,40,134,16,72" hai1="83,58,77,124,49,91,99,94,106,33,34,8,73" hai2="57,97,48,56,54,63,70,37,84,92,127,14,11" hai3="118,13,10,123,109,133,105,65,121,117,88,19,100"/><T110/><D64/><U24/><E124/><V1/><F37/><W17/><G65/><T85/><D134/><U101/><E8/><V96/><F70/><W52/><G133/><T111/><D128/><U78/><E78/><V129/><F127/><W130/><G130/><T32/><D0/><U107/><E24/><V59/><F129/><W12/><G105/><T120/><D120/><N who="3" m="46153" /><G100/><T60/><D60/><U104/><E49/><V102/><F84/><W82/><G109/><N who="0" m="41483" /><D50/><U122/><E122/><V28/><F97/><W38/><G38/><T79/><D40/><U7/><E7/><V89/><F28/><W86/><G52/><T95/><D79/><U103/><E58/><V36/><F36/><W108/><G108/><T80/><D80/><U47/><E47/><V114/><F114/><W23/><AGARI ba="0,0" hai="10,12,13,17,19,23,82,86,88,117,118" m="46153" machi="23" ten="30,2000,0" yaku="13,1,54,1" doraHai="71" who="3" fromWho="3" sc="250,-10,250,-5,250,-5,250,20" /><INIT seed="1,0,0,3,1,111" ten="240,245,245,270" oya="1" hai0="126,42,75,2,0,90,87,9,46,93,24,47,121" hai1="26,115,7,123,117,36,55,57,28,34,79,65,95" hai2="101,86,5,54,77,35,91,6,129,41,27,134,100" hai3="120,74,29,30,44,49,94,4,14,16,99,116,15"/><U85/><E123/><V51/><F35/><W1/><G120/><T32/><D126/><U53/><E36/><V68/><F129/><W98/><G74/><T72/><D46/><U52/><E117/><V128/><F68/><W89/><G1/><T22/><D121/><U56/><E7/><V37/><F77/><W20/><G116/><T43/><D42/><U76/><E115/><V61/><F134/><W60/><G60/><T124/><D124/><U66/><E79/><V83/><F27/><W10/><REACH who="3" step="1"/><G99/><REACH who="3" ten="240,245,245,260" step="2"/><T131/><D2/><U38/><E38/><V122/><F61/><W3/><G3/><T112/><D112/><U12/><E12/><V127/><F128/><W73/><G73/><T132/><D131/><U108/><E108/><V39/><F127/><W67/><G67/><T106/><D132/><U25/><E66/><V118/><F37/><W21/><G21/><T23/><D0/><U96/><E65/><V119/><F118/><W80/><G80/><T33/><D23/><U104/><E104/><V40/><F119/><W105/><G105/><T81/><D106/><U31/><E96/><V70/><F39/><W103/><G103/><T97/><D72/><U135/><E135/><V78/><F70/><W13/><G13/><T62/><D75/><U19/><E95/><V11/><F122/><W113/><G113/><T63/><D32/><U64/><E64/><V125/><F101/><W8/><G8/><T110/><D9/><U50/><E34/><V82/><F100/><W109/><G109/><T59/><D33/><U17/><E26/><V84/><F125/><RYUUKYOKU ba="0,1" sc="240,-10,245,-10,245,-10,260,30" hai3="4,10,14,15,16,20,29,30,44,49,89,94,98" /><INIT seed="2,1,1,1,4,90" ten="230,235,235,290" oya="2" hai0="38,56,75,21,112,63,104,14,52,8,18,70,98" hai1="12,25,91,58,103,108,36,0,107,126,22,31,19" hai2="30,33,86,59,11,93,39,89,84,133,48,132,68" hai3="13,111,134,24,74,96,32,16,61,55,42,41,62"/><V79/><F30/><W17/><G74/><T73/><D112/><U76/><E36/><V34/><F68/><W71/><G111/><T65/><D38/><U26/><E76/><V114/><F33/><W94/><G134/><T3/><D3/><U117/><E117/><V130/><F130/><W23/><G32/><T115/><D8/><U127/><E103/><V67/><F39/><W129/><G129/><T80/><D115/><U64/><E107/><V88/><F67/><W105/><G105/><T47/><D80/><U69/><E69/><V122/><F11/><N who="3" m="6207" /><G71/><T15/><D15/><U131/><E0/><V92/><F34/><W6/><G6/><T121/><D121/><U135/><E108/><V2/><F2/><W57/><G62/><T44/><D75/><U72/><E72/><V99/><F122/><W54/><G55/><T97/><D73/><U77/><E135/><V124/><F124/><W7/><G7/><T49/><D104/><U106/><E106/><V109/><F109/><W35/><G35/><T53/><D70/><U29/><E131/><V102/><F114/><W125/><G125/><T83/><D83/><U27/><E127/><V120/><F120/><W81/><G81/><T60/><D60/><N who="1" m="37911" /><E77/><V85/><F79/><W40/><G40/><T50/><AGARI ba="1,1" hai="14,18,21,44,47,49,50,52,53,56,63,65,97,98" machi="50" ten="30,7900,0" yaku="0,1,9,1,8,1,54,1" doraHai="90" who="0" fromWho="0" sc="230,92,235,-21,235,-40,290,-21" /><INIT seed="3,0,0,1,1,108" ten="322,214,195,269" oya="3" hai0="34,41,123,10,43,31,3,23,61,17,50,90,121" hai1="14,134,6,15,25,87,28,104,56,4,97,55,101" hai2="122,59,120,9,66,42,60,86,35,95,54,29,80" hai3="37,94,64,107,22,65,8,13,88,48,102,133,63"/><W111/><G37/><T105/><D105/><U83/><E134/><V16/><F16/><W131/><G133/><T91/><D61/><U71/><E71/><V99/><F42/><W40/><G131/><T67/><D67/><U109/><E109/><V0/><F29/><W19/><G111/><T52/><D41/><U46/><E46/><V12/><F35/><W24/><G107/><T115/><D43/><U79/><E6/><V77/><F122/><W27/><G102/><T113/><D91/><U36/><E4/><V72/><F120/><W26/><G40/><T32/><D90/><U119/><E119/><V45/><F12/><W1/><G48/><T75/><D75/><U98/><E98/><V21/><F21/><W11/><G1/><T103/><D103/><U100/><E101/><V7/><F45/><W125/><G125/><T30/><D50/><U106/><E36/><V49/><F60/><W53/><G53/><T47/><D47/><U38/><E38/><V89/><REACH who="2" step="1"/><F66/><REACH who="2" ten="322,214,185,269" step="2"/><N who="3" m="25707" /><G63/><T116/><D116/><U128/><E106/><V132/><F132/><W39/><G39/><T82/><D123/><U92/><E104/><V110/><F110/><W69/><G69/><T73/><D121/><U70/><E70/><V114/><F114/><N who="0" m="43530" /><D34/><U129/><E129/><V85/><AGARI ba="0,1" hai="0,7,9,49,54,59,72,77,80,85,86,89,95,99" machi="85" ten="30,4000,0" yaku="1,1,0,1,53,1" doraHai="108" doraHaiUra="84" who="2" fromWho="2" sc="322,-10,214,-10,185,50,269,-20" /><INIT seed="4,0,0,2,5,102" ten="312,204,235,249" oya="0" hai0="83,33,135,44,96,53,92,31,77,61,98,58,9" hai1="78,128,95,121,63,90,124,37,24,72,133,93,60" hai2="13,64,18,106,114,2,115,99,117,54,30,25,55" hai3="132,22,73,123,59,88,119,0,97,3,38,130,120"/><T71/><D9/><U122/><E37/><V87/><F64/><W79/><G38/><T52/><D135/><U81/><E133/><V35/><F55/><W107/><G132/><T7/><D7/><U127/><E24/><V68/><F54/><W76/><G119/><T23/><D33/><U82/><E63/><V131/><F68/><W65/><G22/><T45/><D71/><U28/><E28/><V27/><F87/><W49/><G130/><T40/><D45/><U125/><E60/><V12/><F18/><W116/><G116/><T84/><D53/><U108/><E108/><V5/><F35/><W86/><G49/><T69/><D69/><U89/><E82/><V15/><F30/><W39/><G39/><T8/><D8/><U85/><E128/><V6/><F117/><W105/><G59/><T11/><D11/><U103/><E103/><V126/><F2/><W134/><G65/><T75/><D31/><U36/><E36/><V32/><F32/><W34/><G34/><T67/><D67/><U43/><E43/><V57/><F57/><W19/><G19/><T91/><D23/><U17/><E17/><V70/><F70/><W113/><G134/><T4/><D4/><U62/><E62/><V46/><F46/><W1/><G113/><T51/><AGARI ba="0,0" hai="40,44,51,52,58,61,75,77,83,84,91,92,96,98" machi="51" ten="20,3900,0" yaku="0,1,7,1,54,1" doraHai="102" who="0" fromWho="0" sc="312,39,204,-13,235,-13,249,-13" /><INIT seed="4,1,0,5,4,19" ten="351,191,222,236" oya="0" hai0="119,62,32,40,81,25,95,109,50,33,116,59,16" hai1="74,72,42,52,3,103,68,127,133,126,98,54,8" hai2="15,66,78,13,106,17,4,89,132,67,102,45,18" hai3="135,73,21,131,49,48,80,14,84,46,24,82,104"/><T41/><D81/><U115/><E68/><V107/><F102/><W57/><G104/><T60/><D95/><U94/><E42/><V114/><F89/><W20/><G73/><N who="1" m="28266" /><E133/><V23/><F114/><W37/><G37/><T11/><D109/><U122/><E122/><V56/><F45/><W88/><G135/><T130/><D130/><U63/><E63/><V123/><F56/><W85/><G131/><T83/><D83/><U91/><E8/><V1/><F132/><W38/><G38/><T120/><D120/><U12/><E12/><V61/><F1/><W30/><G57/><T113/><D50/><U75/><N who="1" m="28274" /><U29/><DORA hai="10" /><E29/><V55/><F4/><W93/><G93/><T39/><D62/><U111/><E3/><V76/><F55/><N who="1" m="21033" /><E111/><V35/><F61/><W92/><G92/><T71/><D39/><U77/><E77/><V99/><F99/><W69/><G69/><T110/><D71/><U96/><E115/><V2/><F2/><W128/><G128/><T100/><D113/><U0/><E0/><V134/><F134/><W97/><G97/><N who="1" m="37482" /><E103/><V28/><F35/><W51/><G46/><T22/><D100/><U65/><E65/><V118/><F28/><W53/><G53/><T70/><D70/><U5/><E5/><V7/><F7/><W90/><G14/><T26/><D110/><U86/><E127/><V87/><F123/><W44/><G44/><T43/><D26/><U121/><E121/><V79/><F107/><W47/><G47/><T117/><D11/><U105/><E105/><V129/><F106/><W58/><G58/><RYUUKYOKU ba="1,0" sc="351,10,191,10,222,-30,236,10" hai0="16,22,25,32,33,40,41,43,59,60,116,117,119" hai1="86,91,94,126" hai3="20,21,24,30,48,49,51,80,82,84,85,88,90" /><INIT seed="4,2,0,5,3,37" ten="361,201,192,246" oya="0" hai0="7,119,77,91,96,54,95,66,53,106,92,83,110" hai1="33,74,57,93,108,87,56,99,131,40,69,61,71" hai2="14,2,22,86,80,13,16,109,24,135,129,133,90" hai3="6,118,36,19,12,88,26,0,60,20,81,47,84"/><T122/><D7/><U52/><E74/><V67/><F129/><W82/><G118/><T10/><D10/><U120/><E33/><V130/><F67/><W105/><G105/><T50/><D66/><U41/><E108/><V112/><F2/><W31/><G60/><T79/><D54/><U8/><E120/><V121/><F112/><W125/><G125/><T124/><D119/><U85/><E131/><V44/><F121/><W126/><G126/><T18/><D122/><U32/><E32/><V75/><F44/><W134/><G134/><T3/><D3/><U39/><E39/><V1/><F130/><W48/><G36/><T34/><D34/><U89/><E71/><V113/><F1/><W72/><G72/><T70/><D70/><U115/><E69/><V29/><F29/><W51/><G81/><T123/><D123/><U15/><E57/><V55/><F55/><W45/><G48/><T100/><D18/><N who="1" m="8551" /><E115/><V114/><F109/><W104/><G104/><T35/><D35/><U107/><E107/><V25/><F113/><W42/><G47/><T98/><D124/><U127/><E127/><V46/><F135/><W9/><G0/><T65/><D110/><U30/><E30/><AGARI ba="2,0" hai="6,9,12,19,20,26,30,31,42,45,51,82,84,88" machi="30" ten="40,5200,0" yaku="8,1,52,1,54,1" doraHai="37" who="3" fromWho="1" sc="361,0,201,-58,192,0,246,58" /><INIT seed="5,0,0,1,0,113" ten="361,143,192,304" oya="1" hai0="83,22,8,55,3,26,106,95,36,120,78,116,94" hai1="69,35,32,127,129,31,10,112,89,42,110,13,58" hai2="81,84,14,105,25,33,19,61,124,28,123,38,82" hai3="75,51,86,18,122,62,29,80,23,125,76,6,9"/><U70/><E112/><V115/><F124/><W11/><G122/><T17/><D106/><U71/><E127/><V1/><F84/><W73/><G125/><T24/><D55/><U93/><E110/><V87/><F61/><W41/><G29/><T57/><D57/><U96/><E129/><V91/><F105/><W77/><G62/><T34/><D36/><U108/><E108/><V66/><F1/><W128/><G128/><T134/><D120/><U68/><N who="1" m="17408" /><DORA hai="131" /><U54/><E42/><V65/><F38/><W15/><G11/><T7/><D26/><U133/><E31/><V90/><F123/><W104/><G104/><T79/><D78/><U49/><REACH who="1" step="1"/><E133/><REACH who="1" ten="361,133,192,304" step="2"/><V107/><F82/><W12/><G76/><T52/><D79/><U103/><E103/><V44/><F115/><W121/><G121/><T74/><D83/><U50/><E50/><V59/><F90/><W16/><G18/><AGARI ba="0,1" hai="10,13,18,32,35,49,54,58,89,93,96" m="17408" machi="18" ten="70,6800,0" yaku="1,1,53,1" doraHai="113,131" doraHaiUra="4,98" who="1" fromWho="3" sc="361,0,133,78,192,0,304,-68" /><INIT seed="5,1,0,5,1,124" ten="361,211,192,236" oya="1" hai0="43,77,40,121,33,64,20,67,44,116,4,123,93" hai1="25,108,34,114,9,55,3,104,113,50,76,13,75" hai2="7,99,83,16,127,74,23,98,10,130,87,117,15" hai3="78,122,36,48,81,51,111,39,109,30,70,57,68"/><U119/><E104/><V52/><F127/><W91/><G122/><T63/><D33/><U27/><E75/><V92/><F130/><W126/><G126/><T54/><D77/><U94/><E76/><V105/><F52/><W102/><G102/><T21/><D4/><U19/><E119/><V6/><F105/><W32/><G111/><T115/><D93/><U46/><E108/><V131/><F131/><W35/><G109/><T58/><D116/><U125/><E125/><V12/><F74/><W128/><G128/><T56/><D21/><U0/><E94/><V53/><F53/><W62/><G35/><T129/><D20/><U106/><E106/><V86/><F83/><W14/><G91/><T11/><D11/><U65/><E65/><V107/><F107/><W73/><G68/><T103/><D103/><U69/><E69/><V61/><F61/><W79/><G70/><T45/><D129/><U118/><E118/><V8/><F98/><W29/><G14/><T37/><D115/><N who="1" m="44043" /><E34/><V133/><F133/><W59/><G79/><T31/><D31/><U96/><E96/><V89/><F117/><W26/><G30/><T84/><D84/><U120/><E120/><N who="0" m="46153" /><D58/><U112/><N who="1" m="44051" /><U41/><DORA hai="71" /><E3/><AGARI ba="1,0" hai="3,6,7,8,10,12,15,16,23,86,87,89,92,99" machi="3" ten="30,2000,0" yaku="7,1,54,1" doraHai="124,71" who="2" fromWho="1" sc="361,0,211,-23,192,23,236,0" /><INIT seed="6,0,0,2,4,117" ten="361,188,215,236" oya="2" hai0="96,27,128,35,119,116,94,112,49,17,76,11,29" hai1="129,45,123,1,19,48,31,64,75,25,131,14,68" hai2="55,42,134,21,60,105,121,22,132,102,34,7,66" hai3="133,13,61,24,127,47,58,83,77,63,59,73,99"/><V84/><F102/><W30/><G133/><T70/><D70/><U9/><E75/><V111/><F55/><W18/><G127/><T118/><D76/><U109/><E109/><V93/><F7/><W130/><G130/><N who="1" m="49674" /><E64/><V82/><F93/><W95/><G47/><T46/><D128/><U85/><E68/><V15/><F60/><W56/><G30/><T62/><D62/><U125/><E85/><V104/><F66/><W39/><G39/><T41/><D112/><U44/><E45/><V110/><F42/><W108/><G24/><T52/><D11/><U8/><E44/><V3/><F84/><W98/><G98/><T79/><D79/><U72/><E48/><V2/><F82/><W65/><G108/><T106/><D106/><U4/><E72/><V90/><F121/><W40/><G40/><T5/><D5/><U6/><E125/><V53/><F90/><W0/><G0/><T12/><D41/><U51/><E51/><V28/><F53/><W23/><G63/><T115/><D115/><U78/><E78/><V124/><F28/><W57/><REACH who="3" step="1"/><G56/><REACH who="3" ten="361,188,215,226" step="2"/><T69/><D69/><U87/><E31/><V32/><F124/><W20/><G20/><N who="0" m="11303" /><D96/><U37/><E37/><V54/><F54/><W91/><AGARI ba="0,1" hai="13,18,23,57,58,59,61,65,73,77,83,91,95,99" machi="91" ten="20,5200,0" yaku="1,1,0,1,7,1,53,1" doraHai="117" doraHaiUra="86" who="3" fromWho="3" sc="361,-13,188,-13,215,-26,226,62" /><INIT seed="7,0,0,5,4,3" ten="348,175,189,288" oya="3" hai0="50,119,20,16,55,27,39,135,52,54,105,38,82" hai1="13,57,100,134,6,56,24,9,67,85,128,103,17" hai2="110,107,30,133,84,78,14,53,64,8,34,21,35" hai3="112,91,131,73,2,41,79,120,101,89,95,61,43"/><W26/><G120/><T122/><D119/><U74/><E74/><V132/><F21/><W23/><G131/><T124/><D122/><U63/><E128/><V116/><F53/><W36/><G112/><T118/><D118/><U44/><E134/><V125/><F64/><W68/><G2/><T94/><D105/><U46/><E57/><V115/><F34/><W76/><G101/><N who="1" m="38986" /><E85/><V117/><F35/><W49/><G36/><T98/><D135/><U40/><E40/><V127/><F30/><W123/><G123/><T77/><D124/><N who="2" m="47690" /><F107/><W22/><G73/><T129/><D129/><U18/><E24/><V111/><F115/><W59/><G68/><T69/><D69/><U104/><E104/><V121/><F117/><W83/><G22/><T25/><D50/><U51/><E51/><V33/><F33/><W7/><G7/><T80/><D27/><U99/><E99/><V90/><F78/><N who="3" m="29739" /><G49/><T106/><D106/><U97/><E97/><V15/><F90/><N who="3" m="34315" /><G83/><T58/><D58/><U60/><E63/><V75/><F84/><W4/><G4/><T42/><D42/><U10/><E6/><V92/><F75/><W126/><G95/><T114/><D114/><U96/><E96/><V28/><F92/><W11/><G11/><T130/><D130/><U66/><E10/><V19/><F121/><W81/><G81/><N who="0" m="31339" /><D77/><U47/><E18/><V108/><F116/><W87/><G87/><T62/><D62/><U5/><E17/><V48/><F132/><W12/><G126/><T88/><D38/><U71/><E71/><V113/><F133/><W1/><G1/><RYUUKYOKU ba="0,0" sc="348,15,175,15,189,-15,288,-15" hai0="16,20,25,39,52,54,55,88,94,98" hai1="5,9,13,44,46,47,56,60,66,67" owari="363,46.3,190,-21.0,174,-32.6,273,7.3" /></mjloggm>