<mjloggm ver="2.3"><GO type="137" lobby="0"/><UN n0="%74%73%75%6B%61%73%61%6E" n1="%E3%81%B9%E3%82%8B%E3%81%95%E3%81%BE" n2="%E3%81%93%E3%81%B4%E3%82%88" n3="%E2%93%9D%4C%75%63%6B%79%4A" dan="13,12,12,11" rate="1793.16,1754.56,1670.83,1759.75" sx="M,M,F,M"/><TAIKYOKU oya="0"/><INIT seed="0,0,0,4,0,79" ten="250,250,250,250" oya="0" hai0="63,53,80,13,35,58,128,103,48,45,33,114,0" hai1="116,127,27,21,125,36,18,76,28,81,54,126,40" hai2="120,66,59,130,31,38,119,94,1,15,56,46,55" hai3="67,106,131,77,86,97,90,69,50,82,111,51,88"/><T71/><D114/><U113/><E116/><V109/><F1/><W121/><G111/><T96/><D0/><U134/><E134/><V10/><F119/><W11/><G131/><T42/><D128/><U89/><E113/><V62/><F130/><W110/><G110/><T26/><D13/><U57/><E89/><V29/><F120/><W20/><G69/><T47/><D26/><U135/><E135/><V122/><F122/><W73/><G67/><T19/><D19/><U68/><E68/><V124/><F124/><W49/><G121/><T6/><D6/><U85/><E40/><V123/><F123/><W91/><G20/><T115/><D115/><U108/><E108/><V107/><F107/><W14/><G106/><T84/><D47/><U24/><E36/><V101/><F46/><W87/><REACH who="3" step="1"/><G97/><REACH who="3" ten="250,250,250,240" step="2"/><T37/><D96/><U117/><E117/><V132/><F132/><W92/><G92/><T12/><D103/><U25/><REACH who="1" step="1"/><E28/><REACH who="1" ten="250,240,250,240" step="2"/><V61/><F109/><W22/><G22/><T7/><D71/><U30/><E30/><V100/><F31/><W17/><AGARI ba="0,2" hai="11,14,17,49,50,51,73,77,82,86,87,88,90,91" machi="17" ten="30,7900,0" yaku="1,1,0,1,52,1,54,1,53,0" doraHai="79" doraHaiUra="93" who="3" fromWho="3" sc="250,-39,240,-20,250,-20,240,99" /><INIT seed="1,0,0,2,1,70" ten="211,220,230,339" oya="1" hai0="26,96,107,10,80,47,110,117,112,11,59,84,127" hai1="1,63,131,81,113,124,4,86,119,51,41,90,56" hai2="25,91,32,61,20,94,29,85,73,114,14,118,7" hai3="78,39,58,19,105,126,38,120,134,68,18,121,23"/><U116/><E113/><V122/><F118/><W48/><G105/><T43/><D112/><U53/><E124/><V16/><F122/><W87/><G68/><T77/><D127/><U92/><E131/><V8/><F114/><W40/><G126/><T100/><D110/><U49/><E4/><V15/><F73/><W44/><G19/><T109/><D109/><U95/><E1/><V28/><F61/><W12/><G134/><T0/><D0/><U62/><E116/><V97/><REACH who="2" step="1"/><F29/><REACH who="2" ten="211,220,220,339" step="2"/><W102/><G121/><T3/><D117/><U45/><E119/><V111/><F111/><W6/><G120/><T31/><D3/><U24/><E63/><V79/><F79/><W66/><G78/><T21/><REACH who="0" step="1"/><D59/><REACH who="0" ten="201,220,220,339" step="2"/><U130/><E130/><V104/><F104/><W99/><G58/><T50/><AGARI ba="0,2" hai="10,11,21,26,31,43,47,50,77,80,84,96,100,107" machi="50" ten="20,8000,1" yaku="1,1,2,1,0,1,7,1,53,1" doraHai="70" doraHaiUra="46" who="0" fromWho="0" sc="201,100,220,-40,220,-20,339,-20" /><INIT seed="2,0,0,3,3,22" ten="301,180,200,319" oya="2" hai0="3,73,78,31,104,21,42,20,119,65,100,46,47" hai1="84,108,54,97,121,126,12,111,112,56,83,72,135" hai2="94,101,88,0,16,25,109,9,53,89,96,33,77" hai3="131,39,113,34,55,82,17,15,7,62,13,49,35"/><V52/><F77/><W76/><G39/><T29/><D119/><U63/><E112/><V61/><F33/><W80/><G113/><T129/><D3/><U64/><E135/><V58/><F0/><W66/><G131/><T5/><D5/><U134/><E134/><V105/><F109/><N who="1" m="42057" /><E72/><V67/><F105/><W130/><G82/><T125/><D65/><U59/><E12/><N who="2" m="7183" /><F101/><W69/><G130/><T95/><D125/><U71/><E126/><V14/><F14/><W98/><G15/><T93/><D100/><U120/><E97/><V68/><F68/><W51/><G98/><T8/><D78/><N who="1" m="46199" /><E59/><V24/><F89/><W6/><G7/><T87/><D87/><U4/><E4/><V99/><F99/><W118/><G6/><T107/><D73/><U10/><E10/><V48/><F67/><W106/><G66/><T103/><D8/><U27/><E27/><V44/><AGARI ba="0,0" hai="24,25,44,48,52,53,58,61,88,94,96" m="7183" machi="44" ten="30,18000,2" yaku="8,1,52,2,54,3" doraHai="22" who="2" fromWho="2" sc="301,-60,180,-60,200,180,319,-60" /><INIT seed="2,1,0,2,0,115" ten="241,120,380,259" oya="2" hai0="121,9,24,15,23,8,99,103,26,50,135,108,109" hai1="75,86,70,17,72,46,21,116,118,127,77,107,4" hai2="54,29,89,112,60,19,101,39,96,88,28,62,104" hai3="129,30,105,130,120,87,53,38,97,31,0,106,125"/><V36/><F112/><W59/><G38/><T56/><D121/><U5/><E70/><V65/><F36/><W119/><G120/><T123/><D123/><U94/><E107/><N who="3" m="40970" /><G0/><T34/><D103/><U93/><E127/><V47/><F19/><W92/><G87/><T81/><D99/><U20/><E86/><V22/><F62/><W76/><G76/><T113/><D81/><U91/><E77/><V33/><F33/><W16/><G119/><T110/><D56/><U12/><E46/><V49/><F39/><W80/><G80/><T95/><D50/><U42/><E42/><V1/><F1/><W64/><G64/><T90/><D95/><U111/><E111/><V98/><F98/><W71/><G71/><T133/><D90/><U132/><E91/><V37/><F37/><W68/><G68/><T102/><D102/><U18/><E12/><V35/><F35/><W67/><G67/><T10/><D113/><U84/><E84/><V63/><F29/><W55/><G31/><N who="0" m="19815" /><D15/><U74/><REACH who="1" step="1"/><E75/><REACH who="1" ten="241,110,380,259" step="2"/><V79/><F79/><W83/><G97/><T124/><D124/><U126/><E126/><V122/><F122/><W6/><G125/><T41/><D41/><U69/><E69/><V45/><F45/><W128/><G130/><T131/><D131/><U82/><E82/><V44/><F44/><W100/><G83/><T85/><D85/><U51/><E51/><V61/><F65/><W2/><G129/><T134/><D110/><U14/><E14/><V57/><F47/><W7/><G128/><T32/><D32/><U114/><E114/><V52/><F49/><RYUUKYOKU ba="1,1" sc="241,15,110,15,380,-15,259,-15" hai0="8,9,10,23,26,108,109,133,134,135" hai1="4,5,17,18,20,21,72,74,93,94,116,118,132" /><INIT seed="3,2,1,1,5,89" ten="256,125,365,244" oya="3" hai0="8,120,133,67,94,38,68,20,117,79,96,119,90" hai1="49,21,105,76,54,106,109,131,34,83,130,60,4" hai2="45,14,37,75,110,69,65,59,47,58,124,132,43" hai3="129,92,63,57,95,125,114,134,99,26,23,5,84"/><W40/><G114/><T16/><D38/><U27/><E109/><V66/><F75/><W87/><G125/><T135/><D79/><U115/><E34/><V0/><F0/><W102/><G134/><N who="0" m="51211" /><D68/><U53/><E4/><V80/><F132/><W98/><G129/><N who="1" m="49162" /><E115/><V127/><F80/><W82/><G40/><T31/><D67/><N who="2" m="25610" /><F14/><W10/><G82/><T91/><D120/><U85/><E60/><V61/><F110/><W42/><G42/><T9/><D31/><N who="1" m="17903" /><E53/><V113/><F45/><AGARI ba="2,1" hai="45,49,54,76,83,85,105,106" m="17903,49162" machi="45" ten="30,1000,0" yaku="19,1" doraHai="89" who="1" fromWho="2" sc="256,0,125,26,365,-16,244,0" /><INIT seed="4,0,0,4,4,73" ten="256,151,349,244" oya="0" hai0="65,128,60,15,78,87,100,38,120,41,106,122,22" hai1="79,30,20,28,68,43,115,17,113,12,84,80,110" hai2="91,66,3,48,132,123,75,92,37,27,34,54,42" hai3="63,9,107,10,4,98,47,114,16,105,77,40,85"/><T57/><D128/><U21/><E110/><V36/><F123/><W24/><G63/><T82/><D106/><U35/><E68/><V55/><F75/><W61/><G61/><T52/><D100/><U102/><E102/><V67/><F3/><W69/><G69/><T119/><D119/><U50/><E43/><V29/><F132/><W88/><G114/><N who="1" m="43530" /><E50/><V111/><F111/><W126/><G126/><T62/><D41/><U103/><E103/><V117/><F117/><W104/><G98/><T135/><D38/><U96/><E96/><V70/><F55/><W14/><G24/><T18/><D135/><U93/><E93/><V2/><F2/><W127/><G127/><T129/><REACH who="0" step="1"/><D129/><REACH who="0" ten="246,151,349,244" step="2"/><U39/><E39/><V76/><F42/><W5/><G107/><T131/><D131/><U81/><E35/><V74/><F37/><W7/><G105/><T25/><D25/><N who="1" m="16423" /><E30/><V1/><F36/><W33/><G104/><T71/><AGARI ba="0,1" hai="15,18,22,52,57,60,62,65,71,78,82,87,120,122" machi="71" ten="20,18000,2" yaku="1,1,0,1,7,1,52,1,54,1,53,2" doraHai="73" doraHaiUra="56" who="0" fromWho="0" sc="246,190,151,-60,349,-60,244,-60" /><INIT seed="4,1,0,5,2,103" ten="436,91,289,184" oya="0" hai0="3,36,135,109,2,18,102,116,96,113,114,37,47" hai1="89,21,32,31,117,93,54,40,112,119,17,30,46" hai2="115,87,6,5,101,134,125,53,55,48,118,97,75" hai3="60,124,13,8,107,105,59,122,110,121,43,41,95"/><T62/><D18/><U61/><E32/><V11/><F75/><W44/><G110/><T50/><D62/><U52/><E112/><N who="0" m="43113" /><D116/><U74/><E74/><V42/><F115/><W56/><G95/><N who="0" m="58655" /><D135/><U45/><E117/><V14/><F134/><W126/><G13/><T90/><D90/><U33/><E33/><V104/><F118/><W24/><G8/><T100/><D100/><U79/><E119/><V63/><F6/><W73/><G60/><T12/><D12/><N who="1" m="9383" /><E79/><V120/><F63/><W65/><G24/><T129/><D129/><U128/><E128/><V35/><F35/><W15/><G15/><T22/><D22/><U91/><E61/><V29/><F29/><N who="1" m="10761" /><E91/><V0/><F0/><N who="0" m="42" /><D109/><U99/><E40/><AGARI ba="1,0" hai="36,37,40,47,50" m="42,58655,43113" machi="40" ten="30,1500,0" yaku="15,1" doraHai="103" who="0" fromWho="1" sc="436,18,91,-18,289,0,184,0" /><INIT seed="4,2,0,3,3,96" ten="454,73,289,184" oya="0" hai0="65,86,18,13,63,125,69,72,42,5,29,26,11" hai1="120,121,115,61,126,50,40,105,46,0,10,78,124" hai2="110,1,97,129,102,98,94,14,70,45,51,32,88" hai3="43,47,35,52,39,6,112,67,27,91,30,23,113"/><T34/><D125/><N who="1" m="48235" /><E105/><V95/><F129/><W21/><G67/><T100/><D42/><U36/><E78/><V49/><F70/><W48/><G6/><T2/><D72/><U73/><E73/><V83/><F1/><W79/><G79/><T89/><D100/><U71/><E0/><V104/><F110/><W109/><G109/><T82/><REACH who="0" step="1"/><D2/><REACH who="0" ten="444,73,289,184" step="2"/><U87/><E87/><V62/><F102/><W128/><G128/><T60/><D60/><U31/><E31/><V8/><F62/><W37/><G39/><T41/><D41/><U107/><E107/><V12/><F104/><W57/><REACH who="3" step="1"/><G91/><REACH who="3" ten="444,73,289,174" step="2"/><T135/><D135/><U59/><E120/><V93/><F88/><W28/><G28/><T56/><D56/><U101/><E121/><V81/><F45/><W123/><G123/><T44/><D44/><U19/><E59/><V131/><F131/><W90/><G90/><T76/><D76/><U103/><E71/><V64/><F64/><W68/><G68/><T84/><D84/><U127/><E127/><V24/><F98/><W33/><G33/><T117/><D117/><U119/><E119/><V75/><F97/><W134/><G134/><T114/><D114/><AGARI ba="2,2" hai="21,23,27,30,35,37,43,47,48,52,57,112,113,114" machi="114" ten="40,5200,0" yaku="1,1,15,1,54,1,53,0" doraHai="96" doraHaiUra="9" who="3" fromWho="0" sc="444,-58,73,0,289,0,174,78" /><INIT seed="5,0,0,2,1,69" ten="386,73,289,252" oya="1" hai0="38,2,33,116,11,67,130,87,66,114,30,17,98" hai1="72,13,124,134,18,105,110,112,133,131,16,51,27" hai2="46,126,55,125,70,90,89,4,97,35,48,6,83" hai3="15,32,20,1,24,37,118,115,29,22,108,59,76"/><U103/><E72/><V71/><F35/><W10/><G37/><T42/><D116/><U31/><E105/><V85/><F97/><W41/><G41/><T43/><D98/><U49/><E103/><V117/><F117/><W99/><G59/><T127/><D30/><U123/><E123/><V129/><F90/><W36/><G36/><T25/><D25/><U82/><E110/><V45/><F129/><W75/><G115/><T58/><D58/><U91/><E131/><V26/><F26/><W79/><G108/><T113/><D87/><N who="1" m="50679" /><E112/><V63/><F63/><W9/><G75/><T121/><D17/><N who="1" m="6763" /><E13/><V84/><F84/><W73/><G73/><T19/><D19/><U128/><E124/><N who="2" m="47723" /><F45/><W100/><G118/><T21/><D33/><N who="1" m="20735" /><E128/><V122/><F122/><W14/><G15/><T95/><D130/><U102/><E102/><V5/><AGARI ba="0,0" hai="4,5,6,46,48,55,70,71,83,85,89" m="47723" machi="5" ten="30,1100,0" yaku="18,1" doraHai="69" who="2" fromWho="2" sc="386,-3,73,-5,289,11,252,-3" /><INIT seed="6,0,0,2,1,102" ten="383,68,300,249" oya="2" hai0="11,65,101,5,133,120,118,107,1,2,69,23,104" hai1="115,106,74,89,14,86,13,66,135,39,83,44,130" hai2="67,12,82,49,7,46,111,94,95,22,9,48,33" hai3="78,114,31,18,68,0,81,8,32,29,96,100,3"/><V79/><F33/><W41/><G68/><T34/><D120/><U47/><E135/><V70/><F111/><W119/><G119/><T20/><D34/><U10/><E130/><V30/><F70/><W37/><G18/><T90/><D1/><U52/><E115/><V77/><F67/><W129/><G129/><T123/><D123/><U15/><E74/><V134/><F134/><W27/><G31/><T17/><D23/><U36/><E106/><V19/><F30/><W51/><G51/><T112/><D112/><U75/><E75/><V54/><F48/><W63/><G63/><T124/><D124/><U38/><E66/><V76/><REACH who="2" step="1"/><F82/><REACH who="2" ten="383,68,290,249" step="2"/><W103/><G81/><T56/><D69/><U87/><E10/><V110/><F110/><W25/><G29/><T88/><D133/><U117/><E117/><V105/><F105/><W40/><G32/><T57/><D65/><U109/><E109/><V71/><F71/><W61/><G114/><T16/><D118/><U128/><E128/><V6/><F6/><W91/><G61/><T35/><D35/><U92/><E52/><V121/><F121/><W26/><G41/><T59/><D17/><U125/><E125/><V72/><F72/><W53/><G53/><T73/><D107/><U126/><E126/><V97/><F97/><W131/><G96/><N who="0" m="61479" /><D73/><U99/><REACH who="1" step="1"/><E87/><REACH who="1" ten="383,58,290,249" step="2"/><V4/><F4/><W21/><G131/><T60/><D60/><U93/><E93/><V122/><F122/><W132/><G132/><T108/><D108/><U55/><E55/><V42/><F42/><W50/><G40/><T28/><D28/><RYUUKYOKU ba="0,2" sc="383,10,58,10,290,10,249,-30" hai0="2,5,11,16,20,56,57,59,88,90" hai1="13,14,15,36,38,39,44,47,83,86,89,92,99" hai2="7,9,12,19,22,46,49,54,76,77,79,94,95" /><INIT seed="6,1,2,2,3,126" ten="393,68,300,219" oya="2" hai0="32,97,134,19,57,15,121,65,24,101,77,0,92" hai1="59,83,43,60,21,31,127,117,6,48,71,81,64" hai2="123,49,112,110,131,114,16,115,130,38,107,79,103" hai3="74,45,12,93,113,40,11,80,96,58,55,90,46"/><V132/><F38/><W17/><G113/><T102/><D121/><U99/><E6/><V84/><F123/><W104/><G104/><T14/><D0/><U63/><E127/><V13/><F110/><W51/><G74/><T3/><D3/><U23/><E117/><V62/><F132/><W42/><G46/><T28/><D77/><U86/><E31/><V53/><F62/><W56/><REACH who="3" step="1"/><G80/><REACH who="3" ten="393,68,300,209" step="2"/><T88/><D134/><U1/><E83/><N who="2" m="47231" /><F107/><W133/><G133/><T109/><D109/><U111/><E111/><V105/><F105/><W10/><G10/><T82/><D82/><U61/><E81/><V98/><F103/><W69/><G69/><T108/><D102/><U25/><E71/><V30/><F98/><W34/><G34/><T91/><D57/><AGARI ba="1,3" hai="11,12,17,40,42,45,51,55,56,57,58,90,93,96" machi="57" ten="40,2600,0" yaku="1,1,8,1,53,0" doraHai="126" doraHaiUra="119" who="3" fromWho="0" sc="393,-29,68,0,300,0,209,59" /><INIT seed="7,0,0,1,3,127" ten="364,68,300,268" oya="3" hai0="113,24,77,49,116,38,51,95,16,0,126,112,46" hai1="125,59,64,9,73,40,119,66,72,107,4,70,68" hai2="25,33,11,131,27,93,54,62,100,39,13,23,111" hai3="87,52,92,35,67,36,44,18,86,134,82,3,75"/><W118/><G118/><T123/><D123/><U79/><E119/><V84/><F111/><W50/><G35/><T76/><D0/><U97/><E125/><V20/><F39/><W60/><G3/><T53/><D38/><U128/><E59/><V26/><F33/><W41/><G134/><T61/><D61/><U98/><E40/><V63/><F131/><W99/><G18/><T8/><D126/><U74/><E79/><V57/><F63/><W81/><G75/><T89/><D51/><U94/><E94/><V96/><REACH who="2" step="1"/><F84/><REACH who="2" ten="364,68,290,268" step="2"/><N who="3" m="32299" /><G36/><T117/><D117/><U124/><E124/><V22/><F22/><W78/><G78/><T7/><D116/><U129/><E9/><V14/><F14/><W34/><G34/><T5/><D77/><U21/><E21/><V12/><F12/><W30/><G30/><T130/><D76/><U6/><REACH who="1" step="1"/><E74/><REACH who="1" ten="364,58,290,268" step="2"/><V19/><AGARI ba="0,2" hai="11,13,19,20,23,25,26,27,54,57,62,93,96,100" machi="19" ten="30,4000,0" yaku="1,1,0,1,8,1,53,0" doraHai="127" doraHaiUra="42" who="2" fromWho="2" sc="364,-10,58,-10,290,60,268,-20" owari="354,45.4,48,-45.2,350,15.0,248,-15.2" /></mjloggm>