<mjloggm ver="2.3"><GO type="41" lobby="0"/><UN n0="%E2%93%9D%4C%75%63%6B%79%4A" n1="%74%6F%6D%75%74%6F%6D%69" n2="%E3%81%A1%E3%81%8F%E5%92%8C" n3="%67%69%6B%6B%75%72%69%35" dan="17,16,14,13" rate="2167.10,2065.98,1926.37,1897.24" sx="M,M,M,M"/><TAIKYOKU oya="0"/><INIT seed="0,0,0,0,3,33" ten="250,250,250,250" oya="0" hai0="119,17,51,4,1,2,134,9,107,135,23,60,78" hai1="35,41,133,57,28,39,59,40,132,30,118,38,7" hai2="69,95,15,37,50,103,36,92,116,66,84,127,113" hai3="83,100,5,114,24,87,128,31,124,34,75,104,10"/><T27/><D107/><U44/><E7/><V98/><F113/><W49/><G114/><T55/><D78/><U21/><E21/><V106/><F116/><W0/><G124/><T109/><D60/><U90/><E90/><V122/><F127/><W74/><G128/><T43/><D43/><N who="1" m="16459" /><E35/><V46/><F15/><W56/><G104/><T117/><D55/><U112/><E112/><V99/><F84/><W94/><G100/><T53/><D53/><U110/><E118/><N who="0" m="45065" /><D51/><U108/><E44/><V20/><F46/><W93/><G49/><T19/><D109/><N who="1" m="42091" /><E30/><V11/><F103/><W129/><G56/><N who="1" m="21578" /><E28/><V72/><F106/><W68/><G129/><T123/><D123/><U12/><E12/><V130/><F122/><W29/><G68/><T13/><D4/><U125/><E125/><V71/><F130/><W64/><G31/><T115/><D115/><U85/><E85/><V91/><F91/><W18/><G64/><T58/><D58/><U88/><E88/><V121/><F66/><W102/><G18/><T42/><D42/><U62/><E62/><V111/><F121/><W63/><G63/><T45/><D45/><U70/><E70/><V6/><F71/><W14/><G14/><T48/><D48/><U101/><E101/><V16/><F50/><W120/><G120/><T76/><D76/><U52/><E52/><V86/><F69/><W61/><G61/><T81/><D81/><U26/><E26/><V47/><F47/><W3/><G102/><T82/><D82/><U131/><E131/><V126/><F111/><W65/><G87/><T96/><D96/><RYUUKYOKU ba="0,0" sc="250,15,250,15,250,-15,250,-15" hai0="1,2,9,13,17,19,23,27,134,135" hai1="38,39,132,133" /><INIT seed="0,1,0,4,0,120" ten="265,265,235,235" oya="0" hai0="62,3,57,26,40,129,12,36,100,78,10,93,105" hai1="75,80,79,123,69,9,76,29,103,127,27,13,87" hai2="54,21,45,67,48,122,4,102,65,77,84,110,2" hai3="19,126,17,104,1,81,52,47,94,53,112,35,33"/><T49/><D3/><U15/><E123/><V113/><F122/><W46/><G104/><T97/><D129/><U59/><E69/><V41/><F113/><W18/><G1/><T116/><D116/><U119/><E119/><V0/><F102/><W96/><G112/><T55/><D36/><U66/><E127/><V89/><F77/><W5/><G5/><T7/><D105/><U44/><E103/><V91/><F89/><W43/><G126/><T98/><D98/><U28/><E44/><V131/><F2/><W23/><G23/><T20/><D78/><U130/><E130/><V106/><F106/><W86/><G35/><T24/><D40/><U118/><E118/><V128/><F128/><W114/><G33/><T73/><D73/><U38/><E38/><V70/><F131/><W115/><G114/><T16/><REACH who="0" step="1"/><D26/><REACH who="0" ten="255,265,235,235" step="2"/><U39/><E39/><V132/><F41/><W61/><G115/><T134/><D134/><U109/><E75/><V60/><F132/><W85/><G85/><T68/><D68/><U88/><E76/><V64/><F70/><W90/><G61/><AGARI ba="1,1" hai="7,10,12,16,20,24,49,55,57,61,62,93,97,100" machi="61" ten="40,12000,1" yaku="1,1,8,1,54,1,53,1" doraHai="120" doraHaiUra="92" who="0" fromWho="3" sc="255,133,265,0,235,0,235,-123" /><INIT seed="0,2,0,0,5,7" ten="388,265,235,112" oya="0" hai0="80,50,134,69,43,94,72,12,74,98,122,11,32" hai1="121,108,57,35,83,120,116,22,118,15,14,60,77" hai2="78,59,127,19,41,66,61,53,21,52,99,58,88" hai3="110,2,39,16,30,76,131,92,42,28,85,104,51"/><T34/><D122/><U9/><E35/><V4/><F78/><W40/><G104/><T90/><D69/><U103/><E103/><V64/><F41/><W113/><G113/><T117/><D117/><U62/><E108/><V1/><F127/><W46/><G110/><T68/><D68/><U8/><E22/><V3/><F3/><W18/><G131/><T6/><D134/><U126/><E77/><V38/><F38/><W27/><G2/><T123/><D123/><U48/><E48/><V67/><F1/><W115/><G115/><T132/><D132/><U130/><E83/><V65/><F4/><W29/><G27/><T70/><D70/><U17/><E57/><V106/><F106/><W82/><G39/><T55/><D43/><U93/><E93/><N who="2" m="56743" /><F59/><W73/><G40/><T128/><D128/><U109/><E109/><V102/><F102/><W114/><G114/><T33/><REACH who="0" step="1"/><D80/><REACH who="0" ten="378,265,235,112" step="2"/><U10/><E130/><V71/><F71/><W79/><G79/><T23/><D23/><U45/><E121/><V133/><F133/><W24/><G24/><AGARI ba="2,1" hai="19,21,24,52,53,58,61,64,65,66,67" m="56743" machi="24" ten="30,3900,0" yaku="8,1,54,2" doraHai="7" who="2" fromWho="3" sc="378,0,265,0,235,55,112,-45" /><INIT seed="1,0,0,0,1,21" ten="378,265,290,67" oya="1" hai0="133,5,87,35,128,76,9,116,106,77,119,105,14" hai1="8,27,6,20,102,122,112,91,108,82,123,125,59" hai2="100,22,126,2,62,48,24,93,129,60,68,118,94" hai3="92,113,69,23,101,12,52,103,83,15,55,79,16"/><U26/><E112/><V11/><F118/><W37/><G113/><T131/><D35/><U90/><E102/><V78/><F126/><W43/><G69/><T107/><D133/><U56/><E125/><V124/><F129/><N who="0" m="49738" /><D87/><U47/><E47/><V80/><F124/><W63/><G55/><T127/><D127/><U134/><E134/><V115/><F115/><W17/><G37/><T51/><D51/><U18/><E108/><V45/><F68/><W89/><G43/><T110/><D110/><U54/><E123/><V58/><F100/><W73/><G63/><T57/><D57/><U10/><E122/><V44/><F11/><N who="1" m="4137" /><E6/><V42/><F45/><W61/><G17/><T30/><D30/><U132/><E132/><V114/><F62/><W39/><G39/><T85/><D85/><N who="1" m="50487" /><E91/><V40/><F42/><W74/><G74/><T31/><D31/><U28/><E54/><V13/><F2/><W49/><G61/><T96/><D96/><U64/><E64/><V97/><F97/><W84/><REACH who="3" step="1"/><G15/><REACH who="3" ten="378,265,290,57" step="2"/><T121/><D121/><U0/><E0/><V135/><F13/><W34/><G34/><T104/><N who="0" m="26624" /><DORA hai="65" /><T120/><D120/><U75/><E75/><V46/><F114/><W99/><G99/><T7/><D7/><U98/><E98/><V36/><F135/><W33/><G33/><T41/><D41/><U130/><E130/><V3/><F40/><W67/><G67/><T50/><D50/><U19/><E19/><V4/><F48/><W88/><G88/><T53/><D53/><U66/><E66/><V32/><F32/><W71/><G71/><RYUUKYOKU ba="0,1" sc="378,10,265,10,290,-30,57,10" hai0="5,9,14,76,77,116,119" hai1="18,20,26,27,28,56,59" hai3="12,16,23,49,52,73,79,83,84,89,92,101,103" /><INIT seed="1,1,1,5,1,5" ten="388,275,260,67" oya="1" hai0="102,55,89,87,81,58,128,59,10,121,122,72,30" hai1="67,118,6,103,125,53,26,3,25,20,83,29,106" hai2="12,73,42,60,49,133,51,7,132,80,9,86,46" hai3="71,8,76,0,107,119,39,82,15,117,129,54,62"/><U11/><E118/><N who="3" m="45066" /><G39/><T100/><D30/><U45/><E125/><V74/><F51/><W88/><G0/><T109/><D72/><U57/><E45/><V92/><F60/><W13/><G107/><T127/><D109/><U123/><E123/><N who="0" m="47113" /><D128/><U120/><E120/><V99/><F132/><W104/><G104/><T91/><D91/><U34/><E67/><V28/><F28/><W134/><G15/><T18/><D127/><U33/><E83/><V14/><F14/><W115/><G115/><T22/><D10/><U21/><E106/><V113/><F113/><W37/><G37/><T114/><D114/><U105/><E105/><V19/><F133/><W50/><G134/><T1/><D1/><U116/><E103/><N who="0" m="39465" /><D55/><U70/><E70/><V98/><F92/><W61/><G129/><T24/><AGARI ba="1,1" hai="18,22,24,58,59,81,87,89" m="39465,47113" machi="24" ten="30,1100,0" yaku="13,1" doraHai="5" who="0" fromWho="0" sc="388,24,275,-6,260,-4,67,-4" /><INIT seed="2,0,0,4,4,46" ten="412,269,256,63" oya="2" hai0="65,84,122,109,67,61,134,101,56,44,112,12,120" hai1="128,110,97,91,133,9,71,20,25,70,85,18,19" hai2="3,38,43,127,124,74,36,24,99,113,37,28,69" hai3="123,17,98,119,107,117,52,72,129,13,57,29,0"/><V59/><F113/><W106/><G123/><T50/><D101/><U95/><E110/><V114/><F114/><W45/><G0/><T49/><D112/><U10/><E128/><V34/><F43/><W16/><G72/><T41/><D84/><U92/><E133/><V60/><F99/><W39/><G29/><T42/><D12/><U68/><REACH who="1" step="1"/><E18/><REACH who="1" ten="412,259,256,63" step="2"/><V79/><F69/><W58/><G129/><T93/><D109/><U83/><E83/><V115/><F115/><W116/><G17/><T75/><D134/><U130/><E130/><V121/><F79/><W86/><G86/><T6/><D75/><U96/><E96/><V63/><F74/><W26/><G26/><T15/><D122/><U35/><E35/><V64/><F121/><W30/><G30/><T94/><D120/><U132/><E132/><V78/><F78/><W102/><G107/><T32/><D32/><U104/><E104/><V62/><REACH who="2" step="1"/><F3/><REACH who="2" ten="412,259,246,63" step="2"/><W125/><G125/><AGARI ba="0,2" hai="24,28,34,36,37,38,59,60,62,63,64,124,125,127" machi="125" ten="50,9600,0" yaku="1,1,2,1,18,1,53,0" doraHai="46" doraHaiUra="82" who="2" fromWho="3" sc="412,0,259,0,246,116,63,-96" owari="412,51.2,259,-14.1,362,16.2,-33,-53.3" /></mjloggm>