<mjloggm ver="2.3"><GO type="137" lobby="0"/><UN n0="%E3%82%A6%E3%82%A4%E3%82%B9%E3%83%91%EF%BC%81" n1="%E3%83%8D%E3%83%AD%E3%81%A9%E3%82%93" n2="%E3%82%8B%E3%82%93%EF%BC%81" n3="%E2%93%9D%4C%75%63%6B%79%4A" dan="12,12,13,12" rate="1825.13,1653.22,1838.86,1851.56" sx="M,M,M,M"/><TAIKYOKU oya="0"/><INIT seed="0,0,0,3,4,6" ten="250,250,250,250" oya="0" hai0="35,22,134,94,39,58,11,2,123,80,129,96,25" hai1="34,1,109,100,12,72,92,62,78,53,64,113,52" hai2="102,93,45,79,68,44,37,24,28,117,108,60,98" hai3="121,97,95,70,19,118,48,16,21,103,111,0,128"/><T61/><D129/><U51/><E1/><V115/><F108/><W124/><G118/><T65/><D134/><U47/><E34/><V90/><F117/><W112/><G112/><T77/><D39/><U3/><E3/><V38/><F115/><W4/><G70/><T27/><D123/><U76/><E109/><V81/><F38/><W84/><G111/><T43/><D43/><U116/><E116/><V5/><F5/><W41/><G128/><T56/><D35/><U71/><E113/><V130/><F37/><W88/><G124/><T32/><D32/><U49/><E72/><V18/><F18/><W14/><G121/><T119/><D119/><U69/><E69/><V86/><F130/><W133/><G133/><T110/><D110/><U106/><E106/><V13/><F13/><W20/><G0/><T15/><D2/><U63/><E63/><V42/><F42/><W67/><G67/><T17/><D58/><U107/><E107/><V8/><F8/><N who="3" m="4359" /><G21/><T29/><D29/><U59/><E12/><V104/><F60/><W33/><G20/><T126/><D22/><U66/><E66/><V83/><F68/><W75/><G75/><T9/><D126/><U135/><E135/><V91/><F104/><W82/><G33/><T23/><D25/><U74/><E74/><V57/><F57/><W50/><G50/><T85/><REACH who="0" step="1"/><D27/><REACH who="0" ten="240,250,250,250" step="2"/><U40/><E40/><V127/><F127/><W120/><G120/><T36/><D36/><U10/><E10/><V55/><F24/><W54/><G41/><T132/><D132/><U122/><E122/><V73/><F28/><RYUUKYOKU ba="0,1" sc="240,10,250,10,250,-30,250,10" hai0="9,11,15,17,23,56,61,65,77,80,85,94,96" hai1="47,49,51,52,53,59,62,64,71,76,78,92,100" hai3="16,19,48,54,82,84,88,95,97,103" /><INIT seed="0,1,1,1,4,25" ten="250,260,220,260" oya="0" hai0="63,26,119,106,4,31,45,53,102,11,54,28,117" hai1="88,127,135,75,112,76,57,71,93,16,40,86,113" hai2="70,85,101,100,89,97,0,39,116,114,84,130,99" hai3="122,128,6,131,126,62,13,77,48,65,51,38,44"/><T18/><D106/><U59/><E71/><V109/><F0/><W110/><G77/><T36/><D102/><N who="2" m="39530" /><F39/><W46/><G13/><T49/><D36/><U90/><E40/><V95/><F70/><W81/><G81/><T24/><D24/><U73/><E90/><N who="2" m="53703" /><F114/><N who="1" m="44137" /><E135/><V74/><F130/><N who="3" m="49707" /><G6/><T32/><D31/><U23/><E127/><V27/><F27/><W50/><G110/><T108/><D108/><U30/><E76/><V78/><F109/><W92/><G92/><T103/><D103/><U3/><E3/><V124/><F124/><W52/><G122/><T68/><D18/><U125/><E125/><V2/><F2/><W133/><G133/><T107/><D107/><U134/><E134/><V20/><F20/><W7/><G7/><T87/><D68/><U96/><E96/><N who="2" m="36939" /><F116/><W19/><G19/><T9/><D117/><U132/><E132/><V104/><F104/><W121/><G121/><T41/><D119/><U82/><E30/><V64/><F64/><W42/><G126/><T120/><D120/><U34/><E34/><V61/><F61/><W47/><G47/><T14/><D11/><U8/><E8/><V79/><F74/><W98/><G98/><T15/><D63/><U10/><E10/><V118/><F118/><W22/><G22/><T129/><D129/><U105/><E105/><V33/><F33/><W35/><G35/><T1/><D32/><U91/><E59/><AGARI ba="1,1" hai="38,42,44,46,48,50,51,52,59,62,65" m="49707" machi="59" ten="30,7700,0" yaku="19,1,34,2,54,1" doraHai="25" who="3" fromWho="1" sc="250,0,260,-80,220,0,260,90" /><INIT seed="1,0,0,1,5,92" ten="250,180,220,350" oya="1" hai0="126,63,135,25,42,116,38,128,34,132,96,130,35" hai1="12,72,118,0,43,53,24,47,97,26,76,4,117" hai2="32,7,33,46,89,131,14,28,10,86,27,103,41" hai3="40,50,13,16,31,29,125,83,54,102,19,99,93"/><U67/><E67/><V78/><F131/><N who="0" m="50218" /><D63/><U57/><E0/><V133/><F133/><N who="0" m="51274" /><D116/><U114/><E114/><V81/><F103/><W73/><G125/><T65/><D65/><U6/><E72/><V75/><F33/><N who="0" m="12298" /><D25/><U113/><E113/><V59/><F59/><W77/><G40/><T107/><D42/><U18/><E76/><V64/><F64/><W36/><G36/><T45/><D45/><U37/><E118/><V11/><F11/><W1/><G1/><T105/><D38/><U121/><E121/><V30/><F30/><W98/><G99/><T17/><D17/><U5/><E5/><V48/><F89/><W79/><G79/><T20/><D20/><U60/><E117/><V52/><F75/><W124/><G19/><T39/><D39/><U109/><E109/><V23/><F32/><W115/><G115/><T95/><D95/><U110/><E110/><V68/><F68/><W70/><G70/><T111/><D111/><U119/><E119/><V15/><F14/><W129/><G129/><T22/><D22/><U85/><E85/><V88/><F78/><W84/><G73/><T66/><D66/><U87/><E87/><V122/><REACH who="2" step="1"/><F41/><REACH who="2" ten="250,180,210,350" step="2"/><W80/><G77/><T112/><D112/><U51/><E37/><V94/><F94/><W49/><G93/><T55/><D55/><U90/><E4/><V106/><F106/><N who="0" m="40458" /><D126/><U21/><E6/><V123/><AGARI ba="0,1" hai="7,10,15,23,27,28,46,48,52,81,86,88,122,123" machi="123" ten="30,7900,0" yaku="1,1,0,1,54,2,53,0" doraHai="92" doraHaiUra="71" who="2" fromWho="2" sc="250,-20,180,-39,210,89,350,-20" /><INIT seed="2,0,0,4,5,90" ten="230,141,299,330" oya="2" hai0="120,0,11,28,107,93,41,50,61,67,31,42,62" hai1="33,6,69,119,92,110,29,83,135,97,103,26,123" hai2="88,7,72,121,109,53,131,127,57,20,23,4,32" hai3="122,89,91,71,35,94,18,43,100,104,117,99,124"/><V27/><F72/><W13/><G122/><T114/><D107/><U17/><E119/><V36/><F36/><W3/><G3/><T37/><D114/><U66/><E66/><V78/><BYE who="1" /><F121/><W105/><G35/><T132/><D132/><U45/><E45/><V81/><F127/><W96/><G117/><T82/><D120/><U38/><E38/><V76/><F131/><W5/><G5/><N who="2" m="2121" /><F32/><W87/><G71/><T8/><D37/><U108/><E108/><V51/><F109/><W133/><G43/><T60/><D0/><U112/><E112/><V84/><F20/><W80/><G133/><T46/><D93/><U118/><E118/><V116/><F116/><W40/><G40/><T95/><D95/><U70/><E70/><V65/><F65/><W59/><G59/><T63/><D42/><U1/><E1/><V125/><F125/><W34/><G34/><T102/><D102/><U47/><E47/><V55/><F53/><W134/><G134/><T130/><D130/><U77/><E77/><V9/><F9/><W16/><G124/><T19/><D82/><U52/><E52/><V58/><F57/><W74/><G74/><T106/><D106/><U129/><E129/><V64/><F64/><W101/><G13/><T75/><D75/><U73/><E73/><V68/><F68/><W86/><AGARI ba="0,0" hai="16,18,80,86,87,89,91,94,96,99,100,101,104,105" machi="86" ten="20,8000,1" yaku="0,1,7,1,9,1,52,1,54,1" doraHai="90" who="3" fromWho="3" sc="230,-20,141,-20,299,-40,330,80" /><INIT seed="3,0,0,3,3,78" ten="210,121,259,410" oya="3" hai0="81,119,88,41,97,101,116,7,76,39,129,21,59" hai1="16,53,3,51,32,45,114,31,64,75,23,48,36" hai2="80,70,107,82,85,96,69,71,22,131,128,57,55" hai3="44,18,123,20,89,95,67,102,58,56,132,65,17"/><W99/><G123/><T118/><D129/><N who="2" m="49738" /><F85/><W38/><G132/><T109/><D109/><U42/><E42/><V106/><F22/><W83/><G38/><T54/><D7/><U108/><E108/><V90/><F90/><W11/><G44/><T37/><D21/><U113/><E113/><V125/><F125/><W92/><G11/><T87/><D41/><U72/><E72/><V40/><F40/><W28/><G28/><T133/><D133/><U66/><E66/><N who="3" m="25098" /><G18/><T34/><D34/><U24/><E24/><V130/><N who="2" m="49746" /><V8/><DORA hai="63" /><F8/><W122/><G122/><T49/><REACH who="0" step="1"/><D76/><REACH who="0" ten="200,121,259,410" step="2"/><U62/><E62/><N who="2" m="36159" /><F96/><N who="3" m="59679" /><G83/><AGARI ba="0,1" hai="69,70,71,80,82,83,106,107" m="36159,49746" machi="83" ten="50,8000,1" yaku="19,1,52,3" doraHai="78,63" who="2" fromWho="3" sc="200,0,121,0,259,90,410,-80" /><INIT seed="4,0,0,5,3,44" ten="200,121,349,330" oya="0" hai0="54,64,71,134,127,117,60,78,28,34,94,66,106" hai1="63,53,10,91,47,130,39,125,81,107,23,3,102" hai2="131,74,9,97,36,88,84,123,75,103,80,2,116" hai3="0,45,18,113,105,115,33,20,132,55,30,120,35"/><T72/><D134/><U37/><E37/><V99/><F36/><W79/><G105/><T31/><D127/><U62/><E62/><V119/><F2/><W12/><G79/><T121/><D106/><U6/><E6/><V76/><F9/><W85/><G85/><T59/><D117/><N who="2" m="45130" /><F123/><W15/><G55/><T86/><D72/><N who="2" m="27690" /><F131/><W13/><G45/><T19/><D121/><U5/><E5/><V95/><F99/><W135/><G30/><T57/><D19/><U38/><E38/><V61/><F61/><W49/><G49/><T4/><D4/><U16/><E16/><V77/><AGARI ba="0,0" hai="76,77,80,84,88,95,97,103" m="27690,45130" machi="77" ten="40,8000,1" yaku="12,1,34,2,54,1" doraHai="44" who="2" fromWho="2" sc="200,-40,121,-20,349,80,330,-20" /><INIT seed="5,0,0,1,1,106" ten="160,101,429,310" oya="1" hai0="42,13,103,93,48,107,83,121,61,98,74,111,21" hai1="102,63,34,119,109,100,25,117,75,130,5,35,12" hai2="32,108,94,40,90,67,124,128,11,87,52,3,129" hai3="23,76,31,26,89,37,18,53,105,123,97,9,79"/><U66/><E66/><V1/><F32/><W80/><G123/><T134/><D134/><U135/><E135/><V116/><F116/><W58/><G37/><T7/><D111/><U133/><E133/><V104/><F104/><W120/><G120/><T62/><D121/><U82/><E82/><V115/><F108/><W49/><G105/><T91/><D48/><U132/><E132/><V22/><F40/><W55/><G9/><T38/><D38/><U30/><E30/><V112/><F67/><W96/><G79/><T16/><D42/><U54/><E54/><V8/><F22/><W110/><G89/><T33/><D33/><U57/><E57/><V127/><F52/><W114/><G114/><N who="2" m="43561" /><F11/><W118/><G118/><T59/><D59/><U84/><E84/><V77/><F77/><W64/><G64/><T86/><REACH who="0" step="1"/><D7/><REACH who="0" ten="150,101,429,310" step="2"/><U19/><E19/><V10/><F8/><W50/><G18/><T51/><D51/><U4/><E4/><N who="2" m="1295" /><F3/><W125/><G110/><T36/><D36/><U44/><E44/><V56/><F56/><W65/><G65/><T2/><D2/><U126/><E126/><AGARI ba="0,1" hai="87,90,94,124,126,127,128,129" m="1295,43561" machi="126" ten="30,3900,0" yaku="18,1,15,1,11,1" doraHai="106" who="2" fromWho="1" sc="150,0,101,-39,429,49,310,0" /><INIT seed="6,0,0,2,2,12" ten="150,62,478,310" oya="2" hai0="83,134,24,20,110,29,23,117,91,115,47,127,11" hai1="71,75,16,108,48,93,111,10,125,40,27,99,58" hai2="61,22,100,57,50,132,102,0,112,36,28,15,42" hai3="77,6,129,104,128,113,53,96,103,105,123,37,69"/><V70/><F0/><W82/><G37/><T131/><D134/><U67/><E67/><N who="2" m="41327" /><F132/><W72/><G53/><T31/><D131/><N who="3" m="50249" /><G6/><T65/><D127/><U39/><E39/><V92/><F112/><W76/><G69/><T49/><D110/><U97/><E97/><V56/><F57/><W19/><G123/><T41/><D115/><U25/><E25/><N who="2" m="16439" /><F92/><N who="3" m="58759" /><G113/><T133/><D133/><U34/><E34/><V73/><F73/><W124/><G124/><T14/><D117/><U121/><E121/><V79/><F79/><N who="3" m="44391" /><G19/><T51/><D65/><U84/><E84/><V60/><F60/><W30/><G30/><T94/><D51/><U120/><E120/><V38/><F15/><W1/><G1/><T86/><D83/><U63/><E63/><V118/><F118/><W45/><G45/><T66/><D66/><U89/><E89/><V90/><F90/><W85/><G77/><T54/><D41/><U64/><E64/><V7/><F7/><W101/><G101/><T62/><D62/><U43/><E43/><V122/><F122/><W59/><G59/><T126/><D126/><U81/><E81/><AGARI ba="0,0" hai="76,81,85,104,105" m="44391,58759,50249" machi="81" ten="30,3900,0" yaku="19,1,34,2" doraHai="12" who="3" fromWho="1" sc="150,0,62,-39,478,0,310,39" /><INIT seed="7,0,0,4,4,119" ten="150,23,478,349" oya="3" hai0="39,38,113,58,81,108,101,2,15,124,26,11,130" hai1="82,73,75,47,98,125,78,95,48,92,105,131,60" hai2="66,69,116,120,110,8,67,133,115,4,65,129,112" hai3="46,122,55,20,72,90,91,30,64,14,62,17,94"/><W12/><G72/><T123/><D130/><U34/><E34/><V41/><F116/><W40/><G122/><T53/><D124/><U80/><E80/><V23/><F120/><W13/><G55/><T103/><D108/><U37/><E37/><V10/><F129/><W31/><G91/><T57/><D113/><N who="2" m="43594" /><F133/><W50/><G64/><T54/><D15/><N who="3" m="5673" /><G62/><T19/><D19/><U1/><E1/><V56/><F110/><W5/><G5/><T111/><D111/><U18/><E18/><V70/><F41/><W93/><G94/><T71/><D71/><N who="2" m="27146" /><F23/><W106/><G106/><T89/><D11/><N who="2" m="4138" /><F4/><W51/><G51/><T59/><D2/><U42/><E42/><V126/><F126/><W114/><G114/><T85/><D26/><U79/><E79/><V88/><F88/><W7/><G7/><T121/><D89/><U45/><E45/><V22/><F22/><W118/><G118/><T61/><D61/><AGARI ba="0,0" hai="56,61,65,66,67" m="4138,27146,43594" machi="61" ten="40,1300,0" yaku="15,1" doraHai="119" who="2" fromWho="0" sc="150,-13,23,0,478,13,349,0" owari="137,-26.3,23,-47.7,491,59.1,349,14.9" /></mjloggm>