<mjloggm ver="2.3"><GO type="41" lobby="0"/><UN n0="%E2%93%9D%4C%75%63%6B%79%4A" n1="%E8%BE%9B%E3%83%9F%E3%82%A2%E3%83%AB%E3%83%8A" n2="%53%68%69%70%65%69" n3="%E3%81%AE%E3%81%B6%E3%82%8C%E3%81%8A" dan="18,14,14,13" rate="2166.27,1820.98,1942.12,1899.89" sx="M,M,M,M"/><TAIKYOKU oya="0"/><INIT seed="0,0,0,2,4,132" ten="250,250,250,250" oya="0" hai0="118,53,74,119,34,9,77,88,59,100,33,1,8" hai1="35,109,7,122,61,37,30,82,12,91,19,120,86" hai2="101,85,21,128,29,65,68,49,44,42,93,51,70" hai3="129,47,66,135,43,24,84,18,104,69,38,40,121"/><T3/><D100/><U45/><E109/><V131/><F101/><W123/><G104/><T76/><D59/><U25/><E7/><V10/><F10/><W92/><G69/><T60/><D53/><U102/><E102/><V125/><F125/><W32/><G66/><T111/><D111/><U87/><E61/><V57/><F68/><W72/><G72/><T15/><D60/><U46/><E46/><V26/><F70/><W117/><G117/><T67/><D74/><U114/><E114/><V23/><F21/><N who="3" m="13367" /><G32/><T36/><D67/><U106/><E106/><V99/><F85/><W113/><G113/><T126/><D15/><U89/><E45/><V90/><F65/><W81/><G40/><T0/><D3/><U80/><REACH who="1" step="1"/><E37/><REACH who="1" ten="250,240,250,250" step="2"/><V13/><F44/><W41/><G38/><T58/><D36/><U54/><E54/><V116/><F116/><W48/><G41/><T124/><D58/><U55/><E55/><V50/><F42/><W79/><G135/><T134/><REACH who="0" step="1"/><D88/><REACH who="0" ten="240,240,250,250" step="2"/><U130/><E130/><V56/><F128/><W22/><G129/><T6/><D6/><U11/><AGARI ba="0,2" hai="11,12,19,25,30,35,80,82,86,87,89,91,120,122" machi="11" ten="20,5200,0" yaku="1,1,0,1,7,1,9,1,53,0" doraHai="132" doraHaiUra="97" who="1" fromWho="1" sc="240,-26,240,72,250,-13,250,-13" /><INIT seed="1,0,0,5,0,55" ten="214,312,237,237" oya="1" hai0="61,64,77,105,1,76,83,32,85,115,38,67,101" hai1="96,73,5,116,135,58,89,22,4,118,93,82,90" hai2="18,60,130,71,15,122,14,16,111,62,108,42,51" hai3="25,40,81,94,35,134,113,102,39,127,3,124,45"/><U103/><E135/><V37/><F37/><W79/><G3/><T54/><D115/><U49/><E116/><V69/><F122/><W13/><G113/><T28/><D1/><U84/><E118/><V29/><F29/><W120/><G120/><T36/><D67/><U95/><E22/><V121/><F121/><W110/><G134/><T53/><D77/><U70/><E70/><V17/><F130/><W126/><G110/><T132/><D38/><U74/><E74/><V43/><F18/><W52/><G13/><T57/><D36/><U88/><E73/><V24/><F24/><W128/><G128/><T72/><D132/><U33/><E33/><V114/><F114/><W7/><G7/><T106/><D72/><U100/><E49/><AGARI ba="0,0" hai="14,15,16,17,42,43,49,51,60,62,69,71,108,111" machi="49" ten="25,3200,0" yaku="22,2,54,1" doraHai="55" who="2" fromWho="1" sc="214,0,312,-32,237,32,237,0" /><INIT seed="2,0,0,2,1,74" ten="214,280,269,237" oya="2" hai0="17,63,15,52,112,43,31,48,27,108,36,7,124" hai1="130,6,39,70,111,76,45,24,44,93,126,41,121" hai2="26,12,68,114,87,119,110,95,77,89,20,128,61" hai3="47,57,94,66,90,56,84,125,131,115,29,37,35"/><V135/><F114/><W103/><G115/><T118/><D112/><U1/><E111/><V105/><F110/><W91/><G125/><T100/><D108/><U54/><E130/><V9/><F128/><W4/><G4/><T19/><D36/><U83/><E70/><V0/><F0/><W50/><G131/><T23/><D124/><U33/><E121/><V82/><F105/><W97/><G37/><T69/><D43/><U5/><E5/><V80/><F135/><W8/><G29/><T10/><D118/><U11/><E93/><V86/><F119/><W73/><G73/><T60/><D100/><U79/><E126/><V22/><F26/><W106/><G35/><T55/><D55/><U133/><E133/><V109/><F109/><W98/><G8/><T21/><D69/><U16/><E83/><V123/><F123/><W88/><G66/><T46/><REACH who="0" step="1"/><D31/><REACH who="0" ten="204,280,269,237" step="2"/><U75/><E54/><V59/><F68/><W78/><G106/><T38/><D38/><U92/><E41/><V107/><F107/><W40/><REACH who="3" step="1"/><G98/><REACH who="3" ten="204,280,269,227" step="2"/><T129/><D129/><U116/><E39/><V72/><F72/><W120/><G120/><T132/><D132/><U81/><E75/><V67/><REACH who="2" step="1"/><F82/><AGARI ba="0,2" hai="40,47,50,56,57,78,82,84,88,90,91,94,97,103" machi="82" ten="40,8000,1" yaku="1,1,8,1,52,1,54,1,53,0" doraHai="74" doraHaiUra="32" who="3" fromWho="2" sc="204,0,280,0,269,-80,227,100" /><INIT seed="3,0,0,4,5,18" ten="204,280,189,327" oya="3" hai0="55,27,94,130,76,116,91,102,79,103,74,60,12" hai1="110,59,34,13,52,78,117,124,81,25,122,87,40" hai2="70,88,0,129,72,101,113,30,93,90,58,127,51" hai3="95,37,15,86,105,21,3,39,89,10,47,11,41"/><W61/><G105/><T100/><D116/><U38/><E122/><V65/><F70/><W134/><G134/><T120/><D120/><U80/><E124/><V4/><F127/><W28/><G3/><T24/><D130/><U118/><E110/><V131/><F72/><W49/><G61/><T114/><D114/><U33/><E38/><V115/><F101/><W77/><G77/><T108/><D108/><U23/><E40/><V84/><F90/><W53/><G37/><T48/><D12/><U35/><E13/><V50/><F30/><W92/><G92/><T135/><D60/><U126/><E126/><V132/><F132/><W19/><G28/><T32/><D32/><U29/><REACH who="1" step="1"/><E81/><REACH who="1" ten="204,270,189,327" step="2"/><V63/><F115/><W14/><G15/><T67/><D135/><U66/><E66/><V46/><F113/><W112/><REACH who="3" step="1"/><G112/><REACH who="3" ten="204,270,189,317" step="2"/><T36/><D36/><U45/><E45/><AGARI ba="0,2" hai="10,11,14,19,21,39,41,45,47,49,53,86,89,95" machi="45" ten="30,11600,0" yaku="1,1,2,1,7,1,52,1,53,0" doraHai="18" doraHaiUra="128" who="3" fromWho="1" sc="204,0,270,-116,189,0,317,136" /><INIT seed="3,1,0,3,1,116" ten="204,154,189,453" oya="3" hai0="82,39,7,19,55,111,45,18,41,121,92,132,71" hai1="2,120,104,131,106,129,70,85,28,17,48,135,123" hai2="114,21,23,22,79,77,108,117,110,134,56,38,25" hai3="83,40,54,47,4,130,97,51,122,124,44,76,8"/><W20/><G124/><T64/><D7/><U95/><E135/><V14/><F134/><W0/><G130/><N who="1" m="49674" /><E2/><V69/><F69/><W32/><G32/><T42/><D92/><U128/><E70/><V50/><F38/><W107/><G20/><T94/><D94/><U109/><E109/><V90/><F117/><W5/><G5/><T30/><D30/><U96/><E28/><V27/><F114/><W101/><G122/><N who="1" m="46634" /><E128/><V33/><F33/><W133/><G133/><T81/><D111/><U89/><E48/><V34/><F34/><W58/><G40/><T53/><D121/><U61/><E61/><V113/><F113/><W68/><G68/><T59/><D71/><U43/><E43/><V11/><F110/><W98/><G98/><T72/><D42/><U100/><E17/><V112/><F112/><W9/><G9/><T26/><D19/><U73/><E73/><AGARI ba="1,0" hai="0,4,8,44,47,51,54,58,73,76,83,97,101,107" machi="73" ten="30,1500,0" yaku="7,1" doraHai="116" who="3" fromWho="1" sc="204,0,154,-18,189,0,453,18" /><INIT seed="3,2,0,4,5,105" ten="204,136,189,471" oya="3" hai0="82,49,103,114,31,45,42,112,104,6,38,84,95" hai1="51,73,92,94,101,20,25,30,120,102,8,75,14" hai2="27,39,98,12,62,9,1,132,68,128,123,41,60" hai3="10,63,17,32,119,36,110,76,127,24,77,74,72"/><W65/><G119/><T87/><D31/><U71/><E71/><V86/><F1/><W91/><G36/><T59/><D104/><U124/><E120/><V40/><F123/><W64/><G91/><T33/><D33/><U18/><E124/><V85/><F128/><W56/><G127/><T109/><D6/><U11/><E11/><V88/><F132/><W113/><G113/><N who="0" m="43627" /><D109/><U99/><REACH who="1" step="1"/><E51/><REACH who="1" ten="204,126,189,471" step="2"/><V134/><F39/><W89/><G10/><T55/><D82/><U22/><E22/><V37/><F37/><W21/><G32/><T19/><D19/><U3/><E3/><V70/><F9/><W129/><G17/><T34/><D34/><U106/><E106/><V111/><F111/><W29/><G110/><T108/><D108/><U133/><E133/><V13/><F134/><W80/><G129/><T43/><D43/><U126/><E126/><V117/><F68/><W35/><G35/><T53/><D42/><U81/><E81/><V83/><F70/><W26/><G21/><T107/><D107/><U90/><E90/><V57/><F88/><W116/><G89/><T122/><D122/><U16/><E16/><V131/><F83/><W28/><G80/><T23/><D23/><U4/><E4/><V46/><F40/><W44/><G28/><T96/><D38/><U100/><E100/><V48/><F41/><W50/><G29/><T69/><D69/><U54/><E54/><V67/><F117/><W47/><G116/><T121/><D121/><U118/><E118/><V97/><F131/><W7/><G7/><T2/><D2/><U66/><E66/><RYUUKYOKU ba="2,1" sc="204,15,126,15,189,-15,471,-15" hai0="45,49,53,55,59,84,87,95,96,103" hai1="8,14,18,20,25,30,73,75,92,94,99,101,102" /><INIT seed="4,3,1,0,2,7" ten="219,141,174,456" oya="0" hai0="87,32,34,8,59,127,52,95,6,122,63,53,27" hai1="41,121,110,26,81,46,73,67,91,102,20,37,134" hai2="118,47,78,15,126,1,10,111,125,39,89,99,131" hai3="117,82,19,35,2,123,38,77,133,55,44,36,101"/><T49/><D122/><U13/><E121/><V79/><F1/><W70/><G35/><T135/><D135/><U54/><E110/><V23/><F111/><W62/><G101/><T76/><D127/><U29/><E67/><V60/><F118/><W75/><G123/><T88/><D76/><U100/><E134/><V3/><F3/><W80/><G2/><T105/><D105/><U16/><E54/><V66/><F131/><W120/><G36/><T18/><D18/><U48/><E37/><V86/><F99/><W96/><G96/><T108/><D27/><U90/><E90/><V112/><F23/><W124/><G44/><T114/><D114/><U130/><E130/><V116/><F112/><W98/><G82/><T21/><D21/><U103/><E103/><V93/><F47/><W57/><G38/><T104/><D104/><U119/><E119/><V74/><F39/><W14/><G70/><T106/><D106/><U69/><E69/><V22/><F22/><N who="3" m="11639" /><G117/><T64/><D108/><U45/><E45/><V30/><F116/><W24/><G24/><T43/><D43/><U113/><E113/><V84/><F74/><W132/><G124/><N who="2" m="47721" /><F30/><W128/><G128/><T17/><D17/><U109/><E109/><V42/><F42/><W0/><G120/><T85/><D87/><N who="1" m="50671" /><E73/><V56/><F84/><W107/><G0/><N who="0" m="71" /><D53/><U5/><E5/><AGARI ba="3,1" hai="5,10,15,56,60,66,78,79,86,89,93" m="47721" machi="5" ten="30,2000,0" yaku="18,1,52,1" doraHai="7" who="2" fromWho="1" sc="219,0,141,-29,174,39,456,0" /><INIT seed="5,0,0,1,5,67" ten="219,112,213,456" oya="1" hai0="8,103,102,64,91,31,36,77,117,48,56,111,16" hai1="6,42,5,126,80,50,122,35,109,18,131,90,32" hai2="74,65,99,61,98,52,62,114,71,14,12,73,44" hai3="87,128,11,119,45,29,123,3,81,115,107,104,66"/><U20/><E122/><V41/><F114/><W1/><G123/><T124/><D36/><U110/><E131/><V70/><F74/><W38/><G66/><T30/><D77/><U46/><E126/><V79/><F73/><W125/><G125/><T108/><D117/><U19/><E19/><V100/><F79/><W105/><G128/><T54/><D111/><U51/><E32/><V9/><F65/><W4/><G29/><N who="0" m="10763" /><D108/><N who="1" m="41579" /><E35/><V83/><F83/><W34/><G34/><T24/><D64/><U40/><E40/><V49/><F41/><W2/><G119/><T60/><D124/><U55/><E90/><V135/><F135/><W75/><G115/><T43/><D91/><U21/><E80/><V25/><F25/><W89/><G75/><T129/><D129/><U93/><E93/><V7/><F14/><W39/><REACH who="3" step="1"/><G45/><REACH who="3" ten="219,112,213,446" step="2"/><N who="0" m="25663" /><D24/><N who="1" m="14359" /><E21/><V97/><F100/><W132/><G132/><T28/><D28/><U94/><E94/><V47/><REACH who="2" step="1"/><F44/><AGARI ba="0,1" hai="5,6,42,44,46,50,51,55" m="14359,41579" machi="44" ten="30,1500,0" yaku="10,1" doraHai="67" who="1" fromWho="2" sc="219,0,112,25,213,-15,446,0" /><INIT seed="5,1,0,5,3,15" ten="219,137,198,446" oya="1" hai0="60,104,90,93,103,86,65,84,31,41,135,49,51" hai1="2,129,71,112,55,127,114,14,87,61,82,88,52" hai2="37,72,1,80,122,4,96,134,7,105,22,28,40" hai3="29,48,124,54,113,58,43,97,118,125,63,92,5"/><U89/><E129/><V59/><F122/><W11/><G118/><T132/><D31/><U50/><E127/><N who="3" m="48714" /><G113/><N who="1" m="43626" /><E2/><V47/><F134/><N who="0" m="51242" /><D41/><U39/><E39/><V9/><F59/><W106/><G106/><T64/><D86/><N who="1" m="50263" /><E71/><V57/><F57/><W66/><G29/><T20/><D20/><U33/><E33/><V116/><F116/><W98/><G43/><T30/><D30/><U85/><E14/><V91/><F22/><W53/><G92/><T62/><D104/><U42/><E61/><N who="0" m="23657" /><D103/><U120/><E120/><V74/><F28/><W8/><G8/><T102/><D102/><U81/><E87/><V12/><F105/><W107/><G107/><T70/><D70/><U68/><E68/><V131/><F131/><W27/><G27/><T46/><D46/><AGARI ba="1,0" hai="42,46,50,52,55,81,85,89" m="50263,43626" machi="46" ten="30,5800,0" yaku="15,1,54,2" doraHai="15" who="1" fromWho="0" sc="219,-61,137,61,198,0,446,0" /><INIT seed="5,2,0,4,5,78" ten="158,198,198,446" oya="1" hai0="111,48,127,14,28,112,120,35,124,74,9,81,128" hai1="114,79,50,31,133,125,0,37,63,117,129,122,118" hai2="47,91,68,11,110,107,135,105,15,56,49,38,121" hai3="22,2,25,57,10,73,42,52,53,40,54,27,83"/><U44/><E122/><V94/><F121/><W106/><G106/><T13/><D120/><U88/><E0/><V30/><F68/><W62/><G2/><T46/><D111/><U60/><E129/><V134/><F110/><W55/><G73/><T84/><D74/><U82/><E133/><V64/><F38/><W45/><G10/><T104/><D104/><U131/><E131/><V113/><F113/><W96/><G96/><T1/><D28/><U4/><E4/><V92/><F30/><W102/><G27/><T65/><D65/><U3/><E3/><V109/><F109/><W67/><G102/><T108/><D35/><U95/><E114/><V126/><F126/><N who="0" m="48170" /><D108/><U103/><E37/><V75/><F75/><W59/><G83/><T23/><D23/><U7/><E7/><V132/><F107/><W36/><G22/><T70/><D70/><U19/><E31/><V89/><F105/><W18/><G18/><T24/><D24/><U72/><E103/><V26/><F26/><W115/><G25/><T61/><D61/><U76/><E76/><V69/><F69/><N who="3" m="42231" /><G115/><T97/><D97/><U87/><E19/><N who="2" m="8703" /><F91/><W29/><G29/><T85/><D112/><U12/><E12/><N who="0" m="4713" /><D128/><U90/><E90/><V100/><F100/><W58/><N who="3" m="13312" /><DORA hai="51" /><W116/><G116/><T98/><D1/><U130/><E130/><V101/><F101/><W86/><G86/><N who="0" m="33387" /><D98/><U43/><E125/><V66/><F132/><W41/><AGARI ba="2,0" hai="36,40,41,42,45,57,58,59" m="13312,42231" machi="41" ten="50,16000,3" yaku="35,5,52,4,54,1" doraHai="78,51" who="3" fromWho="3" sc="158,-42,198,-82,198,-42,446,166" /><INIT seed="6,0,0,0,3,15" ten="116,116,156,612" oya="2" hai0="67,64,71,33,101,17,105,97,98,134,43,130,30" hai1="19,90,96,120,22,129,76,65,69,80,74,7,46" hai2="0,20,89,126,51,100,9,123,56,59,72,102,82" hai3="121,114,41,108,135,106,131,32,85,86,13,94,37"/><V60/><F123/><W40/><G106/><T2/><D2/><U23/><E7/><V75/><F126/><W1/><G13/><T35/><D43/><U27/><E120/><V118/><F118/><W25/><G94/><T36/><D36/><U88/><E46/><V93/><F51/><W63/><G86/><T83/><D130/><U34/><E34/><V57/><F20/><W21/><G85/><T95/><D134/><U49/><E49/><V50/><F50/><W78/><G41/><T12/><D83/><U24/><E129/><V115/><F115/><W38/><G63/><T77/><D77/><U104/><E104/><V55/><F82/><W61/><G61/><T116/><D71/><U4/><E4/><V31/><F31/><W128/><G21/><T39/><D39/><U99/><E65/><V68/><F68/><W54/><G1/><T133/><D133/><U53/><E53/><V124/><F124/><W81/><G135/><T92/><D116/><U113/><E113/><V14/><F0/><W10/><G121/><T112/><D105/><U87/><E69/><V127/><F127/><W110/><G114/><T132/><D132/><U47/><E47/><V5/><F72/><N who="3" m="43207" /><G37/><T29/><D112/><U111/><E111/><N who="3" m="42538" /><G10/><N who="0" m="6295" /><D35/><U18/><E90/><V62/><F75/><W28/><G54/><T42/><D42/><U70/><E70/><V122/><F122/><W48/><G48/><T107/><D33/><U117/><E117/><V58/><F62/><W16/><G16/><T119/><D119/><U8/><E8/><V45/><F45/><AGARI ba="0,0" hai="25,28,32,38,40,45,128,131" m="42538,43207" machi="45" ten="30,1000,0" yaku="23,1" doraHai="15" who="3" fromWho="2" sc="116,0,116,0,156,-10,612,10" /><INIT seed="7,0,0,1,0,62" ten="116,116,146,622" oya="3" hai0="43,95,14,2,83,88,5,90,4,11,114,57,59" hai1="128,133,106,63,104,10,55,32,99,40,84,36,53" hai2="18,121,61,89,39,129,105,115,73,45,37,87,130" hai3="52,132,124,54,8,80,0,69,34,110,79,38,81"/><W67/><G34/><T6/><D2/><U116/><E32/><V56/><F73/><W96/><G38/><T47/><D114/><U30/><E30/><V50/><F115/><W109/><G124/><T91/><D95/><U85/><E116/><V7/><F105/><W27/><G132/><T71/><D71/><U74/><E74/><V76/><F7/><W1/><G96/><T98/><D98/><U122/><E122/><V23/><F61/><N who="3" m="40175" /><G81/><T70/><D70/><U68/><E128/><V65/><F65/><W26/><G26/><T64/><D83/><U119/><E119/><V120/><F56/><W42/><G42/><T118/><D118/><U58/><E68/><V75/><F76/><W102/><G102/><T103/><D103/><U125/><E125/><V100/><F100/><W19/><G27/><T92/><D92/><U51/><E133/><V13/><F75/><N who="3" m="43135" /><G19/><T41/><D43/><U29/><E99/><V25/><F39/><W24/><G24/><T9/><D64/><U123/><E40/><N who="2" m="24871" /><F25/><W111/><G0/><T131/><D131/><N who="2" m="50186" /><F37/><W17/><G17/><T77/><D77/><U22/><E36/><V78/><F78/><W31/><G31/><T108/><D108/><U134/><E134/><V15/><F13/><W20/><G20/><T72/><D72/><U127/><E127/><V135/><F135/><W101/><G101/><T93/><D93/><AGARI ba="0,0" hai="15,18,23,87,89,93,120,121" m="50186,24871" machi="93" ten="30,1000,0" yaku="19,1" doraHai="62" who="2" fromWho="0" sc="116,-10,116,0,146,10,622,0" owari="106,-39.4,116,-28.4,156,-4.4,622,72.2" /></mjloggm>