<mjloggm ver="2.3"><GO type="41" lobby="0"/><UN n0="%4F%6C%69%76%65%69%72%61" n1="%E3%81%B4%E3%82%93%E3%81%B4%E3%82%93%E3%81%AA%E3%81%AA" n2="%E5%B2%A9%E5%80%89%E4%BA%BA" n3="%E2%93%9D%4C%75%63%6B%79%4A" dan="13,14,15,18" rate="1832.29,1906.86,1988.02,2220.11" sx="M,M,M,M"/><TAIKYOKU oya="0"/><INIT seed="0,0,0,3,2,11" ten="250,250,250,250" oya="0" hai0="26,30,109,99,92,27,94,134,47,18,82,23,89" hai1="76,135,9,122,88,20,57,36,105,118,113,98,100" hai2="50,80,3,32,85,53,39,56,4,66,104,117,120" hai3="119,112,108,131,87,31,124,102,63,132,0,65,125"/><T14/><D134/><U74/><E118/><V51/><F120/><W91/><G0/><T25/><D109/><U72/><E122/><V133/><F133/><W2/><G2/><T48/><D47/><U96/><E135/><V58/><F117/><W49/><G102/><T10/><D48/><U7/><E36/><V62/><F104/><W42/><G31/><T69/><D69/><U95/><E113/><V130/><F130/><W73/><G73/><T70/><D70/><U71/><E71/><V75/><F39/><W38/><G112/><T29/><D82/><U114/><E114/><V24/><F75/><W90/><G49/><T54/><D54/><U35/><E35/><V101/><F101/><W55/><G55/><T1/><D1/><U126/><E76/><V127/><F127/><W128/><G108/><T115/><D115/><U60/><E20/><V34/><F3/><W45/><G119/><T110/><D110/><U44/><E44/><V93/><F4/><W5/><G5/><T19/><REACH who="0" step="1"/><D94/><REACH who="0" ten="240,250,250,250" step="2"/><U43/><E43/><V107/><F93/><W68/><G132/><T84/><D84/><U77/><E74/><V67/><F80/><W61/><G87/><T46/><D46/><U103/><E72/><V41/><F85/><W52/><G125/><T64/><D64/><U81/><E81/><V15/><F66/><W33/><G124/><T106/><D106/><U86/><E126/><V6/><F67/><W8/><G65/><T12/><AGARI ba="0,1" hai="10,12,14,18,19,23,25,26,27,29,30,89,92,99" machi="12" ten="30,12000,1" yaku="1,1,0,1,8,1,52,2,53,0" doraHai="11" doraHaiUra="129" who="0" fromWho="0" sc="240,130,250,-40,250,-40,250,-40" /><INIT seed="0,1,0,3,1,117" ten="370,210,210,210" oya="0" hai0="100,59,28,96,110,37,106,122,70,95,45,112,94" hai1="127,18,84,64,71,113,132,69,4,78,38,33,55" hai2="61,116,103,56,29,36,6,124,22,88,133,48,39" hai3="134,34,31,119,86,72,128,97,130,107,52,49,115"/><T101/><D70/><U121/><E18/><V125/><F116/><W58/><G119/><T81/><D112/><U126/><E55/><V54/><F133/><W10/><G72/><T43/><D110/><U7/><E84/><V41/><F103/><W123/><G115/><T21/><D122/><U89/><E89/><V91/><F6/><W87/><G134/><T104/><D81/><U11/><E64/><V16/><F29/><W120/><G10/><T17/><D59/><U90/><E90/><N who="2" m="34347" /><F48/><W66/><G66/><T3/><D28/><U9/><E78/><V50/><F50/><W51/><G51/><T57/><D57/><U80/><E80/><V83/><F41/><W82/><G107/><T2/><D106/><U135/><E113/><V111/><F111/><W42/><G97/><T47/><D104/><U76/><E76/><V20/><F83/><W19/><G19/><T93/><D47/><U15/><E33/><V114/><F22/><W67/><G42/><T40/><D40/><U65/><E65/><V99/><F99/><W1/><G67/><T105/><REACH who="0" step="1"/><D101/><REACH who="0" ten="360,210,210,210" step="2"/><U25/><E69/><V77/><F114/><W118/><G118/><T62/><D62/><U98/><E71/><V63/><F63/><W23/><G82/><T92/><N who="0" m="23552" /><DORA hai="8" /><T27/><AGARI ba="1,1" hai="2,3,17,21,27,37,43,45,96,100,105" m="23552" machi="27" ten="40,7800,0" yaku="1,1,4,1,0,1,53,0" doraHai="117,8" doraHaiUra="129,46" who="0" fromWho="0" sc="360,91,210,-27,210,-27,210,-27" /><INIT seed="0,2,0,0,2,55" ten="451,183,183,183" oya="0" hai0="129,83,3,78,133,42,41,8,19,95,17,106,90" hai1="118,86,103,66,69,22,91,38,110,81,64,98,94" hai2="2,113,102,121,61,112,28,14,52,84,33,88,80" hai3="7,85,114,50,25,23,105,51,75,30,116,62,89"/><T58/><D106/><U101/><E110/><V20/><F121/><W124/><G75/><T119/><D119/><U37/><E118/><V123/><F123/><W97/><G116/><T29/><D29/><U12/><E69/><V108/><F2/><W132/><G114/><T6/><D129/><U63/><E63/><V72/><F108/><W21/><G7/><T99/><D133/><U57/><E57/><V134/><F134/><W1/><G1/><T16/><REACH who="0" step="1"/><D58/><REACH who="0" ten="441,183,183,183" step="2"/><U122/><E122/><V32/><F28/><W68/><G105/><T18/><N who="0" m="4096" /><DORA hai="115" /><T11/><D11/><U96/><E22/><V111/><F20/><W60/><G23/><T117/><D117/><U82/><E12/><V67/><F111/><W71/><G132/><T76/><D76/><U9/><E9/><V56/><F112/><W104/><G104/><T0/><D0/><U126/><E126/><V47/><F113/><W34/><G124/><T74/><AGARI ba="2,1" hai="3,6,8,41,42,74,78,83,90,95,99" m="4096" machi="74" ten="40,18000,2" yaku="1,1,0,1,54,1,53,4" doraHai="55,115" doraHaiUra="15,10" who="0" fromWho="0" sc="441,196,183,-62,183,-62,183,-62" /><INIT seed="0,3,0,1,5,4" ten="637,121,121,121" oya="0" hai0="116,28,110,2,91,97,126,82,38,34,119,0,35" hai1="79,96,93,123,112,130,103,40,65,92,21,54,27" hai2="22,7,20,109,23,90,9,111,47,85,134,57,8" hai3="100,12,95,10,83,81,67,106,70,62,75,42,14"/><T36/><D126/><U31/><E123/><V124/><F124/><W66/><G106/><T50/><D110/><N who="2" m="41994" /><F134/><W32/><G32/><T11/><D50/><U128/><E40/><V33/><F33/><W60/><G75/><T98/><D82/><U69/><E79/><V71/><F71/><W39/><G14/><T37/><D91/><U108/><E108/><V53/><F47/><W51/><G39/><T88/><D38/><U45/><E112/><V74/><F7/><W115/><G115/><T19/><D19/><U64/><E92/><N who="2" m="54351" /><F74/><W129/><G129/><N who="1" m="49770" /><E69/><V48/><AGARI ba="3,0" hai="8,9,20,22,23,48,53,57" m="54351,41994" machi="48" ten="30,4000,0" yaku="14,1,52,2" doraHai="4" who="2" fromWho="2" sc="637,-23,121,-13,121,49,121,-13" /><INIT seed="1,0,0,4,0,20" ten="614,108,170,108" oya="1" hai0="71,4,81,93,38,118,79,130,129,44,72,114,111" hai1="116,8,122,47,65,86,105,100,91,51,13,50,113" hai2="96,92,97,40,64,22,45,57,35,106,68,123,108" hai3="48,36,133,131,128,110,34,59,5,54,58,3,119"/><U27/><E113/><V85/><F123/><W41/><G34/><T11/><D71/><U28/><E116/><V126/><F108/><W84/><G5/><T99/><D114/><U1/><E1/><V42/><F126/><W132/><G84/><T61/><D118/><U117/><E117/><V24/><F68/><W49/><G119/><T14/><D61/><U32/><E122/><V107/><F35/><W90/><G90/><T109/><D38/><U18/><E65/><V7/><F7/><W0/><G36/><T94/><D44/><U134/><E134/><N who="3" m="51818" /><G110/><N who="0" m="41995" /><D94/><U23/><E32/><V115/><F115/><W121/><G121/><T82/><D82/><U33/><E33/><V70/><F70/><W69/><G69/><T60/><D60/><U98/><REACH who="1" step="1"/><E47/><REACH who="1" ten="614,98,170,108" step="2"/><V55/><F45/><N who="3" m="25775" /><G3/><T43/><D43/><U103/><E103/><AGARI ba="0,1" hai="4,11,14,72,79,81,93,99,103,129,130" m="41995" machi="103" ten="30,1000,0" yaku="14,1" doraHai="20" who="0" fromWho="1" sc="614,20,98,-10,170,0,108,0" /><INIT seed="2,0,0,5,5,103" ten="634,88,170,108" oya="2" hai0="114,80,12,25,107,96,76,61,47,83,89,85,35" hai1="128,62,2,15,120,84,16,123,28,37,58,14,71" hai2="91,125,78,126,21,86,134,31,95,79,20,115,99" hai3="116,8,106,132,94,109,119,87,74,104,68,24,110"/><V73/><F115/><W51/><G68/><T13/><D114/><U4/><E71/><V102/><F31/><W121/><G51/><T9/><D47/><U65/><E37/><V48/><F48/><W34/><G74/><T43/><D43/><U45/><E128/><V46/><F46/><W133/><G8/><T5/><D61/><U101/><E101/><V100/><F21/><W90/><G24/><T117/><D117/><N who="3" m="45129" /><G34/><T75/><D96/><U129/><E45/><V92/><F20/><W77/><G77/><N who="2" m="29193" /><F73/><W130/><G121/><N who="1" m="46666" /><E28/><V39/><F39/><W82/><G82/><T0/><REACH who="0" step="1"/><D107/><REACH who="0" ten="624,88,170,108" step="2"/><N who="3" m="41001" /><G130/><T36/><D36/><U97/><E129/><V11/><F11/><W22/><G22/><T127/><D127/><U41/><E41/><V72/><F72/><W23/><G23/><T131/><D131/><U26/><E97/><N who="2" m="59431" /><F126/><W53/><G53/><T10/><D10/><N who="1" m="2327" /><E84/><V3/><F125/><W29/><G29/><AGARI ba="0,1" hai="0,5,9,12,13,25,29,35,75,76,80,83,85,89" machi="29" ten="40,2600,0" yaku="1,1,53,1" doraHai="103" doraHaiUra="27" who="0" fromWho="3" sc="624,36,88,0,170,0,108,-26" /><INIT seed="3,0,0,0,2,123" ten="660,88,170,82" oya="3" hai0="100,13,89,6,40,77,48,53,66,22,24,88,133" hai1="51,0,12,75,20,78,62,47,101,122,59,4,71" hai2="55,99,41,84,38,45,91,87,64,35,8,135,110" hai3="125,67,33,29,9,44,83,3,63,1,56,30,94"/><W113/><G113/><T115/><D133/><U15/><E122/><V103/><F135/><W111/><G125/><T50/><D115/><U104/><E71/><V11/><F35/><W34/><G83/><T118/><D118/><U14/><E104/><V109/><F64/><W130/><G130/><T69/><D100/><U46/><E101/><V76/><F55/><W107/><G107/><T131/><D131/><U27/><E0/><V121/><F76/><W49/><G34/><T98/><D77/><U132/><E132/><V81/><F87/><W93/><G3/><T72/><D72/><U80/><E51/><V39/><F39/><W43/><G111/><N who="2" m="42505" /><F121/><W79/><G79/><T97/><D53/><U134/><E4/><V114/><F114/><W28/><REACH who="3" step="1"/><G33/><REACH who="3" ten="660,88,170,72" step="2"/><T60/><D40/><U25/><E134/><V126/><F126/><W61/><G61/><T116/><D60/><U17/><E80/><V58/><F58/><W23/><G23/><T105/><D22/><N who="1" m="13519" /><E78/><V90/><F91/><W102/><G102/><T37/><D88/><U26/><E75/><V106/><AGARI ba="0,1" hai="8,11,38,41,45,81,84,90,99,103,106" m="42505" machi="106" ten="30,7900,0" yaku="14,1,52,3" doraHai="123" who="2" fromWho="2" sc="660,-20,88,-20,170,89,72,-39" /><INIT seed="4,0,0,4,1,18" ten="640,68,259,33" oya="0" hai0="125,123,124,108,8,57,29,14,71,26,11,90,85" hai1="74,135,94,62,36,134,80,122,46,25,83,63,78" hai2="111,24,43,84,49,95,112,91,56,47,120,87,7" hai3="55,50,39,54,51,105,121,113,15,127,27,119,66"/><T31/><D71/><U13/><E122/><V22/><F111/><W21/><G39/><T35/><D123/><U44/><E13/><V100/><F112/><W126/><G121/><T86/><D108/><U114/><E114/><V129/><F129/><W61/><G105/><T33/><D57/><U115/><E115/><V60/><F120/><W79/><G79/><T96/><D14/><U65/><E94/><V101/><F7/><W70/><G119/><T99/><D90/><U102/><E102/><V28/><REACH who="2" step="1"/><F87/><REACH who="2" ten="640,68,249,33" step="2"/><W132/><G113/><T103/><REACH who="0" step="1"/><D26/><REACH who="0" ten="630,68,249,33" step="2"/><U77/><E25/><V130/><F130/><W40/><G27/><T128/><D128/><U38/><REACH who="1" step="1"/><E74/><REACH who="1" ten="630,58,249,33" step="2"/><V109/><F109/><W2/><G127/><T69/><D69/><U45/><E45/><V67/><AGARI ba="0,3" hai="22,24,28,43,47,49,56,60,67,84,91,95,100,101" machi="67" ten="20,8000,1" yaku="1,1,0,1,7,1,8,1,52,1,53,0" doraHai="18" doraHaiUra="9" who="2" fromWho="2" sc="630,-40,58,-20,249,110,33,-20" /><INIT seed="5,0,0,5,5,109" ten="590,38,359,13" oya="1" hai0="12,132,4,88,63,89,105,11,107,8,50,9,44" hai1="102,33,59,24,115,18,96,51,41,114,56,106,104" hai2="54,23,84,116,38,122,36,71,94,121,92,69,113" hai3="70,98,72,119,37,130,15,108,29,60,31,91,74"/><U99/><E41/><V34/><F23/><W27/><G108/><T16/><D132/><U17/><E33/><V118/><F84/><W103/><G130/><T81/><D107/><U57/><E51/><V46/><F34/><W117/><G91/><N who="0" m="34891" /><D105/><U62/><E62/><V112/><F54/><W134/><G15/><N who="0" m="5511" /><D81/><U131/><E131/><V49/><F49/><W135/><G37/><T64/><D63/><U58/><N who="1" m="14336" /><DORA hai="66" /><U52/><E52/><V43/><F46/><W101/><G60/><T78/><D78/><U25/><E104/><V22/><F22/><W68/><REACH who="3" step="1"/><G98/><REACH who="3" ten="590,38,359,3" step="2"/><N who="1" m="37418" /><E106/><V30/><F36/><W97/><G97/><T87/><D64/><U125/><E102/><V20/><F38/><W26/><AGARI ba="0,1" hai="26,27,29,31,68,70,72,74,101,103,117,119,134,135" machi="26" ten="25,12000,2" yaku="1,1,0,1,22,2,52,2,53,0" doraHai="109,66" doraHaiUra="90,82" who="3" fromWho="3" sc="590,-30,38,-60,359,-30,3,130" owari="560,66.0,-22,-52.2,329,12.9,133,-26.7" /></mjloggm>