<mjloggm ver="2.3"><GO type="41" lobby="0"/><UN n0="%4B%4F%59%4F%2D%58%50%32" n1="%E9%AD%85%E3%81%9B%E3%82%8B%E7%8C%AB%E9%A0%AD%E3%81%AB%E3%82%83%E3%81%82" n2="%E3%83%95%E3%82%AF%E3%83%80%E3%83%B3%E3%83%81%E3%83%A7" n3="%E2%93%9D%4C%75%63%6B%79%4A" dan="14,15,15,17" rate="1979.40,2010.83,2054.67,2166.65" sx="M,M,M,M"/><TAIKYOKU oya="0"/><INIT seed="0,0,0,4,5,16" ten="250,250,250,250" oya="0" hai0="6,122,133,2,79,32,1,28,120,101,119,31,96" hai1="131,115,62,85,36,126,44,58,93,55,41,134,3" hai2="117,21,53,102,61,76,71,72,13,39,51,94,73" hai3="107,113,25,59,64,86,80,89,135,57,40,100,5"/><T69/><D69/><U66/><E126/><V90/><F39/><W74/><G113/><T34/><D79/><U108/><E131/><V63/><F102/><W75/><G5/><T27/><D96/><U38/><E134/><V91/><F91/><W33/><G40/><T30/><D101/><U23/><E115/><V29/><F117/><W116/><G116/><T110/><D119/><U99/><E3/><N who="0" m="1033" /><D133/><U43/><E108/><V24/><F13/><W105/><G64/><T68/><D68/><U78/><E78/><V35/><F35/><N who="0" m="13354" /><D6/><U123/><E85/><V11/><F11/><W56/><G135/><T12/><D110/><U46/><E123/><N who="0" m="47145" /><D12/><U52/><E23/><AGARI ba="0,0" hai="23,27,28,30,31" m="47145,13354,1033" machi="23" ten="40,7700,0" yaku="34,2,52,1" doraHai="16" who="0" fromWho="1" sc="250,77,250,-77,250,0,250,0" /><INIT seed="0,1,0,1,1,12" ten="327,173,250,250" oya="0" hai0="9,128,19,5,111,30,73,55,68,133,67,104,124" hai1="107,45,129,31,86,105,53,25,14,76,54,103,11" hai2="17,18,32,28,102,37,35,2,34,23,79,51,112" hai3="83,110,66,49,59,100,8,64,62,134,99,50,123"/><T24/><D73/><U88/><E129/><V127/><F37/><W29/><G110/><T120/><D104/><U98/><E76/><V119/><F102/><W109/><G109/><T43/><D111/><U42/><E107/><V0/><F51/><W130/><G134/><T16/><D43/><U57/><E57/><V94/><F94/><W91/><G29/><T93/><D120/><U114/><E114/><V106/><F79/><W10/><G130/><T38/><D38/><U26/><E42/><V61/><F61/><W40/><G66/><T84/><D68/><U125/><E125/><V48/><F48/><W118/><G118/><T131/><D55/><U71/><E71/><V81/><F81/><W47/><G123/><T36/><D67/><U78/><E78/><V117/><F106/><W90/><G50/><T4/><D36/><U95/><E45/><V70/><F70/><W89/><REACH who="3" step="1"/><G83/><REACH who="3" ten="327,173,250,240" step="2"/><T1/><D133/><U20/><REACH who="1" step="1"/><E26/><REACH who="1" ten="327,163,250,240" step="2"/><N who="2" m="16479" /><F112/><W39/><G39/><T80/><D131/><U58/><E58/><V116/><F127/><W87/><G87/><T56/><D124/><U21/><E21/><V122/><F122/><W97/><G97/><T74/><D56/><U115/><E115/><V121/><F121/><W108/><G108/><T22/><D22/><U65/><E65/><V85/><F85/><W41/><G41/><T77/><D84/><U101/><E101/><V7/><F0/><W69/><G69/><T60/><D1/><U33/><E33/><V44/><F44/><W135/><G135/><T46/><D128/><U63/><E63/><V96/><F96/><RYUUKYOKU ba="1,2" sc="327,-30,163,10,250,10,240,10" hai1="11,14,20,25,31,53,54,86,88,95,98,103,105" hai2="2,7,17,18,32,34,35,116,117,119" hai3="8,10,40,47,49,59,62,64,89,90,91,99,100" /><INIT seed="1,2,2,1,0,109" ten="297,173,260,250" oya="1" hai0="1,63,125,115,47,34,97,54,23,42,126,11,46" hai1="27,43,112,88,118,37,77,105,75,36,20,61,86" hai2="16,130,50,48,108,119,117,38,96,116,52,100,71" hai3="45,79,81,65,106,121,39,98,10,78,9,76,132"/><U120/><E120/><V19/><F38/><W6/><G121/><T83/><D34/><U114/><E118/><V134/><F108/><W12/><G65/><T35/><D35/><U0/><E105/><V124/><F71/><W15/><G132/><T74/><D74/><U90/><E0/><V131/><F134/><W32/><G32/><T133/><D133/><U55/><E75/><V2/><F2/><W91/><G39/><T4/><D83/><U44/><E37/><V18/><F124/><W101/><G45/><T22/><D42/><U29/><E77/><V68/><F68/><W33/><G33/><T40/><D47/><U62/><E90/><V107/><REACH who="2" step="1"/><F52/><REACH who="2" ten="297,173,250,250" step="2"/><W87/><REACH who="3" step="1"/><G79/><REACH who="3" ten="297,173,250,240" step="2"/><T57/><D125/><U73/><E55/><V58/><F58/><W24/><G24/><T129/><D126/><U104/><E36/><V51/><AGARI ba="2,4" hai="16,18,19,48,50,51,96,100,107,116,117,119,130,131" machi="51" ten="40,8000,1" yaku="1,1,0,1,29,2,54,1,53,0" doraHai="109" doraHaiUra="26" who="2" fromWho="2" sc="297,-22,173,-42,250,126,240,-22" /><INIT seed="2,0,0,5,4,36" ten="275,131,376,218" oya="2" hai0="51,77,6,134,135,60,72,109,58,8,89,123,106" hai1="20,79,16,119,66,108,25,127,81,64,0,44,111" hai2="69,88,26,37,107,112,131,54,23,43,103,125,70" hai3="29,42,128,113,57,96,9,18,83,110,97,56,116"/><V53/><F112/><W10/><G113/><T68/><D106/><U76/><E119/><V1/><F1/><W98/><G116/><T21/><D123/><U95/><E0/><V105/><F131/><W12/><G128/><T85/><D109/><U35/><E127/><V67/><F125/><W117/><G117/><T102/><D102/><U93/><E35/><V90/><F103/><W39/><G29/><T132/><D68/><U4/><E4/><V130/><F37/><W126/><G126/><T32/><D32/><U62/><E44/><V50/><F67/><W80/><G110/><T48/><D72/><U33/><E33/><V17/><F130/><W30/><G30/><T45/><D77/><U101/><E66/><V118/><F118/><W22/><G42/><T14/><D21/><U24/><E79/><V82/><F43/><W122/><G39/><T99/><D99/><U74/><E111/><V84/><F90/><W5/><G10/><T49/><D45/><U61/><E108/><V71/><REACH who="2" step="1"/><F54/><REACH who="2" ten="275,131,366,218" step="2"/><W114/><G114/><T7/><D89/><U46/><E64/><V2/><F2/><W34/><G122/><T92/><D132/><U38/><E101/><V121/><F121/><W104/><G104/><T11/><D134/><U78/><E78/><V47/><AGARI ba="0,1" hai="17,23,26,47,50,53,69,70,71,82,84,88,105,107" machi="47" ten="30,6000,0" yaku="1,1,0,1,54,1,53,0" doraHai="36" doraHaiUra="133" who="2" fromWho="2" sc="275,-20,131,-20,366,70,218,-20" /><INIT seed="2,1,0,3,2,65" ten="255,111,436,198" oya="2" hai0="70,110,79,83,67,87,75,114,40,11,10,37,2" hai1="49,107,35,30,97,90,96,134,20,86,135,23,117" hai2="92,12,14,53,115,132,116,105,21,85,48,0,101" hai3="123,62,130,60,68,126,29,28,52,128,54,122,76"/><V18/><F0/><W8/><G76/><T93/><D110/><U131/><E117/><V25/><F116/><W32/><G32/><T47/><D114/><U74/><E35/><V120/><F120/><W121/><G8/><T55/><D11/><U98/><E74/><V80/><F115/><W102/><G102/><T84/><D55/><N who="3" m="21033" /><G126/><T94/><D94/><U26/><E49/><V112/><F132/><W108/><G108/><T81/><D93/><U113/><E113/><V36/><F36/><W44/><G44/><T3/><D3/><U59/><E59/><N who="2" m="33191" /><F105/><W7/><G7/><N who="0" m="1399" /><D81/><U72/><E72/><V129/><F112/><W78/><G78/><T17/><D17/><U1/><E1/><V42/><F42/><W16/><G16/><T15/><D15/><U33/><E107/><V88/><F129/><N who="3" m="49771" /><G68/><T34/><D34/><U82/><REACH who="1" step="1"/><E131/><REACH who="1" ten="255,101,436,198" step="2"/><V27/><F14/><W24/><G24/><T51/><D51/><U61/><E61/><AGARI ba="1,1" hai="28,29,60,61,62,121,122,123" m="49771,21033" machi="61" ten="40,8000,1" yaku="28,2,19,1,54,1" doraHai="65" who="3" fromWho="1" sc="255,0,101,-83,436,0,198,93" /><AGARI ba="1,0" hai="37,40,47,61,67,70,75,79,83,84,87" m="1399" machi="61" ten="30,2000,0" yaku="25,1,52,1" doraHai="65" who="0" fromWho="1" sc="255,20,18,-20,436,0,291,0" owari="275,-12.5,-2,-50.2,436,53.6,291,9.1" /></mjloggm>