<mjloggm ver="2.3"><GO type="41" lobby="0"/><UN n0="%E2%93%9D%4C%75%63%6B%79%4A" n1="%E4%BB%A3%E6%89%93%E3%82%BB%E3%82%B5%E3%83%AB" n2="%E3%81%A0%E3%81%84%E3%81%BF%E3%82%93%E3%81%8B%E3%82%93" n3="%E6%BC%AB%E5%A4%A9%E6%A5%93%E8%91%89" dan="15,14,15,14" rate="2140.88,1909.55,1984.66,2056.89" sx="M,M,M,M"/><TAIKYOKU oya="0"/><INIT seed="0,0,0,1,0,2" ten="250,250,250,250" oya="0" hai0="83,38,75,15,80,66,126,22,8,43,26,24,111" hai1="21,41,56,131,45,125,63,36,6,19,42,35,130" hai2="49,81,14,13,46,120,37,78,60,104,134,69,123" hai3="39,53,34,67,17,10,1,86,128,30,115,82,25"/><T58/><D126/><U84/><E35/><V101/><F37/><W129/><G115/><T77/><D111/><U59/><E42/><V107/><F134/><W12/><G39/><T54/><D66/><U62/><E125/><V32/><F32/><W94/><G94/><T65/><D65/><U11/><E84/><V105/><F60/><W127/><G127/><T47/><D83/><U119/><E119/><V90/><F101/><W0/><G67/><T89/><D89/><U106/><E106/><V99/><F99/><W70/><G70/><T76/><D77/><U28/><E28/><V31/><F31/><W96/><G96/><T18/><REACH who="0" step="1"/><D22/><REACH who="0" ten="240,250,250,250" step="2"/><U3/><E21/><V103/><F90/><W132/><G132/><T40/><D40/><U113/><E113/><V116/><F103/><W100/><G100/><T133/><D133/><U7/><E41/><V114/><F114/><W64/><G64/><T61/><AGARI ba="0,1" hai="8,15,18,24,26,38,43,47,54,58,61,75,76,80" machi="61" ten="20,7800,0" yaku="1,1,0,1,7,1,53,1" doraHai="2" doraHaiUra="73" who="0" fromWho="0" sc="240,88,250,-26,250,-26,250,-26" /><INIT seed="0,1,0,5,5,2" ten="328,224,224,224" oya="0" hai0="54,71,37,77,51,108,96,5,30,29,69,123,62" hai1="76,64,22,92,40,7,58,107,101,82,38,59,112" hai2="31,74,60,32,93,13,70,117,34,48,98,84,118" hai3="11,91,102,6,95,9,85,121,128,21,109,124,114"/><T106/><D123/><U25/><E107/><V110/><F74/><W134/><G114/><T133/><D37/><U79/><E112/><V18/><F110/><W24/><G109/><T0/><D108/><U87/><E76/><V127/><F84/><W55/><G121/><T81/><D133/><U103/><E38/><V27/><F48/><W89/><G134/><T125/><D125/><U49/><E7/><V65/><F34/><W57/><G128/><T61/><D96/><U75/><E75/><V33/><F33/><W43/><G43/><T73/><D106/><U135/><E135/><V4/><F4/><W42/><G42/><T113/><D113/><U56/><E64/><V90/><REACH who="2" step="1"/><F127/><REACH who="2" ten="328,224,214,224" step="2"/><W35/><G124/><T46/><D5/><U99/><E40/><V17/><F17/><W68/><G35/><T16/><D16/><N who="1" m="12487" /><E49/><V122/><F122/><W116/><G6/><T26/><D30/><U19/><E19/><V52/><F52/><W104/><G55/><T78/><D54/><U111/><E111/><V1/><F1/><W67/><G85/><T8/><D0/><U10/><E10/><AGARI ba="1,1" hai="10,13,18,27,31,32,60,65,70,90,93,98,117,118" machi="10" ten="40,1300,0" yaku="1,1,53,0" doraHai="2" doraHaiUra="105" who="2" fromWho="1" sc="328,0,224,-16,214,26,224,0" /><INIT seed="1,0,0,5,3,40" ten="328,208,240,224" oya="1" hai0="50,100,56,32,39,125,45,23,81,77,49,36,108" hai1="101,64,25,94,29,119,115,52,85,123,5,30,103" hai2="128,44,38,120,35,20,13,118,127,24,43,8,90" hai3="41,106,96,67,11,88,37,70,1,93,2,54,46"/><U48/><E119/><V98/><F120/><W19/><G106/><T26/><D32/><U15/><E115/><V92/><F118/><W78/><G78/><T0/><D0/><U75/><E75/><V129/><F127/><W79/><G79/><T126/><D100/><U95/><E123/><V87/><F35/><W12/><REACH who="3" step="1"/><G54/><REACH who="3" ten="328,208,240,214" step="2"/><T65/><D77/><U17/><E64/><V105/><F105/><W83/><G83/><T102/><D81/><U131/><E131/><V109/><F109/><W60/><AGARI ba="0,1" hai="1,2,11,12,19,37,41,46,60,67,70,88,93,96" machi="60" ten="30,8000,1" yaku="1,1,0,1,52,1,54,1,53,1" doraHai="40" doraHaiUra="71" who="3" fromWho="3" sc="328,-20,208,-40,240,-20,214,90" /><INIT seed="2,0,0,5,0,16" ten="308,168,220,304" oya="2" hai0="121,129,120,107,70,24,19,73,124,3,79,68,45" hai1="125,28,105,102,21,7,40,49,32,108,99,8,80" hai2="116,10,72,74,34,26,27,2,109,95,98,48,18" hai3="135,103,117,90,123,35,56,86,85,5,51,37,38"/><V17/><F116/><W4/><G35/><T134/><D107/><U57/><E108/><V77/><F109/><W15/><G117/><T119/><D3/><U29/><E125/><V25/><F34/><W59/><G123/><T22/><D119/><U69/><E69/><V83/><F74/><W53/><G135/><T62/><D124/><U58/><E32/><V1/><F48/><W0/><G0/><T42/><D129/><U64/><E80/><V110/><F110/><W23/><G103/><T43/><D43/><U133/><E133/><V82/><F82/><W60/><G86/><T84/><D84/><U67/><E57/><V12/><REACH who="2" step="1"/><F17/><REACH who="2" ten="308,168,210,304" step="2"/><N who="3" m="10687" /><G38/><T55/><D73/><U36/><E36/><V128/><F128/><W130/><G37/><T63/><D134/><U89/><E49/><V33/><F33/><W132/><G132/><T61/><D121/><U92/><E29/><V41/><F41/><W14/><G130/><T91/><D42/><U76/><E40/><V31/><F31/><W20/><G51/><T78/><D120/><U111/><E111/><V6/><F6/><W126/><G126/><T94/><D19/><U46/><E28/><V104/><F104/><W118/><G118/><T66/><D94/><U30/><E30/><V106/><F106/><W81/><G4/><T114/><D70/><U75/><E105/><V93/><F93/><W39/><G39/><T122/><D68/><U131/><E131/><V50/><F50/><W100/><G5/><T71/><D71/><U54/><E7/><V96/><F96/><W9/><G81/><T87/><D122/><RYUUKYOKU ba="0,1" sc="308,-10,168,-10,210,30,304,-10" hai2="1,2,10,12,18,25,26,27,72,77,83,95,98" /><INIT seed="2,1,1,2,2,130" ten="298,158,240,294" oya="2" hai0="106,17,45,120,37,33,95,2,75,61,56,91,8" hai1="30,82,12,64,86,28,113,44,55,90,87,77,103" hai2="47,3,89,92,102,58,63,108,27,9,74,68,25" hai3="73,22,62,125,1,101,123,133,69,4,11,67,19"/><V80/><F108/><W16/><G123/><T97/><D33/><U115/><E103/><V24/><F68/><W15/><G125/><T53/><D75/><U42/><E64/><V116/><F116/><W40/><G73/><T6/><D120/><U104/><E104/><V127/><F127/><W98/><G40/><T134/><D106/><U13/><E55/><V126/><F126/><W124/><G124/><T114/><D114/><U66/><E66/><V51/><F102/><W117/><G117/><T54/><D17/><U84/><E84/><V31/><F31/><W105/><REACH who="3" step="1"/><G19/><REACH who="3" ten="298,158,240,284" step="2"/><T20/><D37/><U109/><E109/><V88/><F74/><W36/><G36/><T83/><D45/><U49/><E113/><V50/><F47/><W60/><G60/><T100/><D61/><U121/><E115/><V94/><F50/><W52/><G52/><T5/><D54/><U93/><E121/><V81/><F51/><W35/><G35/><T59/><D53/><U76/><E76/><V99/><F63/><W32/><G32/><T65/><D65/><U38/><E38/><V118/><F118/><W18/><G18/><T78/><D78/><U48/><E48/><V132/><F58/><W41/><G41/><T112/><D59/><U10/><REACH who="1" step="1"/><E13/><REACH who="1" ten="298,148,240,284" step="2"/><V131/><F131/><W111/><G111/><T85/><D112/><U34/><E34/><V57/><F57/><W0/><G0/><T7/><D56/><U128/><E128/><V21/><F3/><W70/><G70/><T23/><D2/><U110/><E110/><V79/><F79/><W119/><G119/><RYUUKYOKU ba="1,3" sc="298,-15,148,15,240,-15,284,15" hai1="10,12,28,30,42,44,49,77,82,86,87,90,93" hai3="1,4,11,15,16,22,62,67,69,98,101,105,133" /><INIT seed="3,2,3,3,1,40" ten="283,163,225,299" oya="3" hai0="19,124,6,120,29,24,79,23,9,72,60,111,115" hai1="88,103,17,89,126,102,57,121,11,27,35,96,116" hai2="104,68,70,48,7,45,71,43,97,130,118,21,16" hai3="90,20,93,128,101,123,10,42,36,59,55,129,38"/><W30/><G101/><T100/><D120/><U0/><E121/><V134/><F130/><N who="3" m="50283" /><G123/><T78/><D72/><U131/><E131/><V98/><F134/><W52/><G10/><T122/><D111/><U127/><E35/><V28/><F118/><W22/><G30/><T39/><D39/><N who="3" m="14889" /><G42/><T3/><D122/><U109/><E116/><V41/><F104/><W51/><G55/><T15/><D115/><U74/><E74/><V50/><F28/><W25/><G25/><T49/><D100/><U81/><E109/><V125/><F7/><W133/><G133/><T47/><D124/><U58/><E11/><V1/><F1/><W13/><G13/><T61/><D61/><U31/><E31/><V18/><F18/><W12/><G12/><T132/><D60/><U82/><E17/><V87/><F87/><AGARI ba="2,3" hai="20,22,51,52,59,87,90,93" m="14889,50283" machi="87" ten="30,2900,0" yaku="19,1,54,1" doraHai="40" who="3" fromWho="2" sc="283,0,163,0,225,-35,299,65" /><INIT seed="3,3,0,1,4,97" ten="283,163,190,364" oya="3" hai0="105,0,132,14,95,86,96,93,111,65,83,5,100" hai1="30,22,9,72,87,101,43,52,34,94,124,18,110" hai2="66,4,64,44,8,48,42,98,7,20,102,104,82" hai3="88,123,51,107,58,81,11,16,121,19,25,90,33"/><W79/><G107/><T21/><D0/><U61/><E110/><V85/><F4/><W38/><G38/><T59/><D111/><U73/><E43/><V116/><F20/><W35/><G35/><T50/><D132/><U27/><E124/><V40/><F40/><W70/><G70/><T56/><D65/><U108/><E108/><V113/><F113/><W131/><G131/><T24/><D95/><U1/><E87/><V26/><F26/><W2/><G2/><T12/><D105/><U45/><E94/><V117/><F117/><W130/><G130/><T63/><D50/><U118/><E118/><V13/><REACH who="2" step="1"/><F116/><REACH who="2" ten="283,163,180,364" step="2"/><W32/><G32/><T6/><D6/><U129/><E129/><V39/><F39/><W119/><G33/><T99/><D5/><U17/><E1/><V89/><AGARI ba="3,1" hai="7,8,13,42,44,48,64,66,82,85,89,98,102,104" machi="89" ten="20,8000,1" yaku="1,1,0,1,7,1,52,1,53,1" doraHai="97" doraHaiUra="37" who="2" fromWho="2" sc="283,-23,163,-23,180,99,364,-43" /><INIT seed="4,0,0,5,2,3" ten="260,140,279,321" oya="0" hai0="16,91,14,12,90,122,35,11,132,80,4,129,44" hai1="30,72,66,134,21,81,62,61,29,23,127,52,119" hai2="71,76,82,70,87,92,126,22,103,59,39,40,63" hai3="97,68,88,13,10,6,84,26,95,83,104,32,85"/><T118/><D122/><U73/><E81/><V131/><F39/><W133/><G68/><T15/><D118/><U123/><E66/><V55/><F40/><W98/><G133/><T121/><D35/><U65/><E65/><V25/><F131/><W108/><G108/><T130/><D121/><U31/><E123/><V2/><F2/><W117/><G117/><T46/><D132/><U56/><E119/><V93/><F126/><W1/><G1/><T114/><D114/><U48/><E134/><V100/><F93/><W37/><G37/><T20/><D15/><U49/><E127/><V128/><F128/><N who="0" m="49258" /><D80/><U24/><E48/><V115/><F115/><W74/><G74/><T36/><D46/><U19/><REACH who="1" step="1"/><E23/><REACH who="1" ten="260,130,279,321" step="2"/><V43/><F70/><W77/><G32/><T110/><D110/><U54/><E54/><V112/><F71/><W58/><G104/><T5/><D5/><U86/><E86/><V0/><F112/><W124/><G124/><T51/><D36/><U64/><E64/><V89/><F43/><AGARI ba="0,1" hai="4,11,12,14,16,20,43,44,51,90,91" m="49258" machi="43" ten="30,5800,0" yaku="19,1,52,1,54,1" doraHai="3" who="0" fromWho="2" sc="260,68,130,0,279,-58,321,0" /><INIT seed="4,1,0,0,5,2" ten="328,130,221,321" oya="0" hai0="43,127,133,30,97,115,50,22,21,18,52,73,124" hai1="111,41,59,40,27,78,32,58,49,64,126,0,119" hai2="29,92,72,12,100,8,129,116,10,76,33,37,114" hai3="45,38,9,74,19,63,95,89,61,104,90,75,36"/><T86/><D73/><U88/><E111/><V57/><F37/><W42/><G95/><T34/><D43/><U102/><E119/><V62/><F72/><W56/><G19/><T26/><D115/><U17/><E102/><V131/><F76/><W11/><G56/><T54/><D133/><U125/><E78/><V66/><F114/><W84/><G84/><T130/><D130/><N who="2" m="49674" /><F116/><W14/><G14/><T4/><D97/><U13/><E0/><V83/><F83/><W105/><G42/><T39/><D39/><U69/><E69/><V135/><F135/><W24/><G24/><T101/><D101/><U31/><E41/><V20/><F33/><W28/><G28/><T93/><D34/><U65/><E65/><V99/><F12/><W16/><G16/><T121/><D121/><U1/><E1/><V7/><F7/><W25/><G25/><AGARI ba="1,0" hai="8,10,20,25,29,57,62,66,92,99,100" m="49674" machi="25" ten="30,2000,0" yaku="25,1,19,1" doraHai="2" who="2" fromWho="3" sc="328,0,130,0,221,23,321,-23" /><INIT seed="5,0,0,3,3,115" ten="328,130,244,298" oya="1" hai0="85,117,48,25,106,8,42,6,59,132,22,51,84" hai1="99,16,110,128,58,31,18,9,76,89,134,94,116" hai2="71,78,65,12,88,123,36,98,125,104,100,32,4" hai3="54,74,102,95,101,118,69,61,28,5,44,122,24"/><U0/><E128/><V112/><F36/><W14/><G122/><T53/><D106/><U135/><E76/><V108/><F108/><W87/><G74/><T130/><D132/><N who="1" m="50731" /><E110/><V113/><F78/><W67/><G69/><T72/><D117/><U29/><E116/><V45/><F45/><W81/><G67/><T97/><D97/><U10/><E58/><V23/><F32/><W82/><G82/><T124/><D124/><U13/><E18/><N who="2" m="10695" /><F4/><AGARI ba="0,0" hai="0,4,9,10,13,16,29,31,89,94,99" m="50731" machi="4" ten="30,2900,0" yaku="20,1,54,1" doraHai="115" who="1" fromWho="2" sc="328,0,130,29,244,-29,298,0" /><INIT seed="5,1,0,1,2,20" ten="328,159,215,298" oya="1" hai0="49,102,77,135,82,133,108,131,84,76,115,97,96" hai1="8,0,30,64,71,70,2,39,98,10,60,19,5" hai2="47,16,88,61,62,43,26,69,68,44,15,89,134" hai3="55,52,119,114,106,117,74,101,56,46,9,66,33"/><U99/><E39/><V91/><F134/><N who="0" m="51210" /><D49/><U107/><E71/><V75/><F75/><W83/><G9/><T116/><D116/><U36/><E36/><V79/><F79/><W59/><G83/><N who="0" m="47215" /><D108/><U132/><E132/><V37/><F26/><W27/><G74/><N who="0" m="43287" /><D115/><U125/><E125/><V124/><F124/><W121/><G121/><T103/><D131/><U6/><E107/><V126/><F126/><W110/><G106/><T34/><D34/><U14/><REACH who="1" step="1"/><E30/><REACH who="1" ten="328,149,215,298" step="2"/><V53/><F69/><W109/><G119/><T123/><D123/><U130/><E130/><V120/><F120/><W42/><G117/><T85/><D85/><U58/><E58/><V51/><REACH who="2" step="1"/><F68/><REACH who="2" ten="328,149,205,298" step="2"/><W48/><G114/><T104/><D104/><U22/><AGARI ba="1,2" hai="0,2,5,6,8,10,14,19,22,60,64,70,98,99" machi="22" ten="20,7800,0" yaku="1,1,0,1,7,1,9,1,53,0" doraHai="20" doraHaiUra="54" who="1" fromWho="1" sc="328,-27,149,101,205,-27,298,-27" /><INIT seed="5,2,0,3,2,70" ten="301,250,178,271" oya="1" hai0="41,77,46,40,75,82,61,108,6,33,117,27,24" hai1="7,15,116,79,118,49,107,50,114,11,89,133,1" hai2="9,124,62,91,128,35,80,98,90,22,8,60,14" hai3="38,52,28,130,83,66,109,20,86,69,29,58,43"/><U129/><E107/><V131/><F35/><W63/><G109/><T72/><D108/><U74/><E114/><V26/><F124/><W71/><G71/><T102/><D41/><U67/><E129/><V37/><F80/><W56/><G56/><T87/><D117/><U119/><E133/><V112/><F112/><W100/><G100/><T65/><D6/><U106/><E106/><V57/><F131/><W78/><G20/><T59/><D102/><U68/><E74/><V39/><F128/><W25/><G25/><T48/><REACH who="0" step="1"/><D27/><REACH who="0" ten="291,250,178,271" step="2"/><U101/><E101/><V12/><F26/><W55/><G130/><T84/><D84/><U42/><E42/><V81/><F98/><W111/><G111/><T21/><D21/><U5/><E5/><V31/><F22/><W127/><G127/><T95/><D95/><U97/><E1/><V0/><F81/><W51/><REACH who="3" step="1"/><G55/><REACH who="3" ten="291,250,178,261" step="2"/><T110/><D110/><U103/><E103/><V92/><F92/><W132/><G132/><T134/><D134/><U17/><E116/><V105/><F105/><W34/><G34/><T73/><D73/><U30/><E118/><V123/><F123/><W120/><G120/><T54/><D54/><U19/><E119/><V115/><F115/><W64/><G64/><T32/><D32/><U4/><E67/><V36/><F8/><W16/><G16/><T125/><D125/><U94/><E19/><V47/><F9/><W13/><G13/><T126/><D126/><U88/><E17/><V76/><F12/><W18/><G18/><T96/><D96/><U99/><E15/><V3/><F14/><RYUUKYOKU ba="2,2" sc="291,15,250,-15,178,-15,261,15" hai0="24,33,40,46,48,59,61,65,72,75,77,82,87" hai3="28,29,38,43,51,52,58,63,66,69,78,83,86" /><INIT seed="6,3,2,4,0,113" ten="306,235,163,276" oya="2" hai0="121,20,21,134,83,135,5,3,54,94,19,10,1" hai1="8,48,32,108,132,93,63,79,61,62,114,23,66" hai2="124,99,107,87,85,77,84,16,57,112,45,51,38" hai3="120,44,91,123,64,103,102,30,69,24,9,12,78"/><V35/><F124/><W116/><G116/><T88/><D121/><U42/><E32/><V97/><F112/><W18/><G78/><T41/><D41/><U106/><E114/><V98/><F107/><W71/><G44/><T101/><D101/><U133/><E106/><V125/><F125/><W25/><G91/><T6/><D54/><U17/><E108/><V46/><F35/><W13/><G18/><T110/><D83/><U49/><E79/><V96/><N who="2" m="24576" /><DORA hai="74" /><V15/><F38/><W0/><G64/><T128/><D128/><U75/><E75/><V14/><F14/><W59/><G59/><T4/><D94/><U11/><E93/><V117/><F117/><W111/><G111/><T33/><D88/><U122/><E122/><V7/><F7/><W65/><G65/><T56/><D56/><U105/><E105/><V126/><F126/><W70/><G70/><T92/><D92/><U81/><E81/><V2/><F2/><N who="0" m="522" /><D33/><U58/><E66/><V73/><F73/><W29/><G0/><T60/><D60/><U72/><E72/><V53/><REACH who="2" step="1"/><F77/><REACH who="2" ten="306,235,153,276" step="2"/><W67/><G123/><T109/><D110/><U28/><E11/><AGARI ba="3,3" hai="11,15,16,45,46,51,53,57,84,85,87" m="24576" machi="11" ten="50,24000,3" yaku="1,1,2,1,8,1,54,1,53,4" doraHai="113,74" doraHaiUra="40,43" who="2" fromWho="1" sc="306,0,235,-249,153,279,276,0" owari="306,10.6,-14,-51.4,432,53.2,276,-12.4" /></mjloggm>