<mjloggm ver="2.3"><GO type="41" lobby="0"/><UN n0="%E3%83%AA%E3%83%BC%E3%83%85%E3%83%A2%E3%82%A4%E3%83%83%E3%83%91%E3%83%84" n1="%E2%93%9D%4C%75%63%6B%79%4A" n2="%E3%83%90%E3%83%A9%E3%83%9F%E3%83%86%E3%82%A3" n3="%E3%81%A8%E3%81%97%E3%81%AE%E3%81%B6%40" dan="13,18,15,14" rate="1842.75,2206.73,1968.55,1926.24" sx="M,M,M,M"/><TAIKYOKU oya="0"/><INIT seed="0,0,0,4,0,31" ten="250,250,250,250" oya="0" hai0="42,47,83,98,114,40,112,28,134,13,129,14,67" hai1="56,103,82,26,4,88,37,22,116,133,92,107,94" hai2="20,108,101,91,97,105,81,122,109,93,18,121,23" hai3="135,85,58,19,8,54,2,1,130,71,15,12,59"/><T118/><D118/><U38/><E116/><V51/><F51/><W70/><G135/><T90/><D134/><U27/><E133/><V73/><F18/><W128/><G85/><T113/><D129/><N who="3" m="49769" /><G12/><T7/><D42/><U32/><E107/><V125/><F23/><W10/><G59/><T87/><D67/><U62/><E103/><V61/><F20/><W53/><G53/><T17/><D98/><U65/><E4/><V3/><F61/><N who="3" m="36055" /><G8/><T36/><D7/><U45/><E82/><V57/><F3/><AGARI ba="0,0" hai="1,2,3,10,15,19,70,71" m="36055,49769" machi="3" ten="30,1000,0" yaku="19,1" doraHai="31" who="3" fromWho="2" sc="250,0,250,0,250,-10,250,10" /><INIT seed="1,0,0,0,0,114" ten="250,250,240,260" oya="1" hai0="100,112,11,1,30,74,75,78,133,129,25,123,88" hai1="98,89,33,119,71,83,103,54,62,81,120,128,59" hai2="67,48,70,135,46,52,29,85,37,96,90,40,32" hai3="43,76,20,95,55,118,117,7,66,108,27,9,94"/><U34/><E120/><V82/><F135/><W106/><G106/><T35/><D112/><U111/><E71/><V69/><F67/><W73/><G73/><T26/><D123/><U0/><E0/><V14/><F29/><W99/><G76/><T134/><D129/><U77/><E128/><V10/><F32/><W41/><G55/><T47/><D100/><U38/><E38/><V87/><F96/><W6/><G66/><T8/><D1/><U24/><E119/><N who="3" m="45578" /><G95/><T12/><D47/><U56/><E111/><V105/><F85/><W60/><G60/><T17/><D26/><U127/><E127/><V19/><REACH who="2" step="1"/><F105/><REACH who="2" ten="250,250,230,260" step="2"/><W61/><G108/><T97/><D133/><U45/><E98/><V84/><F84/><W65/><G99/><T2/><D134/><U132/><E132/><V21/><F21/><W15/><G94/><T28/><D28/><U36/><E34/><V58/><AGARI ba="0,1" hai="10,14,19,37,40,46,48,52,58,69,70,82,87,90" machi="58" ten="20,5200,0" yaku="1,1,0,1,7,1,54,1,53,0" doraHai="114" doraHaiUra="18" who="2" fromWho="2" sc="250,-13,250,-26,230,62,260,-13" /><INIT seed="2,0,0,2,0,89" ten="237,224,292,247" oya="2" hai0="65,46,12,27,116,97,110,98,48,69,0,18,47" hai1="75,22,82,37,133,125,42,130,20,109,134,96,107" hai2="119,53,57,51,84,14,122,131,123,15,61,33,101" hai3="87,117,28,3,78,118,58,95,62,128,7,72,38"/><V31/><F119/><W6/><G38/><T127/><D0/><U99/><E37/><V104/><F131/><W43/><G43/><T13/><D116/><U2/><E2/><V1/><F1/><W23/><G128/><T121/><D121/><U19/><E130/><V77/><F104/><W70/><G70/><T76/><D110/><U63/><E42/><V120/><F101/><W56/><G56/><T73/><D127/><U114/><E114/><V86/><F86/><W45/><G45/><T102/><D98/><U79/><E22/><V29/><F29/><W11/><G7/><T113/><D113/><U16/><E19/><V36/><F36/><W40/><G40/><T124/><D124/><U32/><E32/><V105/><F105/><W52/><G72/><T17/><D27/><U90/><E63/><V34/><F34/><W132/><G132/><N who="1" m="50794" /><E109/><V60/><F60/><W44/><G44/><T92/><D46/><U10/><E10/><V50/><F50/><W41/><G41/><T91/><D65/><U81/><E107/><V30/><F30/><W66/><G66/><T74/><D69/><U85/><E125/><V115/><F115/><W93/><G118/><T100/><D18/><U21/><E21/><V54/><F31/><W55/><G55/><T64/><D64/><U71/><E71/><V129/><F33/><W24/><REACH who="3" step="1"/><G117/><REACH who="3" ten="237,224,292,237" step="2"/><T112/><D112/><U59/><E59/><N who="2" m="35055" /><F129/><W49/><G49/><T106/><D48/><U5/><E5/><V108/><F108/><W83/><AGARI ba="0,1" hai="3,6,11,23,24,28,52,58,62,78,83,87,93,95" machi="83" ten="30,12000,2" yaku="1,1,0,1,52,2,54,1,53,1" doraHai="89" doraHaiUra="4" who="3" fromWho="3" sc="237,-30,224,-30,292,-60,237,130" /><INIT seed="3,0,0,5,3,131" ten="207,194,232,367" oya="3" hai0="28,6,19,43,17,127,0,31,67,74,78,113,104" hai1="60,22,23,21,125,117,20,38,54,132,32,26,135" hai2="39,52,82,42,76,3,68,45,94,46,65,49,40" hai3="48,119,102,47,89,72,8,15,73,35,44,87,33"/><W88/><G102/><T29/><D104/><U86/><E38/><V111/><F3/><W103/><G103/><T9/><D67/><U98/><E125/><V36/><F94/><W66/><G66/><T27/><D113/><U107/><E32/><V116/><F82/><W13/><G87/><T77/><D127/><U95/><E107/><V121/><F76/><W105/><G48/><T115/><D115/><U110/><E110/><V128/><F128/><W7/><G105/><T18/><D78/><U130/><E117/><V71/><F116/><W50/><G50/><T97/><D97/><U124/><E124/><V53/><F111/><W59/><G59/><T83/><REACH who="0" step="1"/><D43/><REACH who="0" ten="197,194,232,367" step="2"/><U5/><E130/><V30/><F121/><W112/><G112/><T1/><D1/><U122/><E122/><V16/><F30/><W106/><G106/><T96/><D96/><U129/><E129/><V92/><F92/><W123/><G123/><T25/><AGARI ba="0,1" hai="0,6,9,17,18,19,25,27,28,29,31,74,77,83" machi="25" ten="40,2700,0" yaku="1,1,0,1,53,0" doraHai="131" doraHaiUra="64" who="0" fromWho="0" sc="197,37,194,-7,232,-7,367,-13" /><INIT seed="4,0,0,3,3,12" ten="234,187,225,354" oya="0" hai0="83,16,78,130,47,49,95,101,132,80,4,59,93" hai1="119,84,129,63,85,109,87,42,135,28,100,19,77" hai2="118,38,89,39,122,117,104,23,1,60,43,46,25" hai3="29,5,114,79,41,96,98,8,66,92,134,67,107"/><T11/><D130/><U115/><E109/><V133/><F122/><W126/><G107/><T34/><D34/><U94/><E119/><N who="2" m="45579" /><F1/><W48/><G79/><T71/><D71/><U18/><E129/><V0/><F0/><W53/><G41/><T50/><D132/><U116/><E116/><V64/><F133/><W72/><G72/><T9/><D4/><U58/><E135/><V127/><F127/><W26/><G126/><T13/><D9/><U27/><E42/><V56/><F104/><W14/><G98/><N who="0" m="59599" /><D78/><U22/><E115/><V45/><F89/><W73/><G73/><T131/><D131/><U44/><E44/><N who="2" m="23671" /><F39/><W75/><G75/><T123/><D123/><U99/><REACH who="1" step="1"/><E77/><REACH who="1" ten="234,177,225,354" step="2"/><V120/><F120/><W36/><G134/><T35/><D35/><U10/><E10/><V106/><F106/><W69/><G114/><T108/><D108/><U7/><E7/><V24/><F46/><W20/><G36/><T111/><D111/><U113/><E113/><V125/><F45/><N who="3" m="27791" /><G69/><T86/><D47/><U33/><E33/><V97/><F125/><W74/><G74/><T32/><D32/><U65/><AGARI ba="0,1" hai="18,19,22,27,28,58,63,65,84,85,87,94,99,100" machi="65" ten="30,12000,2" yaku="1,1,0,1,25,2,8,1,52,2,53,0" doraHai="12" doraHaiUra="51" who="1" fromWho="1" sc="234,-60,177,130,225,-30,354,-30" /><INIT seed="5,0,0,2,1,102" ten="174,307,195,324" oya="1" hai0="22,113,55,57,109,108,97,67,122,117,125,43,119" hai1="0,56,94,7,11,31,77,53,8,60,89,12,27" hai2="69,39,26,93,121,28,87,47,75,59,99,61,83" hai3="3,84,14,98,33,37,34,2,17,29,30,133,48"/><U66/><E77/><V101/><F121/><W15/><G37/><T131/><D97/><U46/><E0/><N who="3" m="42" /><G84/><T58/><D22/><U42/><E11/><V19/><F69/><W41/><G41/><T10/><D10/><U70/><E70/><V21/><F75/><W79/><G98/><T85/><D85/><U20/><E94/><V123/><F123/><W82/><G82/><T95/><D95/><U72/><E72/><V6/><F47/><W104/><G48/><T74/><D74/><U116/><E116/><N who="0" m="44617" /><D122/><U62/><E89/><V86/><F39/><W135/><G104/><T111/><D131/><U78/><E78/><V118/><F118/><W13/><G79/><T103/><D103/><U68/><E46/><V4/><F86/><W88/><G88/><T126/><D43/><U16/><REACH who="1" step="1"/><E42/><REACH who="1" ten="174,297,195,324" step="2"/><V5/><F83/><W128/><G128/><T50/><D113/><U120/><E120/><V49/><F87/><W127/><G135/><T64/><D58/><U23/><E23/><V38/><F38/><W112/><G112/><T124/><AGARI ba="0,1" hai="50,55,57,64,67,108,109,111,124,125,126" m="44617" machi="124" ten="50,6400,0" yaku="18,1,34,2" doraHai="102" who="0" fromWho="0" sc="174,74,297,-32,195,-16,324,-16" /><INIT seed="6,0,0,5,5,61" ten="248,265,179,308" oya="2" hai0="78,89,2,120,95,119,16,34,79,123,5,54,81" hai1="3,131,92,42,82,101,74,98,106,68,36,115,60" hai2="118,1,17,19,67,62,132,0,76,20,14,41,33" hai3="130,21,93,121,43,30,117,47,22,13,11,46,90"/><V125/><F118/><W38/><G130/><T40/><D34/><U51/><E51/><V134/><F41/><W100/><G121/><T91/><D119/><U7/><E92/><V15/><F33/><W84/><G30/><T8/><D78/><U83/><E115/><V114/><F114/><W111/><G111/><T86/><D91/><U133/><E133/><V12/><F76/><W65/><G47/><T53/><D53/><U94/><E94/><V32/><F32/><W44/><G44/><T77/><D77/><U122/><E74/><V104/><F104/><W31/><G31/><T103/><D103/><U59/><E68/><V129/><F129/><W9/><G9/><T48/><D40/><U57/><E59/><V27/><F125/><W56/><G100/><T116/><D116/><U26/><E122/><V69/><REACH who="2" step="1"/><F19/><REACH who="2" ten="248,265,169,308" step="2"/><W109/><G117/><T72/><D16/><U75/><E42/><V6/><F6/><W25/><G109/><T4/><D5/><U37/><E7/><V99/><F99/><W52/><G43/><T49/><D123/><U80/><E131/><V113/><F113/><W135/><G135/><AGARI ba="0,1" hai="0,1,12,14,15,17,20,27,62,67,69,132,134,135" machi="135" ten="40,7700,0" yaku="1,1,20,1,52,1,53,0" doraHai="61" doraHaiUra="110" who="2" fromWho="3" sc="248,0,265,0,169,87,308,-77" /><INIT seed="6,1,0,2,1,25" ten="248,265,256,231" oya="2" hai0="60,88,28,126,118,7,76,24,10,21,0,87,74" hai1="133,50,29,109,101,91,90,123,113,86,106,51,120" hai2="53,34,89,84,121,8,98,83,122,97,15,114,111" hai3="38,81,80,31,110,79,44,66,132,42,4,6,12"/><V85/><F34/><W3/><G110/><T96/><D126/><U70/><E70/><V16/><F111/><W104/><G132/><T61/><D118/><U130/><E109/><V134/><F134/><W20/><G104/><T95/><D74/><U93/><E133/><V77/><F114/><W33/><G66/><T135/><D135/><U46/><E91/><V5/><F5/><W17/><G80/><T27/><D76/><U43/><E130/><V119/><F119/><W64/><G64/><T9/><D9/><U65/><E65/><V54/><F121/><N who="1" m="46665" /><E113/><V131/><F131/><W92/><G92/><T73/><D73/><U1/><E1/><V69/><F69/><W41/><G41/><T56/><D56/><U102/><E106/><V116/><F116/><W36/><G36/><T99/><REACH who="0" step="1"/><D24/><REACH who="0" ten="238,265,256,231" step="2"/><U127/><E127/><V75/><F122/><W128/><G128/><T57/><D57/><U78/><E78/><V55/><REACH who="2" step="1"/><F75/><REACH who="2" ten="238,265,246,231" step="2"/><W14/><G3/><T48/><D48/><U40/><E51/><V52/><N who="2" m="13312" /><DORA hai="68" /><V125/><F125/><W108/><G108/><T82/><D82/><AGARI ba="1,2" hai="8,15,16,77,82,83,84,85,89,97,98" m="13312" machi="82" ten="50,12000,1" yaku="1,1,8,1,54,2,53,0" doraHai="25,68" doraHaiUra="112,47" who="2" fromWho="0" sc="238,-123,265,0,246,143,231,0" /><INIT seed="6,2,0,1,3,85" ten="115,265,389,231" oya="2" hai0="90,41,65,116,78,122,30,62,71,32,107,0,61" hai1="97,99,120,89,51,20,80,82,95,93,18,56,13" hai2="4,100,121,37,25,128,106,103,28,115,110,130,16" hai3="50,23,42,96,34,2,113,17,79,87,66,49,27"/><V104/><F37/><W47/><G2/><T102/><D122/><U10/><E120/><V119/><F121/><W73/><G73/><T60/><D116/><U19/><E56/><V43/><F43/><W131/><G131/><N who="2" m="50217" /><F119/><W52/><G34/><T3/><D78/><U11/><E51/><V12/><F4/><W14/><G66/><T59/><D41/><U109/><E109/><V98/><F115/><W8/><G96/><T94/><D102/><N who="2" m="38954" /><F98/><W46/><G113/><T125/><D107/><U64/><E64/><V81/><F81/><N who="3" m="47551" /><G27/><T1/><D125/><U24/><E11/><AGARI ba="2,0" hai="8,11,14,17,23,42,46,47,49,50,52" m="47551" machi="11" ten="30,2000,0" yaku="8,1,54,1" doraHai="85" who="3" fromWho="1" sc="115,0,265,-26,389,0,231,26" /><INIT seed="7,0,0,0,0,124" ten="115,239,389,257" oya="3" hai0="14,51,85,105,83,110,112,88,41,134,53,91,84" hai1="96,42,73,100,87,44,90,16,18,49,17,45,43" hai2="29,115,126,22,24,133,25,122,78,106,93,20,13" hai3="8,27,132,103,129,109,54,10,67,40,61,71,99"/><W97/><G109/><T52/><D105/><U36/><E73/><V77/><F106/><W1/><G132/><T72/><D72/><U66/><E66/><V108/><F108/><W111/><G111/><T127/><D127/><U59/><E59/><V11/><F126/><W128/><G40/><T74/><D74/><U64/><E64/><V48/><F115/><W82/><G82/><T5/><D134/><U32/><E32/><V23/><F122/><W114/><G1/><T98/><D98/><U60/><E60/><V107/><F107/><W15/><G114/><T30/><D110/><U9/><E9/><V55/><F93/><W119/><G119/><T101/><D101/><U104/><REACH who="1" step="1"/><E18/><REACH who="1" ten="115,229,389,257" step="2"/><N who="2" m="10319" /><F11/><W35/><G8/><T70/><D112/><U2/><E2/><V125/><F133/><W38/><G54/><T94/><D70/><U12/><E12/><V75/><F75/><W4/><G38/><T68/><D68/><U33/><E33/><V46/><F125/><W28/><REACH who="3" step="1"/><G99/><REACH who="3" ten="115,229,389,247" step="2"/><T62/><D62/><U58/><E58/><V6/><F55/><W80/><G80/><AGARI ba="0,2" hai="16,17,36,42,43,44,45,49,80,87,90,96,100,104" machi="80" ten="30,7700,0" yaku="1,1,7,1,54,1,53,1" doraHai="124" doraHaiUra="76" who="1" fromWho="3" sc="115,0,229,97,389,0,247,-77" owari="115,-38.5,326,12.6,389,48.9,170,-23.0" /></mjloggm>