<mjloggm ver="2.3"><GO type="41" lobby="0"/><UN n0="%57%61%73%68%69%67%61" n1="%E2%93%9D%4C%75%63%6B%79%4A" n2="%E3%81%9F%E3%81%A4%E3%81%93%E3%81%98" n3="%E7%99%BD%E7%9F%B3%E9%BA%BB%E8%A1%A3%40%E3%82%AC%E3%82%A4%E3%82%B8" dan="13,14,13,15" rate="1905.96,2095.48,1871.95,2020.06" sx="M,M,M,M"/><TAIKYOKU oya="0"/><INIT seed="0,0,0,3,3,111" ten="250,250,250,250" oya="0" hai0="32,5,112,72,27,94,90,105,69,64,78,39,130" hai1="128,48,40,115,17,95,43,2,61,53,62,21,60" hai2="55,29,74,8,6,135,65,107,11,97,58,31,133" hai3="131,13,99,1,26,83,47,85,68,75,116,119,14"/><T114/><D39/><U67/><E2/><V37/><F37/><W86/><G1/><T82/><D130/><U70/><E95/><V38/><F38/><W56/><G68/><T134/><D134/><U9/><E9/><V129/><F65/><W15/><G131/><T25/><D5/><U76/><E76/><V126/><F74/><W7/><G7/><T125/><D125/><U93/><E93/><V59/><F97/><W124/><G56/><T88/><D25/><U110/><E110/><V100/><F100/><W87/><G26/><T35/><D90/><U79/><E79/><V92/><F92/><W106/><G124/><T34/><D27/><U12/><E115/><N who="0" m="44073" /><D88/><U54/><E128/><V91/><F91/><W113/><G113/><T103/><D94/><U16/><E17/><V45/><F107/><W44/><G83/><T30/><D30/><U49/><E70/><V120/><F31/><W57/><G57/><T0/><D0/><U84/><E84/><V20/><F29/><W71/><G71/><T121/><D121/><U46/><REACH who="1" step="1"/><E67/><REACH who="1" ten="250,240,250,250" step="2"/><V18/><F129/><W109/><G109/><T36/><D36/><U3/><E3/><V122/><F126/><W96/><G75/><T123/><D123/><U24/><E24/><V104/><F120/><W42/><G106/><T73/><D73/><U28/><E28/><V108/><F104/><W41/><G99/><N who="0" m="61695" /><D35/><U50/><E50/><V33/><F122/><W51/><G96/><T66/><D66/><U117/><E117/><N who="3" m="45130" /><G51/><T132/><D132/><U80/><E80/><V23/><F133/><W101/><G101/><RYUUKYOKU ba="0,1" sc="250,10,240,10,250,-30,250,10" hai0="32,34,64,69,72,78,82" hai1="12,16,21,40,43,46,48,49,53,54,60,61,62" hai3="13,14,15,41,42,44,47,85,86,87" /><INIT seed="0,1,1,3,0,34" ten="260,250,220,260" oya="0" hai0="12,68,35,7,37,102,27,134,53,74,113,76,39" hai1="106,103,67,89,38,100,66,88,96,18,17,127,1" hai2="9,75,70,130,23,120,44,42,87,111,101,119,58" hai3="84,128,48,94,86,108,78,65,93,51,71,50,11"/><T33/><D113/><U81/><E38/><V132/><F70/><W2/><G108/><T21/><D134/><U55/><E127/><V105/><F75/><W0/><G128/><T118/><D118/><U98/><E55/><V90/><F58/><W19/><G19/><T10/><D68/><U122/><E81/><V29/><F105/><W14/><G71/><T69/><D69/><U110/><E106/><V116/><F101/><W135/><G135/><T131/><D131/><U124/><E124/><V125/><F125/><W4/><G65/><T95/><D39/><U28/><E28/><V61/><F61/><W54/><G54/><T85/><D37/><U117/><E117/><V3/><F9/><W56/><G56/><T32/><D74/><U126/><E126/><V30/><F3/><W36/><G36/><T6/><D53/><U80/><E80/><V52/><F132/><W60/><G78/><T133/><D133/><U20/><E20/><V46/><F111/><W45/><G60/><T79/><D6/><U13/><E13/><V57/><F42/><W121/><G45/><N who="2" m="17513" /><F130/><W72/><G72/><T109/><D109/><U15/><E15/><V91/><F120/><W115/><G121/><T26/><D26/><U25/><E25/><N who="2" m="16575" /><F30/><W49/><G115/><T77/><D102/><U31/><E31/><V8/><F8/><W59/><G0/><T114/><D114/><U97/><E110/><V112/><F112/><W129/><G129/><T104/><D104/><U62/><E122/><V43/><F43/><W41/><G41/><T64/><D35/><U83/><E1/><RYUUKYOKU ba="1,1" sc="260,0,250,0,220,0,260,0" /><INIT seed="1,2,1,3,5,92" ten="260,250,220,260" oya="1" hai0="115,34,29,5,128,11,119,111,131,98,7,13,110" hai1="24,123,95,124,43,104,97,4,3,45,106,67,94" hai2="107,53,83,109,41,21,87,75,68,89,130,116,108" hai3="16,135,28,91,2,80,10,12,112,27,69,76,125"/><U9/><E123/><V103/><F116/><W49/><G112/><T50/><D119/><U66/><E95/><V55/><F68/><W36/><G135/><T32/><D50/><U40/><E124/><V57/><F75/><W30/><G125/><T129/><D98/><U60/><E24/><V133/><F133/><W59/><G69/><T54/><D54/><U101/><E43/><V132/><F132/><W93/><G2/><T46/><D46/><U63/><E63/><V20/><F41/><W1/><G1/><T47/><D47/><U25/><E25/><V39/><F39/><W90/><G36/><T61/><D61/><U52/><E67/><V77/><F130/><W6/><G6/><T48/><D48/><U18/><E18/><V118/><F118/><W37/><G37/><T42/><D42/><U114/><E114/><V56/><F77/><W73/><G27/><N who="0" m="18495" /><D115/><U19/><E19/><V86/><F86/><W127/><G127/><T134/><D134/><U72/><E72/><V74/><F74/><W33/><G33/><T62/><D62/><U58/><REACH who="1" step="1"/><E66/><REACH who="1" ten="260,240,220,260" step="2"/><V96/><F21/><W17/><G17/><N who="0" m="8383" /><D34/><U35/><E35/><V64/><F64/><W120/><G93/><T85/><D85/><U15/><E15/><V8/><F107/><W26/><G73/><T81/><D81/><U78/><E78/><V84/><F83/><W14/><G76/><T22/><D22/><U79/><E79/><V71/><F20/><N who="3" m="13575" /><G80/><T51/><D51/><AGARI ba="2,2" hai="3,4,9,40,45,51,52,58,60,94,97,101,104,106" machi="51" ten="30,12000,1" yaku="1,1,7,1,52,1,54,1,53,1" doraHai="92" doraHaiUra="99" who="1" fromWho="0" sc="260,-126,240,146,220,0,260,0" /><INIT seed="1,3,0,0,5,25" ten="134,386,220,260" oya="1" hai0="127,113,8,14,6,130,107,38,0,119,80,9,24" hai1="28,22,85,104,13,111,57,33,31,97,135,71,128" hai2="114,26,123,29,72,133,69,49,116,96,84,94,93" hai3="126,18,103,10,129,11,32,131,35,41,90,106,61"/><U2/><E71/><V68/><F116/><W92/><G126/><T73/><D119/><U20/><E33/><V112/><F123/><W12/><G41/><T54/><D113/><U5/><E104/><V47/><F72/><W21/><G106/><T62/><D130/><N who="3" m="49673" /><G103/><T77/><D127/><U101/><E2/><V89/><F133/><W124/><G61/><T63/><D107/><U88/><E111/><V86/><F114/><W134/><G124/><T87/><D54/><U100/><E135/><V4/><F4/><W115/><G115/><T46/><D87/><U42/><E42/><V102/><F84/><N who="3" m="52295" /><G134/><T50/><D24/><U109/><E109/><V70/><F112/><W78/><G78/><T120/><D50/><U34/><E101/><V17/><F17/><N who="3" m="8343" /><G11/><T117/><D117/><U40/><E100/><V7/><F7/><W118/><G118/><T51/><D120/><U27/><E5/><V45/><REACH who="2" step="1"/><F49/><REACH who="2" ten="134,386,210,260" step="2"/><W83/><G83/><T82/><D51/><U81/><E81/><V75/><F75/><W1/><G1/><T36/><D82/><U64/><E128/><V74/><F74/><W99/><G99/><T108/><D108/><U91/><E97/><V3/><F3/><W16/><G18/><T79/><D36/><U52/><E85/><V19/><F19/><W65/><G16/><N who="0" m="8263" /><D79/><U110/><E110/><V98/><F98/><W59/><G21/><AGARI ba="3,1" hai="21,26,29,45,47,68,69,70,86,89,93,94,96,102" machi="21" ten="40,2600,0" yaku="1,1,52,1,53,0" doraHai="25" doraHaiUra="53" who="2" fromWho="3" sc="134,0,386,0,210,45,260,-35" /><INIT seed="2,0,0,2,2,18" ten="134,386,255,225" oya="2" hai0="90,91,5,38,44,93,105,124,27,10,129,112,107" hai1="55,45,110,58,66,43,71,77,23,73,89,80,34" hai2="85,60,76,117,102,56,49,121,69,106,46,1,115" hai3="111,103,32,79,36,59,14,82,132,86,131,25,74"/><V41/><F1/><W7/><G36/><T123/><D112/><U95/><E34/><V22/><F121/><W0/><G0/><T128/><D123/><U28/><E110/><V57/><F117/><W75/><G103/><T122/><D122/><U54/><E71/><V39/><F115/><W15/><G111/><T16/><D124/><U65/><E55/><V31/><F102/><W96/><G96/><T63/><D91/><U6/><E6/><V29/><F106/><W19/><G7/><T101/><D101/><U33/><E33/><V62/><F69/><W4/><G4/><T2/><D38/><U48/><E28/><N who="2" m="10827" /><F39/><W119/><G32/><T21/><D44/><U64/><E23/><V70/><F70/><W83/><G74/><T72/><D72/><U118/><E118/><V104/><F104/><W100/><G100/><T13/><D2/><U26/><E26/><V3/><F3/><W20/><G119/><T114/><D114/><U9/><E9/><V52/><F22/><W37/><G37/><T97/><REACH who="0" step="1"/><D63/><REACH who="0" ten="124,386,255,225" step="2"/><N who="2" m="24106" /><F41/><W133/><G75/><T68/><D68/><U17/><E73/><V53/><F53/><W30/><G133/><T113/><D113/><U24/><E43/><V94/><F94/><W50/><G132/><T127/><D127/><U11/><E95/><V78/><F78/><W84/><G79/><T92/><D92/><U98/><E77/><V99/><F99/><W134/><G134/><T116/><D116/><U81/><E98/><V109/><F109/><W42/><G42/><T130/><AGARI ba="0,1" hai="5,10,13,16,21,27,90,93,97,105,107,128,129,130" machi="130" ten="30,12000,2" yaku="1,1,0,1,19,1,52,1,54,1,53,1" doraHai="18" doraHaiUra="8" who="0" fromWho="0" sc="124,130,386,-30,255,-60,225,-30" /><INIT seed="3,0,0,1,3,64" ten="254,356,195,195" oya="3" hai0="19,20,71,9,129,72,104,45,94,41,110,42,30" hai1="36,105,60,12,113,121,7,23,48,135,25,123,39" hai2="122,75,68,67,107,115,63,14,91,55,89,35,108" hai3="83,28,37,46,88,33,112,78,53,118,59,3,90"/><W106/><G112/><T87/><D110/><U65/><E105/><V44/><F115/><W13/><G118/><T117/><D117/><U103/><E113/><V2/><F2/><W1/><G106/><T22/><D104/><U4/><E48/><V40/><F122/><W27/><G13/><T11/><D72/><U81/><E103/><V50/><F75/><W127/><G127/><T49/><D129/><U86/><E135/><V62/><F35/><W125/><G125/><T8/><D71/><U34/><E34/><V24/><F24/><W95/><G46/><T128/><D128/><U77/><E123/><V21/><F107/><W84/><G37/><T119/><D119/><U58/><E121/><V92/><F108/><W56/><G90/><T32/><D32/><U43/><E43/><V61/><F21/><W6/><G6/><T66/><D66/><U126/><E126/><V15/><F89/><W100/><G100/><T98/><D87/><U76/><E77/><V130/><F130/><W17/><G17/><T5/><D30/><U54/><E65/><V57/><REACH who="2" step="1"/><F63/><REACH who="2" ten="254,356,185,195" step="2"/><W80/><G1/><T16/><D22/><U133/><E23/><V29/><F29/><W97/><G3/><T132/><D132/><U116/><E133/><V51/><F51/><W0/><G0/><T82/><D20/><U131/><E131/><V70/><F70/><W134/><G134/><T114/><D114/><U52/><E116/><V102/><F102/><W18/><G33/><T74/><D74/><U109/><E109/><V73/><F73/><W31/><G28/><T99/><D49/><RYUUKYOKU ba="0,1" sc="254,-10,356,-10,185,30,195,-10" hai2="14,15,40,44,50,55,57,61,62,67,68,91,92" /><INIT seed="4,1,1,3,0,24" ten="244,346,215,185" oya="0" hai0="73,18,35,7,111,102,120,6,79,4,115,23,59" hai1="20,124,19,21,62,80,10,94,104,130,29,90,109" hai2="38,58,100,66,72,92,128,47,2,5,82,25,77" hai3="33,121,71,116,70,74,134,0,86,45,15,68,135"/><T133/><D120/><U101/><E109/><V51/><F25/><W110/><G74/><T50/><D115/><U99/><E130/><V34/><F34/><W113/><G0/><T118/><D118/><U76/><E124/><V28/><F28/><W53/><G86/><T123/><D123/><U125/><E62/><V117/><F117/><W37/><G15/><T31/><D133/><N who="3" m="50697" /><G116/><T3/><D111/><U108/><E125/><V105/><F105/><W93/><G93/><T65/><D102/><U56/><E56/><V85/><F128/><W26/><G110/><T54/><D65/><U48/><E48/><V89/><F66/><W81/><G81/><T114/><D114/><U122/><E122/><V96/><F5/><W106/><G121/><T14/><D79/><U32/><E19/><V103/><F2/><W127/><G127/><T91/><D91/><U60/><E60/><V49/><F38/><W17/><G113/><T16/><D18/><U131/><E10/><V40/><F72/><W67/><G106/><T97/><D97/><U46/><E131/><V84/><F84/><W78/><G78/><T132/><D73/><N who="1" m="43023" /><E46/><V12/><F12/><W112/><G112/><T44/><D44/><U43/><E108/><V95/><F95/><W88/><G88/><T27/><D132/><U126/><E126/><V8/><F8/><AGARI ba="1,1" hai="3,4,6,7,8,14,16,23,27,31,35,50,54,59" machi="8" ten="40,12000,1" yaku="24,2,52,1,54,1" doraHai="24" who="0" fromWho="2" sc="244,133,346,0,215,-123,185,0" /><INIT seed="4,2,0,5,5,99" ten="377,346,92,185" oya="0" hai0="11,27,47,87,41,132,51,68,98,74,108,20,107" hai1="111,17,103,22,114,28,2,102,18,135,33,128,40" hai2="94,56,109,106,14,121,3,37,118,85,79,82,57" hai3="120,36,59,119,26,12,42,67,116,76,44,133,126"/><T4/><D132/><U34/><E111/><V92/><F106/><W38/><G76/><T77/><D68/><U72/><E2/><V96/><F3/><W43/><G12/><T130/><D74/><U58/><E40/><V25/><F37/><N who="3" m="14443" /><G26/><T88/><D130/><U66/><E114/><V31/><F121/><W70/><G133/><T112/><D112/><U63/><E72/><V10/><F118/><N who="3" m="45099" /><G120/><T15/><D108/><U104/><E104/><V84/><F109/><W48/><G126/><T1/><D1/><U53/><E34/><V39/><F39/><N who="3" m="21599" /><G43/><T129/><D77/><U93/><E33/><V95/><F25/><W80/><G80/><T32/><D32/><U6/><E6/><V100/><F31/><W125/><G125/><T71/><D107/><U5/><E5/><V75/><F14/><W105/><G70/><T45/><D71/><U7/><E7/><V97/><F10/><W91/><G91/><T16/><D98/><U64/><E135/><V101/><F92/><W62/><G105/><T21/><D20/><U127/><E127/><V24/><F24/><W13/><G13/><T90/><D90/><U115/><E115/><V124/><F124/><W23/><G23/><T60/><D27/><N who="1" m="16503" /><E93/><V83/><F84/><W50/><AGARI ba="2,0" hai="48,50,59,62,67" m="21599,45099,14443" machi="50" ten="40,2700,0" yaku="34,2" doraHai="99" who="3" fromWho="3" sc="377,-15,346,-9,92,-9,185,33" /><INIT seed="5,0,0,4,2,16" ten="362,337,83,218" oya="1" hai0="118,130,24,112,33,96,29,17,122,104,28,81,79" hai1="74,58,60,110,127,39,71,61,41,108,37,73,57" hai2="54,114,92,0,21,131,35,65,50,46,44,6,48" hai3="107,22,87,20,13,26,11,78,55,9,90,4,113"/><U2/><E2/><V106/><F106/><W109/><G109/><N who="1" m="42090" /><E71/><V25/><F35/><W89/><G107/><T42/><D118/><U66/><E41/><V116/><F116/><W18/><G113/><T125/><D112/><U53/><E74/><V105/><F105/><W135/><G135/><T63/><D130/><U32/><E73/><V51/><F114/><W75/><G75/><T123/><D125/><U126/><E32/><V91/><F131/><W23/><G55/><T101/><D42/><U119/><E119/><V64/><F6/><W31/><G78/><T95/><D104/><U86/><E86/><N who="2" m="52343" /><F0/><W62/><G62/><T115/><D115/><U128/><E128/><V132/><F132/><W102/><G102/><T124/><D124/><AGARI ba="0,0" hai="37,39,53,57,58,60,61,66,124,126,127" m="42090" machi="124" ten="30,11600,0" yaku="18,1,10,1,34,2" doraHai="16" who="1" fromWho="0" sc="362,-116,337,116,83,0,218,0" /><INIT seed="5,1,0,1,4,29" ten="246,453,83,218" oya="1" hai0="21,6,39,85,55,15,73,134,126,117,37,58,12" hai1="49,98,8,52,46,75,84,67,104,64,4,116,114" hai2="95,83,135,86,41,110,45,1,112,32,44,102,78" hai3="105,2,81,123,3,56,57,18,63,5,122,100,130"/><U129/><E116/><V26/><F110/><W69/><G69/><T94/><D117/><U108/><E75/><V68/><F68/><W97/><G130/><T82/><D134/><U93/><E104/><V125/><F125/><W72/><G56/><T88/><D126/><U89/><E129/><V118/><F118/><W53/><G123/><T65/><D65/><U40/><E114/><V92/><F135/><W121/><G121/><T0/><D0/><U25/><E108/><V35/><F26/><W91/><G5/><T11/><D82/><U27/><E40/><V13/><F13/><W42/><G42/><T107/><D107/><U51/><E51/><V106/><F1/><W61/><G61/><T79/><D73/><U103/><E27/><V9/><F9/><W23/><G122/><T76/><D39/><U99/><E25/><V62/><F62/><W131/><G91/><T111/><D37/><U109/><E109/><V38/><F45/><W22/><G131/><T90/><D90/><U66/><REACH who="1" step="1"/><E103/><REACH who="1" ten="246,443,83,218" step="2"/><V96/><REACH who="2" step="1"/><F112/><REACH who="2" ten="246,443,73,218" step="2"/><W127/><G127/><T80/><D111/><U128/><E128/><V16/><F16/><W24/><G18/><N who="0" m="10439" /><D80/><U36/><E36/><V133/><F133/><W71/><G24/><T74/><D74/><U10/><E10/><V31/><F31/><W132/><G81/><T54/><D54/><U120/><E120/><V17/><F17/><W33/><G132/><T34/><D34/><AGARI ba="1,2" hai="32,34,35,38,41,44,78,83,86,92,95,96,102,106" machi="34" ten="40,8000,1" yaku="1,1,52,3,53,0" doraHai="29" doraHaiUra="20" who="2" fromWho="0" sc="246,-83,443,0,73,103,218,0" /><INIT seed="6,0,0,1,2,40" ten="163,443,176,218" oya="2" hai0="15,36,112,93,32,81,4,87,61,86,41,96,10" hai1="53,8,108,126,43,58,28,133,21,57,131,105,14" hai2="134,56,37,80,72,115,132,55,22,111,85,34,124" hai3="68,19,125,69,127,48,25,92,97,118,83,67,64"/><V106/><F34/><W1/><G1/><T74/><D112/><U62/><E108/><V54/><F106/><W117/><G83/><T116/><D32/><U128/><E105/><V42/><F115/><W75/><G75/><T3/><D116/><N who="3" m="44649" /><G25/><T33/><D33/><U24/><E133/><N who="2" m="51307" /><F111/><W90/><G19/><T130/><D130/><U7/><E43/><V30/><F72/><W70/><G48/><T107/><D61/><U17/><E126/><AGARI ba="0,0" hai="64,67,68,69,70,90,92,97,125,126,127" m="44649" machi="126" ten="40,1300,0" yaku="18,1" doraHai="40" who="3" fromWho="1" sc="163,0,443,-13,176,0,218,13" /><INIT seed="7,0,0,1,3,89" ten="163,430,176,231" oya="3" hai0="127,58,34,67,64,10,88,118,43,7,126,31,39" hai1="5,76,71,14,27,16,123,22,12,129,134,61,135" hai2="96,62,42,92,72,115,125,120,122,29,8,23,36" hai3="128,69,53,86,56,94,114,48,2,52,19,110,130"/><W131/><G114/><T74/><D118/><U91/><E76/><V21/><F42/><W102/><G110/><T41/><D74/><U117/><E123/><N who="2" m="47147" /><F36/><W106/><G2/><T51/><D31/><U90/><E129/><V73/><F8/><W107/><G69/><T54/><D34/><U98/><E98/><V9/><F9/><W84/><G19/><T57/><D10/><N who="1" m="4431" /><E117/><V68/><F125/><N who="0" m="47626" /><D88/><N who="1" m="33835" /><E61/><V79/><F79/><W25/><G25/><T37/><D7/><U49/><E49/><V59/><F68/><W121/><G121/><T11/><D11/><N who="1" m="6175" /><E71/><V93/><F72/><W17/><G17/><T40/><D58/><U4/><E4/><V112/><F96/><N who="3" m="59671" /><G53/><T66/><AGARI ba="0,0" hai="37,39,40,41,43,51,54,57,64,66,67" m="47626" machi="66" ten="40,5200,0" yaku="18,1,34,2" doraHai="89" who="0" fromWho="0" sc="163,52,430,-13,176,-13,231,-26" owari="215,1.5,417,51.7,163,-33.7,205,-19.5" /></mjloggm>