<mjloggm ver="2.3"><GO type="41" lobby="0"/><UN n0="%E2%93%9D%4C%75%63%6B%79%4A" n1="%E3%81%99%E3%81%91%E3%81%B4%E3%82%87%E3%82%93" n2="%E3%81%97%E3%81%8B%E8%8C%B6" n3="%E7%A8%AE%E3%81%A1%E3%82%83%E3%82%93" dan="16,15,15,13" rate="2158.25,1982.25,2004.51,1812.72" sx="M,M,F,M"/><TAIKYOKU oya="0"/><INIT seed="0,0,0,5,3,96" ten="250,250,250,250" oya="0" hai0="2,18,58,81,15,108,46,123,38,86,51,3,80" hai1="92,125,111,118,1,95,130,70,79,59,25,116,69" hai2="131,97,20,77,120,17,62,7,50,37,14,39,110" hai3="83,117,133,52,94,42,54,107,135,45,91,68,101"/><T6/><D123/><U44/><E1/><V43/><F120/><W67/><G117/><T119/><D119/><U47/><E79/><V124/><F110/><W11/><G83/><T19/><D38/><U28/><E111/><V99/><F131/><W102/><G107/><T65/><D108/><U76/><E76/><V114/><F114/><W100/><G11/><N who="0" m="4599" /><D3/><U126/><E25/><V90/><F124/><W75/><G75/><T31/><D31/><U27/><E27/><V112/><F112/><W4/><G4/><T73/><D73/><U48/><E28/><V29/><F77/><W132/><G68/><T33/><D33/><U84/><E84/><V85/><F62/><W12/><G12/><T23/><D2/><U113/><E113/><V103/><F29/><W13/><G13/><N who="0" m="9711" /><D18/><U63/><E63/><V24/><F7/><W36/><G67/><T93/><D58/><U64/><E59/><V122/><F122/><W74/><G74/><T66/><D93/><U87/><E87/><AGARI ba="0,0" hai="36,42,45,52,54,87,91,94,100,101,102,132,133,135" machi="87" ten="50,8000,1" yaku="20,1,52,3,54,1" doraHai="96" who="3" fromWho="1" sc="250,0,250,-80,250,0,250,80" /><INIT seed="1,0,0,1,4,9" ten="250,170,250,330" oya="1" hai0="125,4,42,44,112,62,19,94,92,45,108,18,71" hai1="65,33,6,35,3,120,69,36,76,38,5,91,0" hai2="66,55,70,12,40,79,50,16,64,78,14,7,121" hai3="99,95,102,8,31,130,97,126,29,128,39,115,132"/><U81/><E91/><V113/><F70/><W13/><G115/><T85/><D125/><U60/><E120/><V124/><F121/><W110/><G126/><T87/><D4/><U27/><E6/><V83/><F124/><W88/><G39/><T54/><D71/><U114/><E114/><V73/><F40/><W22/><G132/><T135/><D108/><U119/><E119/><V133/><F113/><W96/><G110/><T86/><D135/><U48/><E48/><V80/><F133/><W63/><G128/><T15/><D19/><U129/><E129/><V106/><F106/><W51/><G130/><T104/><D104/><U20/><E20/><V17/><F7/><W28/><G63/><T46/><D42/><U21/><E21/><V111/><F111/><W98/><G102/><T100/><D100/><U122/><E122/><V123/><F123/><W103/><G103/><T56/><REACH who="0" step="1"/><D112/><REACH who="0" ten="240,170,250,330" step="2"/><U30/><E5/><V118/><F118/><W67/><G67/><T47/><N who="0" m="11264" /><DORA hai="101" /><T41/><D41/><U43/><E43/><V49/><REACH who="2" step="1"/><F55/><REACH who="2" ten="240,170,240,330" step="2"/><W89/><N who="3" m="24576" /><DORA hai="131" /><W25/><G51/><T90/><D90/><N who="3" m="34921" /><G95/><T10/><AGARI ba="0,2" hai="10,15,18,54,56,62,85,86,87,92,94" m="11264" machi="10" ten="50,8000,1" yaku="1,1,0,1,8,1,52,1,53,0" doraHai="9,101,131" doraHaiUra="1,32,117" who="0" fromWho="0" sc="240,100,170,-40,240,-20,330,-20" /><INIT seed="2,0,0,3,0,6" ten="340,130,220,310" oya="2" hai0="29,124,48,83,88,10,56,20,81,60,101,40,51" hai1="1,55,97,5,24,115,122,100,34,65,127,94,117" hai2="76,44,46,110,47,82,130,112,17,99,75,95,113" hai3="119,106,84,121,107,114,59,116,13,77,8,128,45"/><V111/><F130/><W58/><G121/><T66/><D101/><U74/><E74/><V27/><F27/><W23/><G128/><T64/><D124/><U92/><E117/><V31/><F17/><W57/><G114/><T90/><D40/><U132/><E115/><V103/><REACH who="2" step="1"/><F31/><REACH who="2" ten="340,130,210,310" step="2"/><W4/><G116/><T38/><D29/><U79/><E24/><V108/><AGARI ba="0,1" hai="44,46,47,75,76,82,95,99,103,108,110,111,112,113" machi="108" ten="40,12000,1" yaku="1,1,2,1,0,1,14,1,10,1,53,0" doraHai="6" doraHaiUra="85" who="2" fromWho="2" sc="340,-40,130,-40,210,130,310,-40" /><INIT seed="2,1,0,0,1,64" ten="300,90,340,270" oya="2" hai0="8,127,121,108,48,100,117,61,129,115,47,28,0" hai1="109,74,119,84,44,116,35,53,19,22,86,33,16" hai2="46,130,124,78,54,85,60,21,49,41,58,97,118" hai3="89,72,2,18,5,81,95,42,82,111,102,51,9"/><V31/><F118/><W4/><G111/><T50/><D115/><U71/><E74/><V25/><F130/><W123/><G123/><T106/><D28/><U10/><E109/><V98/><REACH who="2" step="1"/><F124/><REACH who="2" ten="300,90,330,270" step="2"/><W34/><G34/><T43/><D127/><U24/><E35/><V11/><F11/><W39/><G9/><T101/><D8/><U65/><E33/><V67/><F67/><W17/><G2/><T110/><D0/><U59/><E116/><V125/><F125/><W105/><G4/><T15/><D129/><U70/><E119/><V80/><AGARI ba="1,1" hai="21,25,31,41,46,49,54,58,60,78,80,85,97,98" machi="80" ten="30,6000,0" yaku="1,1,0,1,8,1,53,0" doraHai="64" doraHaiUra="7" who="2" fromWho="2" sc="300,-21,90,-21,330,73,270,-21" /><INIT seed="2,2,0,4,2,7" ten="279,69,403,249" oya="2" hai0="49,34,38,31,45,36,47,9,130,78,131,59,112" hai1="126,128,110,24,109,33,39,52,20,30,67,58,86" hai2="80,12,28,10,61,14,57,76,19,79,99,119,17" hai3="50,11,92,16,95,107,75,64,56,118,97,70,94"/><V3/><F119/><W123/><G118/><T27/><D78/><U77/><E39/><N who="0" m="14889" /><D112/><U113/><E113/><V114/><F114/><W122/><G107/><T0/><D59/><U26/><E67/><V42/><F3/><W6/><G70/><T54/><D54/><U55/><E126/><V8/><F28/><W73/><G97/><T117/><D49/><U51/><E128/><N who="0" m="49193" /><D117/><U41/><E41/><V46/><F99/><W111/><G6/><AGARI ba="2,0" hai="0,6,9,27,31,34,45,47" m="49193,14889" machi="6" ten="30,2000,0" yaku="19,1,52,1" doraHai="7" who="0" fromWho="3" sc="279,26,69,0,403,0,249,-26" /><INIT seed="3,0,0,2,5,40" ten="305,69,403,223" oya="3" hai0="85,133,78,72,110,115,13,49,70,48,4,34,61" hai1="90,43,82,118,31,116,10,53,58,17,22,7,27" hai2="127,36,80,105,109,0,69,102,114,2,42,33,100" hai3="131,21,126,71,67,20,97,95,59,93,6,125,39"/><W14/><G71/><T88/><D34/><U122/><E122/><V19/><F80/><W86/><G86/><T117/><D117/><U73/><E31/><V76/><F76/><W87/><G87/><T65/><D133/><U55/><E43/><V75/><F100/><W101/><G95/><T15/><D110/><U111/><E111/><V29/><F102/><W121/><G121/><T18/><D115/><U81/><E90/><V56/><F19/><W103/><G103/><T89/><D4/><U77/><E82/><V129/><F29/><W1/><G1/><T11/><D15/><U23/><E23/><V63/><F42/><W92/><G92/><T38/><D38/><U113/><E113/><V25/><F25/><W98/><G98/><T46/><D49/><U64/><E64/><V94/><F94/><W104/><G104/><T8/><D11/><U57/><E57/><V107/><F56/><W68/><G68/><T3/><D3/><U135/><E135/><V47/><F63/><N who="3" m="38399" /><G39/><T41/><REACH who="0" step="1"/><D85/><REACH who="0" ten="295,69,403,223" step="2"/><U96/><E96/><V51/><F51/><W134/><G134/><T32/><D32/><U74/><E74/><V124/><F0/><W52/><G125/><T119/><D119/><N who="1" m="45611" /><E58/><V5/><F124/><W16/><G126/><T106/><D106/><U9/><E9/><V108/><F127/><W62/><G6/><T99/><D99/><U54/><E10/><V35/><F5/><AGARI ba="0,1" hai="5,7,17,22,27,53,54,55,73,77,81" m="45611" machi="5" ten="30,1000,0" yaku="12,1" doraHai="40" who="1" fromWho="2" sc="295,0,69,20,403,-10,223,0" /><INIT seed="4,0,0,4,0,78" ten="295,89,393,223" oya="0" hai0="69,0,1,90,109,134,116,34,24,130,99,88,89" hai1="45,126,120,113,11,72,15,58,60,20,65,41,44" hai2="56,96,110,23,82,8,25,7,107,53,104,112,79" hai3="46,19,36,64,37,2,70,93,121,131,108,133,22"/><T10/><D116/><U12/><E72/><V3/><F110/><W33/><G22/><T122/><D122/><U100/><E120/><V123/><F123/><W76/><G19/><T83/><D69/><U49/><E126/><V128/><F112/><W124/><G64/><T9/><D109/><U35/><E35/><V30/><F96/><W132/><G46/><T115/><D134/><U32/><E32/><V63/><REACH who="2" step="1"/><F128/><REACH who="2" ten="295,89,383,223" step="2"/><W38/><G132/><T21/><D115/><U40/><E113/><V43/><F43/><W54/><G133/><T91/><D130/><U102/><E20/><V74/><AGARI ba="0,1" hai="3,7,8,23,25,30,53,56,63,74,79,82,104,107" machi="74" ten="20,8000,1" yaku="1,1,0,1,7,1,52,1,53,1" doraHai="78" doraHaiUra="52" who="2" fromWho="2" sc="295,-40,89,-20,383,90,223,-20" /><INIT seed="5,0,0,1,1,40" ten="255,69,473,203" oya="1" hai0="23,122,74,115,11,6,54,44,1,7,32,38,62" hai1="130,26,45,75,42,96,79,72,70,77,114,19,60" hai2="29,69,13,59,28,112,25,91,47,109,93,87,134" hai3="71,123,80,30,49,4,116,58,53,82,35,94,89"/><U135/><E130/><V37/><F109/><W118/><G71/><T121/><D7/><U117/><E117/><V92/><F69/><W21/><G35/><T17/><D74/><U52/><E135/><V129/><F129/><W39/><G39/><T46/><D32/><U61/><E114/><V119/><F119/><N who="3" m="45611" /><G4/><T27/><D115/><U9/><E96/><V48/><F112/><W2/><G2/><T12/><D38/><U81/><E70/><V104/><F104/><W15/><G123/><N who="0" m="47115" /><D1/><U43/><E9/><V83/><F37/><W90/><G90/><T22/><D23/><U0/><E0/><V3/><F3/><W24/><G15/><T51/><D62/><U120/><E120/><V34/><F28/><W124/><G124/><T56/><AGARI ba="0,0" hai="6,11,12,17,22,27,44,46,51,54,56" m="47115" machi="56" ten="30,4000,0" yaku="13,1,52,2" doraHai="40" who="0" fromWho="0" sc="255,40,69,-20,473,-10,203,-10" /><INIT seed="6,0,0,0,2,84" ten="295,49,463,193" oya="2" hai0="22,92,66,35,119,134,43,114,97,77,111,64,71" hai1="37,68,44,30,98,95,63,40,130,50,122,79,113" hai2="14,5,26,47,20,52,69,117,60,15,86,38,70" hai3="2,104,82,132,42,76,23,120,58,61,41,51,123"/><V93/><F117/><W126/><G2/><T83/><D35/><U99/><E122/><V81/><F38/><W72/><G104/><T12/><D111/><U65/><E130/><V78/><F5/><W85/><G132/><T0/><D71/><U4/><E113/><V19/><F69/><W124/><G72/><T80/><D0/><U94/><E4/><V129/><F129/><W3/><G3/><T24/><D43/><U116/><E116/><V46/><F70/><W16/><G120/><T110/><D83/><U8/><E8/><V106/><F106/><W25/><G123/><T102/><D110/><U125/><E125/><V74/><F74/><W36/><G36/><T9/><D114/><U59/><E79/><V62/><F93/><W121/><G121/><T115/><D134/><U128/><E128/><V55/><F46/><W112/><G112/><T11/><D11/><U56/><E30/><V127/><F127/><N who="3" m="48683" /><G51/><T54/><D119/><U29/><E29/><V108/><F108/><W1/><G1/><T109/><D109/><U7/><E7/><V105/><F105/><W17/><G17/><T133/><D133/><U107/><E107/><V53/><F47/><W100/><G100/><T18/><D115/><U10/><E10/><V31/><REACH who="2" step="1"/><F14/><REACH who="2" ten="295,49,453,193" step="2"/><W67/><AGARI ba="0,1" hai="16,23,25,41,42,58,61,67,76,82,85" m="48683" machi="67" ten="30,2000,0" yaku="18,1,54,1" doraHai="84" who="3" fromWho="3" sc="295,-5,49,-5,453,-10,193,30" /><INIT seed="7,0,0,4,5,107" ten="290,44,443,223" oya="3" hai0="32,19,38,57,72,95,132,42,10,89,52,2,116" hai1="64,48,23,76,92,1,128,114,98,9,85,110,60" hai2="25,67,83,17,97,4,34,71,16,121,117,63,49" hai3="6,26,5,13,100,115,46,30,104,27,56,90,33"/><W78/><G115/><T113/><D32/><U111/><E114/><V88/><F117/><W35/><G90/><T14/><D113/><U55/><E128/><V69/><F4/><W41/><G56/><T62/><D116/><U61/><E23/><V134/><F121/><W74/><G13/><T12/><D72/><U126/><E126/><V106/><F134/><W50/><G33/><T93/><D2/><U91/><E1/><V123/><F49/><W53/><G53/><T65/><D132/><U28/><E28/><N who="2" m="19727" /><F69/><W80/><REACH who="3" step="1"/><G27/><REACH who="3" ten="290,44,443,213" step="2"/><T82/><D14/><U31/><E55/><V8/><F123/><W0/><G0/><T118/><D89/><U7/><E91/><V102/><F88/><W130/><G130/><T40/><D57/><U119/><E119/><V45/><F71/><W11/><G11/><T29/><D10/><U77/><E9/><V3/><F8/><W15/><G15/><T66/><D12/><U36/><E7/><V59/><F59/><W81/><G81/><T135/><D82/><U39/><E64/><V127/><F67/><W86/><G86/><T124/><D66/><U129/><E85/><V58/><F83/><W96/><AGARI ba="0,1" hai="5,6,26,30,35,41,46,50,74,78,80,96,100,104" machi="96" ten="30,11700,0" yaku="1,1,0,1,52,1,53,1" doraHai="107" doraHaiUra="44" who="3" fromWho="3" sc="290,-39,44,-39,443,-39,213,127" /><INIT seed="7,1,0,3,3,43" ten="251,5,404,340" oya="3" hai0="80,110,70,81,127,87,97,4,40,37,84,44,129" hai1="18,17,38,117,26,107,122,85,39,86,76,88,22" hai2="113,67,123,79,132,31,10,12,28,126,77,13,52" hai3="112,93,60,115,133,57,7,23,63,19,49,64,34"/><W5/><G34/><T41/><D110/><U35/><E107/><V104/><F104/><W89/><G133/><T46/><D70/><U51/><E122/><V131/><F123/><W69/><G112/><T72/><D127/><U116/><E35/><V118/><F118/><N who="1" m="45673" /><E18/><V98/><F113/><W75/><G75/><T59/><D129/><U8/><E8/><V11/><F67/><W106/><G106/><T102/><D59/><U9/><E9/><V94/><F131/><W58/><G115/><T50/><D4/><U109/><E109/><V3/><F3/><W100/><G100/><T53/><D53/><U16/><E17/><N who="2" m="8343" /><F52/><N who="3" m="33831" /><G49/><T73/><D97/><U65/><E65/><V56/><F56/><W33/><G33/><T91/><REACH who="0" step="1"/><D102/><REACH who="0" ten="241,5,404,340" step="2"/><U2/><E2/><V54/><F126/><W42/><G69/><T62/><D62/><U135/><E135/><V29/><F54/><W103/><G103/><T30/><D30/><U15/><E26/><V124/><F124/><W128/><G128/><T36/><D36/><U125/><E125/><V120/><F120/><W47/><G5/><T90/><AGARI ba="1,1" hai="37,40,41,44,46,50,72,73,80,81,84,87,90,91" machi="90" ten="20,16000,3" yaku="1,1,0,1,7,1,9,1,52,2,53,2" doraHai="43" doraHaiUra="83" who="0" fromWho="0" sc="241,173,5,-41,404,-41,340,-81" owari="414,51.4,-36,-53.6,363,16.3,259,-14.1" /></mjloggm>