<mjloggm ver="2.3"><GO type="41" lobby="0"/><UN n0="%E2%93%9D%4C%75%63%6B%79%4A" n1="%E9%9A%BC%E4%BA%BA%E7%84%A1%E5%8F%8C" n2="%E7%8E%84%E7%B1%B3%E8%8C%B6%E3%81%AE%E9%81%8E%E5%89%B0%E6%91%82%E5%8F%96" n3="%E7%B3%96%E5%BF%83%E8%A9%B1%E6%A2%85" dan="17,14,14,15" rate="2169.39,1870.29,1984.20,2041.46" sx="M,M,M,F"/><TAIKYOKU oya="0"/><INIT seed="0,0,0,2,1,5" ten="250,250,250,250" oya="0" hai0="64,121,87,101,95,79,10,88,130,116,75,21,69" hai1="38,12,124,72,103,4,73,74,93,56,104,112,135" hai2="71,27,102,119,60,36,62,98,120,48,24,30,26" hai3="33,99,14,63,66,23,1,19,85,32,110,111,118"/><T55/><D121/><U132/><E38/><V86/><F120/><W61/><G118/><T20/><D116/><U76/><E56/><V128/><F119/><W70/><G1/><T115/><D115/><U51/><E51/><V82/><F36/><W131/><G131/><T18/><D130/><U83/><E12/><V25/><F128/><W46/><G46/><T123/><D123/><U90/><E4/><V92/><F48/><W7/><G7/><T109/><D109/><N who="3" m="41481" /><G63/><T47/><D75/><N who="1" m="43423" /><E112/><V41/><F41/><W107/><G85/><T122/><D69/><U106/><E124/><V34/><REACH who="2" step="1"/><F71/><REACH who="2" ten="250,250,240,250" step="2"/><W39/><G39/><T105/><D122/><U6/><E6/><V117/><F117/><W28/><G28/><T58/><D18/><U3/><E3/><V13/><F13/><W54/><G54/><T44/><D55/><U96/><E106/><V89/><AGARI ba="0,1" hai="24,25,26,27,30,34,60,62,82,86,89,92,98,102" machi="89" ten="30,4000,0" yaku="1,1,0,1,53,1" doraHai="5" doraHaiUra="91" who="2" fromWho="2" sc="250,-20,250,-10,240,50,250,-10" /><INIT seed="1,0,0,1,1,122" ten="230,240,290,240" oya="1" hai0="60,104,133,134,130,87,62,127,29,116,44,11,55" hai1="72,0,25,45,96,28,49,89,56,103,16,40,53" hai2="4,70,2,132,1,111,128,115,12,119,117,101,82" hai3="121,100,24,38,7,8,26,83,42,114,47,54,71"/><U13/><E0/><V98/><F70/><W86/><G121/><T94/><D104/><U32/><E72/><V131/><F132/><N who="0" m="50794" /><D29/><U57/><E89/><V37/><F37/><W93/><G71/><T20/><D20/><U125/><E125/><V58/><F115/><W99/><G114/><T39/><D11/><U68/><E68/><V92/><F82/><W84/><G54/><T51/><D94/><U97/><E57/><V18/><F58/><W15/><REACH who="3" step="1"/><G84/><REACH who="3" ten="230,240,290,230" step="2"/><T126/><D87/><U74/><E74/><V78/><F119/><W107/><G107/><T31/><D116/><U91/><E103/><V59/><F117/><W120/><G120/><T67/><D67/><U95/><E97/><V34/><F101/><W109/><G109/><T46/><D130/><U113/><E113/><V77/><F111/><W88/><AGARI ba="0,1" hai="7,8,15,24,26,38,42,47,83,86,88,93,99,100" machi="88" ten="20,5200,0" yaku="1,1,0,1,7,1,54,1,53,0" doraHai="122" doraHaiUra="30" who="3" fromWho="3" sc="230,-13,240,-26,290,-13,230,62" /><INIT seed="2,0,0,5,3,36" ten="217,214,277,292" oya="2" hai0="52,57,0,111,89,97,90,9,72,65,123,28,44" hai1="1,105,71,45,64,113,129,2,15,80,99,3,54" hai2="22,69,121,130,132,107,14,100,43,70,76,96,126" hai3="63,62,13,75,47,33,66,68,106,101,26,34,61"/><V94/><F121/><W5/><G75/><T77/><D123/><U12/><E113/><V59/><F130/><W81/><G81/><T11/><D111/><U83/><E129/><V119/><F119/><W115/><G115/><T53/><D28/><U125/><E125/><V17/><F126/><W82/><G82/><T18/><D72/><U91/><E64/><V114/><F114/><W117/><G117/><T86/><D0/><U87/><E71/><V39/><F132/><W127/><G127/><T56/><D65/><U30/><E30/><V84/><F76/><W128/><G128/><T46/><D97/><U10/><E15/><V7/><F7/><W55/><G33/><T133/><D18/><U41/><E83/><V29/><F29/><N who="3" m="19767" /><G47/><T120/><D120/><U40/><E105/><V21/><F21/><W78/><G78/><T35/><D35/><U109/><E99/><V32/><F59/><W58/><G13/><T24/><D77/><U27/><E27/><V122/><F32/><W135/><G5/><T60/><D24/><U110/><E110/><V124/><F124/><W116/><G116/><T49/><D133/><U31/><E31/><V74/><F74/><W92/><G135/><T112/><D112/><U102/><E102/><V103/><F122/><W93/><G63/><T38/><D90/><U131/><E131/><V6/><F103/><W79/><G79/><T16/><D16/><N who="1" m="8215" /><E109/><V95/><F6/><W4/><G4/><T134/><D134/><U20/><E20/><V85/><F95/><N who="3" m="36427" /><G101/><T23/><D23/><U104/><E104/><V25/><F14/><RYUUKYOKU ba="0,0" sc="217,-15,214,15,277,-15,292,15" hai1="1,2,3,40,41,45,54,80,87,91" hai3="55,58,61,62,66,68,106" /><INIT seed="3,1,0,1,0,41" ten="202,229,262,307" oya="3" hai0="85,48,73,100,24,111,28,31,118,98,35,91,129" hai1="16,43,132,112,2,121,63,4,42,108,133,94,32" hai2="27,68,95,0,53,65,18,81,113,96,20,69,71" hai3="103,62,77,127,60,70,122,57,75,9,8,80,74"/><W131/><G122/><T109/><D118/><U59/><E121/><V61/><F113/><W47/><G75/><T64/><D31/><U14/><E112/><V84/><F0/><W106/><G131/><T134/><D73/><U40/><E32/><V29/><F29/><W58/><G127/><T97/><D64/><U45/><E108/><N who="0" m="41545" /><D129/><U105/><E105/><V76/><REACH who="2" step="1"/><F53/><REACH who="2" ten="202,229,252,307" step="2"/><W5/><G106/><T34/><D35/><U114/><E114/><V7/><F7/><W55/><G5/><T26/><D28/><U39/><E4/><V37/><F37/><W93/><G55/><T107/><D34/><U52/><E2/><V19/><F19/><W56/><G62/><T66/><D48/><U79/><E79/><V30/><F30/><W22/><G60/><T123/><D123/><U90/><E133/><V38/><F38/><W110/><G77/><T82/><D134/><U116/><E116/><V101/><AGARI ba="1,1" hai="18,20,27,61,65,68,69,71,76,81,84,95,96,101" machi="101" ten="20,2700,0" yaku="1,1,0,1,7,1,53,0" doraHai="41" doraHaiUra="115" who="2" fromWho="2" sc="202,-8,229,-8,252,40,307,-14" /><INIT seed="4,0,0,1,3,23" ten="194,221,292,293" oya="0" hai0="110,12,14,53,98,31,50,26,34,36,16,72,105" hai1="21,83,88,135,101,106,57,64,28,13,118,55,116" hai2="108,18,0,61,93,99,39,84,19,51,126,70,25" hai3="102,15,56,44,40,122,38,1,58,22,27,42,104"/><T97/><D36/><U96/><E135/><V65/><F39/><W11/><G1/><T54/><D72/><U80/><E64/><V133/><F108/><W8/><G42/><T81/><D110/><U47/><E47/><V86/><F133/><W125/><G125/><T5/><D81/><U46/><E46/><V132/><F132/><W9/><G15/><T94/><D105/><U109/><E109/><V37/><F37/><W78/><G78/><T117/><D117/><U74/><E83/><V69/><F0/><W121/><G102/><T60/><D14/><U77/><E88/><V85/><F51/><W127/><G104/><T49/><D5/><U33/><E33/><V107/><F126/><W2/><G2/><T73/><D73/><U43/><E43/><V66/><F107/><W41/><G41/><T68/><D68/><U134/><E134/><V7/><F7/><W131/><G131/><T30/><D31/><U35/><E35/><V4/><F4/><W71/><G71/><T10/><D60/><U52/><E55/><V82/><F82/><W113/><G113/><T59/><REACH who="0" step="1"/><D94/><REACH who="0" ten="184,221,292,293" step="2"/><U90/><E13/><V114/><F114/><W3/><G3/><T129/><D129/><U79/><E118/><V63/><REACH who="2" step="1"/><F25/><REACH who="2" ten="184,221,282,293" step="2"/><W100/><G127/><T115/><D115/><U87/><E116/><V123/><F123/><W119/><G119/><T130/><D130/><U120/><E120/><V91/><AGARI ba="0,2" hai="18,19,61,63,65,66,69,70,84,85,86,91,93,99" machi="91" ten="30,4000,0" yaku="1,1,0,1,9,1,53,0" doraHai="23" doraHaiUra="6" who="2" fromWho="2" sc="184,-20,221,-10,282,60,293,-10" /><INIT seed="5,0,0,1,1,67" ten="164,211,342,283" oya="1" hai0="1,97,26,5,91,118,21,87,78,134,133,96,25" hai1="70,126,40,110,117,113,63,8,76,57,45,72,77" hai2="54,83,102,4,44,93,7,47,38,71,53,115,60" hai3="75,16,74,92,30,107,84,50,64,61,86,51,128"/><U66/><E117/><V58/><F115/><W46/><G107/><T18/><D78/><U125/><E113/><V29/><F29/><W68/><G128/><T33/><D87/><U0/><E110/><V22/><F38/><W65/><G65/><T56/><D91/><U48/><E72/><V127/><F127/><N who="1" m="48649" /><E57/><N who="2" m="34863" /><F71/><W109/><G109/><T35/><D56/><U19/><E0/><V24/><F83/><W94/><G30/><T12/><D97/><U103/><E103/><V31/><F4/><W37/><G37/><T123/><D96/><U101/><E101/><V95/><F7/><W80/><G50/><T112/><D118/><U43/><E43/><V82/><F82/><W34/><G34/><N who="0" m="12811" /><D123/><U59/><E59/><V90/><F102/><W10/><G84/><T39/><D39/><U131/><E131/><V11/><F11/><W13/><G75/><T121/><D121/><U122/><E122/><V27/><F27/><N who="0" m="10250" /><D112/><U41/><E41/><V100/><F100/><W69/><G69/><T6/><D1/><U15/><AGARI ba="0,0" hai="8,15,19,40,45,48,63,66,70,76,77" m="48649" machi="15" ten="30,3000,0" yaku="18,1,52,1" doraHai="67" who="1" fromWho="1" sc="164,-10,211,30,342,-10,283,-10" /><INIT seed="5,1,0,0,5,60" ten="154,241,332,273" oya="1" hai0="66,28,54,120,43,107,128,38,133,113,103,114,90" hai1="85,20,132,16,69,50,4,127,62,67,112,13,134" hai2="35,118,12,126,71,76,96,11,70,57,104,125,68" hai3="101,2,124,39,73,42,15,119,65,47,99,80,123"/><U64/><E112/><N who="0" m="43113" /><D28/><U87/><E127/><N who="2" m="48651" /><F118/><W89/><G124/><T56/><D90/><U29/><E4/><N who="2" m="3175" /><F35/><W23/><G123/><T110/><D103/><U14/><E29/><V46/><F46/><W24/><G2/><T109/><D107/><U77/><E13/><V111/><F111/><N who="0" m="42506" /><D133/><N who="1" m="51307" /><E77/><V8/><F8/><W100/><G15/><T106/><D106/><U78/><E78/><V34/><F34/><W9/><G9/><T33/><D33/><U18/><E18/><V63/><F76/><W84/><G73/><T98/><D98/><U27/><E27/><V36/><F36/><W30/><G119/><T6/><D6/><U117/><E117/><V51/><F51/><W10/><G10/><T94/><D120/><U135/><N who="1" m="51315" /><U17/><DORA hai="95" /><E17/><V86/><F86/><N who="1" m="32777" /><E50/><V26/><F26/><W55/><G101/><T81/><D38/><U5/><E5/><V45/><F45/><W97/><G100/><T53/><D81/><U121/><E121/><V0/><F0/><W19/><G30/><T129/><D129/><U1/><E1/><V108/><F108/><W21/><G21/><T41/><D128/><U116/><E116/><V52/><F104/><W31/><G31/><T88/><D88/><U25/><E25/><V48/><F48/><W40/><G40/><N who="0" m="15435" /><D94/><U3/><E3/><V83/><F83/><W131/><G131/><T74/><D74/><U82/><E82/><V59/><F96/><W115/><G115/><T37/><D37/><U58/><E69/><V92/><F92/><W105/><G105/><T75/><D75/><U93/><E93/><RYUUKYOKU ba="1,0" sc="154,10,241,10,332,10,273,-30" hai0="53,54,56,66" hai1="14,16,20,58,62,64,67" hai2="52,57,59,63,68,70,71" /><INIT seed="5,2,0,5,0,34" ten="164,251,342,243" oya="1" hai0="135,58,53,26,132,1,114,16,63,68,15,90,41" hai1="64,48,96,31,88,71,115,105,14,120,70,65,42" hai2="23,81,99,124,121,103,3,101,86,94,82,74,73" hai3="2,38,117,24,0,118,17,20,8,62,84,79,123"/><U43/><E120/><V32/><F32/><W100/><G123/><T5/><D41/><U44/><E115/><V47/><F121/><W35/><G38/><T122/><D122/><U76/><E76/><V80/><F23/><W85/><G100/><N who="2" m="38473" /><F3/><N who="3" m="1067" /><G79/><T60/><D114/><U28/><E105/><V69/><F47/><W13/><G62/><T19/><D15/><U78/><E78/><N who="2" m="46359" /><F69/><W93/><G93/><T133/><D26/><U21/><E31/><V131/><F131/><W40/><G40/><T92/><D63/><U102/><E43/><V129/><F129/><W9/><G85/><N who="0" m="52303" /><D68/><U109/><E109/><V83/><F124/><W30/><G84/><T116/><D116/><AGARI ba="2,0" hai="8,9,13,17,20,24,30,35,116,117,118" m="1067" machi="116" ten="30,12000,2" yaku="12,1,34,2,52,3" doraHai="34" who="3" fromWho="0" sc="164,-126,251,0,342,0,243,126" /><INIT seed="6,0,0,2,5,17" ten="38,251,342,369" oya="2" hai0="52,111,121,60,64,65,119,14,77,91,11,131,72" hai1="15,123,40,66,88,106,50,31,108,10,67,58,116" hai2="122,89,114,105,110,54,20,107,84,45,125,55,129" hai3="120,30,93,109,16,19,0,51,104,70,18,85,73"/><V2/><F122/><W61/><G0/><T48/><D121/><U35/><E108/><V90/><F110/><W8/><G120/><T9/><D111/><U130/><E123/><V36/><F114/><W101/><G109/><T128/><D77/><U6/><E116/><V118/><F118/><W7/><G73/><T71/><D72/><U33/><E106/><V115/><F115/><W24/><G104/><T74/><D74/><U49/><E130/><N who="0" m="49705" /><D91/><U56/><E31/><V83/><F2/><W75/><G75/><T82/><D82/><U134/><E134/><V34/><F34/><W86/><G51/><T21/><D65/><U3/><E3/><V47/><F125/><W100/><G61/><T26/><D14/><U39/><E39/><V81/><F129/><W124/><G70/><T22/><D119/><U133/><E133/><V43/><F20/><N who="0" m="7786" /><D26/><U12/><E6/><V44/><F36/><W96/><G124/><T80/><D80/><U5/><E5/><V132/><F132/><W113/><G113/><T27/><D27/><U46/><E10/><V32/><F32/><N who="3" m="20551" /><G101/><T13/><D13/><U4/><E4/><V117/><F117/><W28/><G28/><T53/><D48/><U95/><E95/><V98/><F105/><W94/><G94/><T23/><N who="0" m="7794" /><T29/><DORA hai="102" /><D29/><U127/><E127/><V62/><F107/><W37/><G37/><T42/><D42/><U97/><E40/><V112/><F43/><W135/><G135/><T38/><D38/><U57/><E57/><N who="2" m="35127" /><F112/><W69/><G69/><T25/><D25/><U1/><E1/><RYUUKYOKU ba="0,0" sc="38,15,251,-15,342,-15,369,15" hai0="9,11,52,53,60,64,71" hai3="7,8,16,18,19,85,86,93,96,100" /><INIT seed="7,1,0,3,0,35" ten="53,236,327,384" oya="3" hai0="72,36,28,77,4,68,53,132,49,59,19,45,70" hai1="127,52,83,118,101,98,8,1,5,57,56,60,33" hai2="64,84,108,94,66,23,69,14,48,74,76,12,3" hai3="39,111,119,24,31,78,95,133,51,13,71,81,7"/><W116/><G39/><T87/><D77/><U120/><E120/><V37/><F108/><W129/><G71/><T0/><D28/><U17/><E118/><V32/><F37/><W104/><G104/><T61/><D72/><U88/><E127/><V126/><F126/><W40/><G133/><T90/><D19/><U67/><E33/><V41/><F74/><W75/><G129/><T135/><D90/><U93/><E17/><V89/><F32/><W42/><G111/><T58/><D87/><U113/><E113/><V29/><F76/><W97/><G51/><T122/><D4/><U9/><E5/><V26/><F69/><W80/><G80/><T62/><D122/><U82/><E1/><V25/><F3/><W114/><G114/><T86/><D86/><N who="1" m="50263" /><E83/><N who="2" m="49311" /><F25/><W100/><G116/><T22/><D22/><U20/><E20/><V124/><F94/><W27/><G119/><T54/><D0/><U128/><E128/><V15/><F124/><W73/><G27/><T46/><D49/><AGARI ba="1,0" hai="8,9,49,52,56,57,60,67,93,98,101" m="50263" machi="49" ten="30,3900,0" yaku="8,1,54,2" doraHai="35" who="1" fromWho="0" sc="53,-42,236,42,327,0,384,0" owari="11,-48.9,278,-12.2,327,12.7,384,48.4" /></mjloggm>