<mjloggm ver="2.3"><GO type="41" lobby="0"/><UN n0="%E2%93%9D%4C%75%63%6B%79%4A" n1="%E3%81%BE%E3%81%95%40%32%30%31%37" n2="%E3%83%AA%E3%83%83%E3%83%81%E8%BF%91%E8%97%A4" n3="%77%61%6B%77%61%6B%30%37" dan="18,13,15,15" rate="2158.21,1881.10,2005.20,1983.59" sx="M,M,M,M"/><TAIKYOKU oya="0"/><INIT seed="0,0,0,4,0,135" ten="250,250,250,250" oya="0" hai0="120,114,57,58,127,54,121,3,104,6,10,119,4" hai1="51,63,22,17,24,84,9,98,91,56,0,103,35" hai2="13,49,107,97,7,85,132,131,111,69,115,93,87" hai3="123,100,71,65,36,102,1,117,18,55,81,89,94"/><T27/><D114/><U88/><E35/><V130/><F69/><W46/><G117/><T129/><D119/><U33/><E33/><V73/><F49/><W48/><G36/><T79/><D104/><U25/><E0/><V8/><F73/><W60/><G123/><T15/><D79/><U12/><E25/><V29/><F115/><W43/><G1/><T125/><D129/><N who="2" m="49162" /><F132/><W38/><G81/><T32/><D58/><U14/><E51/><V113/><F113/><W122/><G18/><T53/><D54/><U99/><E103/><N who="2" m="62959" /><F111/><W124/><G124/><N who="0" m="47691" /><D6/><N who="1" m="3127" /><E24/><V34/><F93/><W75/><G75/><T101/><D101/><U72/><E72/><V105/><F105/><W31/><G31/><N who="0" m="19583" /><D3/><U110/><E110/><V42/><F42/><W30/><G30/><T44/><D44/><U47/><E47/><V20/><F34/><W19/><G122/><T80/><D80/><N who="1" m="49159" /><E91/><V21/><F29/><W109/><G109/><T64/><D64/><AGARI ba="0,0" hai="14,17,22,56,63,64,98,99" m="49159,3127" machi="64" ten="30,2000,0" yaku="8,1,54,1" doraHai="135" who="1" fromWho="0" sc="250,-20,250,20,250,0,250,0" /><INIT seed="1,0,0,3,4,70" ten="230,270,250,250" oya="1" hai0="88,71,31,4,60,102,25,127,117,108,56,87,41" hai1="20,53,52,120,51,128,1,76,100,126,44,22,101" hai2="67,65,5,61,106,43,92,13,69,49,84,96,15" hai3="7,131,33,39,30,133,55,8,90,111,85,14,66"/><U42/><E120/><V112/><F112/><W3/><G131/><T73/><D73/><U9/><E126/><V38/><F106/><W77/><G111/><T32/><D127/><U12/><E1/><V34/><F34/><W103/><G133/><T23/><D71/><U86/><E128/><V119/><F119/><W105/><G66/><T79/><D108/><U89/><E101/><V115/><F115/><W80/><G55/><N who="1" m="21066" /><E100/><V122/><F122/><W64/><G64/><T16/><D79/><U28/><E28/><V91/><F67/><W47/><G14/><T27/><D102/><U130/><E130/><V94/><F5/><W24/><G90/><T35/><D4/><N who="1" m="3111" /><E76/><V121/><F121/><W78/><G78/><T124/><D124/><U62/><E62/><V129/><F129/><W48/><G48/><T40/><D117/><U118/><E118/><V110/><F49/><W99/><G47/><T21/><D35/><U109/><E109/><V74/><F74/><W104/><REACH who="3" step="1"/><G105/><REACH who="3" ten="230,270,250,240" step="2"/><T123/><D32/><U125/><E125/><V50/><F50/><W107/><G107/><T29/><D123/><U132/><E132/><V6/><F110/><W63/><G63/><T59/><D60/><U93/><AGARI ba="0,1" hai="20,22,42,44,51,86,89,93" m="3111,21066" machi="93" ten="30,3000,0" yaku="8,1,54,1" doraHai="70" who="1" fromWho="1" sc="230,-10,270,40,250,-10,240,-10" /><INIT seed="1,1,0,2,4,57" ten="220,310,240,230" oya="1" hai0="22,83,39,96,126,115,91,25,12,124,102,88,107" hai1="72,109,1,98,62,51,42,122,20,55,108,8,116" hai2="112,134,52,99,86,16,40,45,44,77,10,11,58" hai3="3,80,89,85,103,75,84,132,121,120,69,27,97"/><U104/><E116/><V14/><F134/><W67/><G3/><T129/><D39/><U47/><E122/><V41/><F112/><W130/><G27/><T19/><D115/><U37/><E72/><V15/><F99/><W87/><G69/><T119/><D119/><U90/><E20/><V65/><F65/><W64/><G67/><T81/><D129/><U95/><E104/><V18/><F77/><W30/><G64/><T127/><REACH who="0" step="1"/><D25/><REACH who="0" ten="210,310,240,230" step="2"/><U17/><E1/><V49/><F86/><W50/><G121/><T71/><D71/><U63/><E8/><V78/><F78/><W31/><G120/><T125/><N who="0" m="31744" /><DORA hai="117" /><T5/><D5/><U114/><E114/><V131/><F131/><W6/><G130/><T38/><D38/><U133/><E133/><V66/><REACH who="2" step="1"/><F44/><REACH who="2" ten="210,310,230,230" step="2"/><W0/><G132/><T105/><D105/><U73/><E73/><V54/><F54/><W7/><G75/><T74/><D74/><U32/><E32/><V79/><F79/><W82/><G87/><T9/><D9/><U100/><E100/><V68/><F68/><W56/><G103/><T93/><D93/><U111/><REACH who="1" step="1"/><E17/><REACH who="1" ten="210,300,230,230" step="2"/><V70/><F70/><W34/><G34/><T4/><D4/><N who="3" m="1577" /><G30/><T33/><D33/><U101/><E101/><V59/><F59/><AGARI ba="1,3" hai="37,42,47,51,55,59,62,63,90,95,98,108,109,111" machi="59" ten="40,24000,3" yaku="1,1,14,1,10,1,52,2,53,3" doraHai="57,117" doraHaiUra="2,123" who="1" fromWho="2" sc="210,0,300,273,230,-243,230,0" owari="210,-19.0,573,67.3,-13,-51.3,230,3.0" /></mjloggm>