<mjloggm ver="2.3"><GO type="41" lobby="0"/><UN n0="%E3%82%8D%E3%81%A3%E3%81%93%E3%81%86" n1="%E3%81%B6%E3%81%9F%E3%81%98%E3%82%8D%E3%81%86%E3%83%8B%E3%82%B7%E3%83%91" n2="%E2%93%9D%4C%75%63%6B%79%4A" n3="%E4%B8%83%E8%8D%89%E9%A6%99%E6%BE%84" dan="14,13,18,15" rate="2011.22,1924.12,2221.54,2039.15" sx="M,M,M,F"/><TAIKYOKU oya="0"/><INIT seed="0,0,0,3,0,79" ten="250,250,250,250" oya="0" hai0="121,87,43,92,54,28,50,80,21,95,30,46,47" hai1="89,20,18,83,124,70,29,1,84,88,62,44,14" hai2="106,69,7,31,9,71,117,52,32,53,98,96,119" hai3="135,41,24,13,38,113,127,134,27,75,97,133,111"/><T59/><D121/><U126/><E1/><V90/><F31/><W129/><G113/><T16/><D47/><U94/><E44/><V67/><F32/><W60/><G111/><T118/><D118/><N who="2" m="45066" /><F67/><W49/><G38/><T66/><D66/><U115/><E115/><V130/><F130/><W123/><G123/><T74/><D74/><U101/><E101/><N who="2" m="62775" /><F96/><W40/><G75/><T132/><D132/><U122/><E122/><V104/><F90/><W125/><G97/><T25/><D30/><U6/><E29/><V128/><F104/><W10/><G129/><T65/><D65/><U33/><E33/><V37/><F37/><W76/><G76/><T82/><D28/><U91/><E91/><V2/><F128/><W61/><G27/><T48/><D87/><U100/><E100/><V5/><F7/><N who="3" m="3295" /><G24/><T42/><D43/><N who="3" m="16457" /><G49/><T77/><D77/><U68/><E6/><V45/><F45/><W55/><G55/><AGARI ba="0,0" hai="2,5,9,52,53,55,69,71" m="62775,45066" machi="55" ten="30,2000,0" yaku="12,1,54,1" doraHai="79" who="2" fromWho="3" sc="250,0,250,0,250,20,250,-20" /><INIT seed="1,0,0,4,0,84" ten="250,250,270,230" oya="1" hai0="6,43,46,24,102,82,131,67,32,99,38,73,68" hai1="100,36,132,2,5,125,9,8,66,96,91,40,69" hai2="126,27,89,95,105,56,98,70,71,97,104,58,130" hai3="39,17,52,77,90,61,129,45,0,135,34,78,80"/><U37/><E132/><V113/><F113/><W16/><G0/><T13/><D13/><U53/><E125/><V83/><F126/><W116/><G34/><T42/><D42/><U121/><E121/><V106/><F130/><W114/><G114/><T111/><D6/><U21/><E40/><V134/><F134/><W31/><G135/><T109/><D131/><U117/><E117/><V76/><F27/><W112/><G112/><T7/><D7/><U4/><E53/><V19/><F19/><N who="3" m="7243" /><G129/><T10/><D10/><U48/><E21/><V60/><F98/><W88/><G39/><T54/><D54/><U119/><E119/><V87/><REACH who="2" step="1"/><F58/><REACH who="2" ten="250,250,260,230" step="2"/><N who="3" m="35015" /><G116/><T108/><D24/><U86/><E69/><V41/><F41/><W85/><G31/><T92/><D32/><U122/><E122/><V1/><F1/><W50/><G78/><T18/><D18/><U123/><E123/><V124/><F124/><W51/><G51/><T79/><D68/><U118/><E48/><V107/><N who="2" m="26624" /><DORA hai="101" /><V23/><F23/><W75/><G75/><T15/><D15/><U110/><E2/><V128/><F128/><W65/><G65/><AGARI ba="0,1" hai="38,43,46,65,67,73,79,82,92,99,102,108,109,111" machi="65" ten="40,1300,0" yaku="14,1" doraHai="84,101" who="0" fromWho="3" sc="250,23,250,0,260,0,230,-13" /><AGARI ba="0,0" hai="56,60,65,70,71,76,83,87,89,95,97" m="26624" machi="65" ten="70,16000,3" yaku="1,1,52,5,53,2" doraHai="84,101" doraHaiUra="62,59" who="2" fromWho="3" sc="273,0,250,0,260,160,217,-160" /><INIT seed="2,0,0,2,4,48" ten="273,250,420,57" oya="2" hai0="113,127,65,38,92,120,12,133,80,11,124,85,21" hai1="23,4,132,131,76,67,123,1,114,24,68,44,27" hai2="82,90,10,83,9,125,129,108,107,31,135,116,42" hai3="75,109,126,61,56,51,63,79,8,3,81,115,34"/><V72/><F116/><W18/><G109/><T22/><D38/><U121/><E114/><V32/><F107/><W26/><G115/><T102/><D113/><U99/><E76/><V100/><F100/><W73/><G126/><N who="0" m="48171" /><D65/><U17/><E99/><V110/><F125/><W19/><G73/><T45/><D45/><U88/><E88/><V57/><F135/><W95/><G95/><T77/><D120/><N who="1" m="46155" /><E68/><V60/><F129/><W98/><G98/><N who="0" m="59719" /><D133/><U25/><E67/><V40/><F90/><W66/><G51/><T5/><AGARI ba="0,0" hai="5,11,12,21,22,77,80,85" m="59719,48171" machi="5" ten="30,1100,0" yaku="18,1" doraHai="48" who="0" fromWho="0" sc="273,11,250,-3,420,-5,57,-3" /><INIT seed="3,0,0,1,1,90" ten="284,247,415,54" oya="3" hai0="74,82,95,3,43,110,53,64,80,30,94,6,56" hai1="4,101,120,12,39,22,60,11,5,81,14,128,111" hai2="35,117,42,109,32,103,17,121,47,25,27,0,87" hai3="98,48,49,29,26,124,70,100,79,19,9,77,38"/><W24/><G124/><T112/><D74/><U16/><E39/><V54/><F0/><W34/><G38/><T2/><D30/><U65/><E120/><V71/><F71/><W67/><G48/><T127/><D127/><U86/><E111/><V40/><F103/><W129/><G129/><T123/><D123/><U92/><E128/><V114/><F114/><W66/><G49/><T107/><D107/><U99/><E5/><V55/><F17/><W133/><G133/><T59/><D43/><U51/><E51/><V96/><F96/><W75/><G75/><T102/><D102/><U125/><E125/><V18/><F18/><W68/><G68/><T8/><D110/><U106/><E60/><V31/><F117/><W130/><G130/><T37/><D37/><U7/><E7/><V10/><F10/><W105/><G67/><T72/><D72/><U52/><E52/><V33/><F55/><W104/><G104/><T108/><D108/><U88/><REACH who="1" step="1"/><E65/><REACH who="1" ten="284,237,415,54" step="2"/><V97/><F54/><W58/><G66/><T63/><D112/><U15/><E15/><V44/><F121/><W21/><G26/><T41/><D41/><U115/><E115/><V50/><F27/><W61/><G61/><T45/><D53/><U62/><E62/><V118/><F25/><W132/><G24/><T76/><D63/><U93/><AGARI ba="0,1" hai="4,11,12,14,16,22,81,86,88,92,93,99,101,106" machi="93" ten="30,12000,2" yaku="1,1,0,1,52,2,54,2,53,1" doraHai="90" doraHaiUra="85" who="1" fromWho="1" sc="284,-30,237,130,415,-30,54,-60" owari="254,-14.6,367,16.7,385,48.5,-6,-50.6" /></mjloggm>