<mjloggm ver="2.3"><GO type="137" lobby="0"/><UN n0="%4B%2E%57%2E" n1="%E4%B8%8A%E5%B1%B1%E9%83%B7%E3%83%8F%E3%83%B3%E3%82%BF%E3%83%BC" n2="%77%65%73%31%34" n3="%E2%93%9D%4C%75%63%6B%79%4A" dan="12,11,12,11" rate="1651.74,1703.36,1806.92,1822.04" sx="M,M,M,M"/><TAIKYOKU oya="0"/><INIT seed="0,0,0,3,5,25" ten="250,250,250,250" oya="0" hai0="133,23,28,80,68,117,101,88,33,75,129,57,87" hai1="16,128,109,11,21,51,118,72,123,43,12,36,110" hai2="108,76,124,54,125,96,14,105,0,126,111,45,13" hai3="132,65,59,97,92,30,60,85,22,47,7,26,4"/><T95/><D117/><U67/><E72/><V31/><F76/><W40/><G132/><T116/><D116/><U55/><E118/><V89/><F0/><W79/><G85/><T58/><D68/><U81/><E123/><V27/><F105/><W48/><REACH who="3" step="1"/><G79/><REACH who="3" ten="250,250,250,240" step="2"/><T130/><D133/><U94/><E81/><V41/><F54/><W35/><G35/><T122/><D122/><U134/><E134/><V20/><F89/><AGARI ba="0,1" hai="4,7,22,26,30,40,47,48,59,60,65,89,92,97" machi="89" ten="30,7700,0" yaku="1,1,7,1,8,1,52,1,53,0" doraHai="25" doraHaiUra="8" who="3" fromWho="2" sc="250,0,250,0,250,-77,240,87" /><INIT seed="1,0,0,4,2,0" ten="250,250,173,327" oya="1" hai0="73,81,3,103,13,110,25,124,53,85,5,58,37" hai1="134,75,48,30,24,111,27,98,102,86,96,64,107" hai2="89,34,45,1,68,7,70,61,84,77,17,116,29" hai3="106,71,93,9,2,63,8,66,74,21,118,57,72"/><U43/><E75/><V20/><F116/><W123/><G123/><T52/><D37/><U94/><E134/><V67/><F77/><W10/><G106/><T125/><D103/><U127/><E127/><N who="0" m="48713" /><D73/><U130/><E64/><V82/><F45/><W51/><G2/><T31/><D3/><U122/><E122/><V44/><F44/><W19/><G118/><T6/><D110/><U126/><E43/><V113/><F113/><W115/><G115/><T105/><D13/><U121/><E48/><V50/><F50/><W83/><G93/><T79/><D105/><U76/><E121/><V12/><F61/><W114/><G114/><T100/><D100/><U135/><E135/><V128/><F67/><W117/><G117/><T22/><D53/><U46/><E130/><V91/><F91/><W92/><G92/><T33/><D33/><U88/><E46/><V35/><F128/><W60/><G51/><AGARI ba="0,0" hai="5,6,22,25,31,51,52,58,79,81,85" m="48713" machi="51" ten="30,7700,0" yaku="18,1,52,2,54,1" doraHai="0" who="0" fromWho="3" sc="250,77,250,0,173,0,327,-77" /><INIT seed="2,0,0,3,5,33" ten="327,250,173,250" oya="2" hai0="11,13,45,29,89,117,50,56,24,123,100,44,73" hai1="41,77,7,5,135,42,84,36,79,133,54,30,125" hai2="83,28,76,62,75,12,132,26,131,95,85,72,106" hai3="97,134,88,6,39,80,66,0,58,70,120,92,21"/><V65/><F132/><W101/><G39/><T81/><D123/><U115/><E30/><V15/><F131/><W32/><G32/><T63/><D117/><U129/><E115/><V124/><F124/><W43/><G70/><T130/><D130/><U69/><E69/><V19/><F106/><W2/><G43/><N who="1" m="16394" /><E54/><V118/><F118/><W27/><G6/><N who="1" m="2058" /><E129/><V68/><F95/><W51/><G120/><T74/><D100/><U103/><E103/><V94/><F94/><W127/><G127/><T53/><D45/><U116/><E84/><V91/><F76/><N who="1" m="29257" /><E36/><V122/><F122/><W126/><G126/><T38/><D38/><U25/><E125/><V82/><F83/><W61/><G51/><T16/><D81/><U102/><E102/><V47/><F47/><W67/><G67/><T86/><D86/><U93/><E25/><V107/><F107/><W17/><REACH who="3" step="1"/><G134/><REACH who="3" ten="327,250,173,240" step="2"/><N who="1" m="51210" /><E93/><V46/><F46/><W18/><G18/><T96/><D96/><U90/><E116/><V109/><F109/><W35/><G35/><T111/><D111/><U40/><E40/><V87/><F87/><AGARI ba="0,1" hai="0,2,17,21,27,58,61,66,80,87,88,92,97,101" machi="87" ten="40,8000,1" yaku="1,1,52,2,54,1,53,0" doraHai="33" doraHaiUra="10" who="3" fromWho="2" sc="327,0,250,0,173,-80,240,90" /><INIT seed="3,0,0,3,3,98" ten="327,250,93,330" oya="3" hai0="125,32,30,127,91,34,44,107,68,132,12,7,73" hai1="51,131,23,110,39,35,14,49,42,69,90,101,119" hai2="82,77,80,26,99,124,95,21,75,47,106,76,134" hai3="24,123,102,114,65,48,9,130,108,33,70,57,19"/><W128/><G123/><T4/><D73/><U17/><E110/><V16/><F134/><W15/><G70/><T88/><D68/><U25/><E69/><V36/><F124/><W66/><G114/><T72/><D72/><U112/><E112/><V89/><F106/><W71/><G71/><T38/><D30/><U31/><E131/><N who="3" m="50218" /><G108/><T103/><D12/><U3/><E119/><V111/><F111/><W43/><G43/><T54/><D132/><U81/><E101/><V126/><F126/><N who="0" m="48138" /><D38/><U29/><E31/><V59/><F59/><W8/><G9/><T6/><D44/><U50/><E3/><V93/><F93/><W116/><G116/><T13/><D54/><U113/><E39/><V28/><F47/><W122/><G122/><T129/><D129/><U45/><REACH who="1" step="1"/><E113/><REACH who="1" ten="327,240,93,330" step="2"/><V84/><REACH who="2" step="1"/><F36/><REACH who="2" ten="327,240,83,330" step="2"/><W100/><G57/><T2/><D2/><U118/><E118/><V109/><F109/><W67/><G48/><T64/><D64/><U53/><E53/><V1/><F1/><W27/><G33/><N who="0" m="12907" /><D13/><U115/><E115/><V104/><F104/><W5/><G27/><T62/><D62/><U133/><E133/><V63/><F63/><W60/><G60/><T10/><D10/><U74/><E74/><V92/><F92/><W135/><G135/><T120/><D120/><U0/><E0/><V52/><F52/><W97/><G67/><T56/><D56/><U46/><E46/><V18/><AGARI ba="0,2" hai="16,18,21,26,28,75,76,77,80,82,84,89,95,99" machi="18" ten="30,7900,0" yaku="1,1,0,1,54,1,53,1" doraHai="98" doraHaiUra="83" who="2" fromWho="2" sc="327,-20,240,-20,83,99,330,-39" /><INIT seed="4,0,0,3,3,45" ten="307,220,182,291" oya="0" hai0="81,83,47,95,64,70,31,58,111,82,85,74,2" hai1="57,122,103,79,72,38,97,96,66,78,27,71,73" hai2="33,102,6,48,127,21,116,1,41,55,112,9,99" hai3="63,18,15,52,134,14,117,101,8,128,13,129,39"/><T11/><D2/><U4/><E38/><V135/><F112/><W0/><G39/><T17/><D70/><U53/><E122/><V50/><F135/><W114/><G101/><T42/><D31/><U87/><E4/><V54/><F33/><W22/><G117/><T19/><D74/><U107/><E97/><V120/><F120/><W3/><G63/><T104/><D104/><U34/><E57/><V40/><F127/><W30/><G52/><T35/><D35/><U109/><E53/><V51/><F21/><W32/><G114/><T7/><D111/><U133/><E87/><V108/><F108/><W92/><G92/><T49/><D7/><U16/><E133/><V131/><F131/><N who="3" m="50251" /><G134/><T115/><D115/><U124/><E124/><V46/><F116/><W110/><G110/><T80/><D11/><U105/><E16/><N who="0" m="6217" /><D95/><U65/><E65/><V12/><F1/><N who="3" m="587" /><G32/><T28/><N who="0" m="20480" /><DORA hai="62" /><T20/><D85/><U23/><E107/><V76/><F76/><W61/><G61/><N who="0" m="37943" /><D28/><N who="1" m="19743" /><E109/><V123/><F123/><W121/><G121/><T106/><D106/><U84/><E78/><V98/><F102/><W24/><AGARI ba="0,0" hai="8,13,14,15,18,22,24,30" m="587,50251" machi="24" ten="40,5200,0" yaku="19,1,34,2" doraHai="45,62" who="3" fromWho="3" sc="307,-26,220,-13,182,-13,291,52" /><INIT seed="5,0,0,3,1,38" ten="281,207,169,343" oya="1" hai0="92,100,118,104,130,70,129,111,46,12,76,63,8" hai1="11,86,135,124,16,112,85,132,80,60,113,53,10" hai2="32,26,125,29,73,5,108,48,114,67,31,45,122" hai3="22,88,134,62,89,107,127,23,98,68,72,64,49"/><U66/><E124/><V93/><F108/><W47/><G72/><T17/><D118/><U42/><E53/><V117/><F122/><W52/><G127/><T40/><D111/><U15/><E10/><V35/><F117/><W105/><G134/><N who="1" m="51242" /><E85/><V18/><F73/><W75/><G75/><T24/><D76/><N who="1" m="46343" /><E60/><V90/><F125/><W0/><G0/><T56/><D70/><U61/><E42/><V59/><F5/><W79/><G79/><T119/><D119/><U58/><AGARI ba="0,0" hai="11,15,16,58,61,66,112,113" m="46343,51242" machi="58" ten="30,3000,0" yaku="20,1,54,1" doraHai="38" who="1" fromWho="1" sc="281,-10,207,30,169,-10,343,-10" /><INIT seed="5,1,0,4,1,104" ten="271,237,159,333" oya="1" hai0="39,5,17,6,81,61,94,115,42,60,87,50,51" hai1="102,35,53,63,11,64,132,88,110,26,129,74,80" hai2="91,75,48,116,123,86,56,3,25,57,1,96,59" hai3="108,71,70,114,109,52,127,9,34,31,23,15,83"/><U47/><E110/><V120/><F116/><W20/><G71/><T13/><D39/><U28/><E132/><V103/><F25/><N who="3" m="18799" /><G83/><T112/><D42/><U58/><E102/><V72/><F48/><W100/><G70/><T131/><D131/><U46/><E129/><V133/><F133/><W66/><G66/><T82/><D94/><U19/><E11/><V54/><F54/><W101/><G101/><T4/><D87/><U2/><E2/><V76/><F76/><W121/><G121/><N who="2" m="46665" /><F103/><W65/><G65/><T37/><D37/><U16/><E74/><N who="2" m="28203" /><F96/><W98/><G98/><T128/><D128/><U77/><E77/><V124/><F86/><W55/><G55/><T24/><D24/><U68/><E47/><V105/><F91/><W106/><G100/><T79/><D79/><U89/><E80/><V113/><F124/><W41/><G127/><T44/><D44/><U10/><E19/><V111/><F111/><W21/><G109/><T29/><D29/><U118/><E118/><V43/><F43/><W30/><G41/><T40/><D40/><U8/><E10/><V134/><F134/><W32/><G9/><T122/><D122/><U78/><E78/><V97/><F113/><W7/><G114/><T107/><D107/><U85/><E89/><V18/><F18/><W0/><G108/><T135/><D135/><U95/><E8/><V36/><F36/><W12/><G30/><T67/><D67/><U92/><E68/><V14/><F14/><W117/><G15/><T84/><D84/><U49/><E92/><V73/><N who="2" m="28211" /><V62/><DORA hai="126" /><F62/><RYUUKYOKU ba="1,0" sc="271,-15,237,15,159,15,333,-15" hai1="16,26,28,35,46,49,53,58,63,64,85,88,95" hai2="1,3,56,57,59,97,105" /><INIT seed="5,2,0,1,3,26" ten="256,252,174,318" oya="1" hai0="97,61,32,2,54,116,30,14,85,122,113,45,86" hai1="49,65,89,48,93,119,130,52,131,77,37,47,6" hai2="69,25,42,7,105,120,133,115,100,46,18,95,41" hai3="36,70,124,79,20,117,22,132,66,92,50,102,57"/><U114/><E119/><V21/><F120/><W5/><G36/><T51/><D116/><U38/><E77/><V63/><F133/><W60/><G117/><T44/><D2/><U33/><E65/><V43/><F105/><W121/><G121/><T112/><D122/><U118/><E114/><N who="0" m="44137" /><D97/><N who="1" m="57519" /><E118/><V4/><F115/><W28/><G79/><T125/><D125/><U15/><E33/><V27/><F46/><W58/><G132/><T73/><D73/><U40/><E15/><V94/><F69/><W35/><G70/><T59/><D14/><U75/><E6/><N who="2" m="2091" /><F63/><W1/><G60/><T67/><D45/><N who="1" m="27663" /><E75/><V12/><F100/><W134/><G102/><T88/><D88/><U72/><E72/><V108/><F108/><W101/><G101/><T56/><D56/><U64/><E64/><V109/><F109/><W31/><G66/><T34/><D34/><U110/><E110/><V13/><F21/><W0/><G22/><T3/><D3/><U128/><AGARI ba="2,0" hai="37,38,40,47,49,128,130,131" m="27663,57519" machi="128" ten="30,3000,0" yaku="19,1,54,1" doraHai="26" who="1" fromWho="1" sc="256,-12,252,36,174,-12,318,-12" /><INIT seed="5,3,0,2,4,24" ten="244,288,162,306" oya="1" hai0="39,62,93,29,32,81,19,8,16,63,114,53,121" hai1="1,124,23,106,125,131,135,110,50,82,128,3,14" hai2="84,31,48,21,33,46,54,28,108,69,75,64,130" hai3="87,77,72,95,120,10,109,51,94,115,70,37,41"/><U105/><E110/><V100/><F108/><W67/><G109/><T98/><D39/><U18/><E82/><V34/><F75/><W13/><G37/><T104/><D121/><U38/><E50/><V58/><F69/><W116/><G115/><T45/><D81/><U12/><E38/><V119/><F119/><W134/><G134/><T83/><D104/><U52/><E135/><V103/><F84/><W89/><G70/><T76/><D114/><U49/><E14/><V44/><F130/><N who="1" m="49705" /><E106/><V132/><F132/><W7/><G120/><T0/><D0/><N who="1" m="75" /><E105/><V20/><F48/><W107/><G107/><T47/><D8/><U68/><E68/><V35/><F54/><W123/><G123/><T55/><D83/><U111/><E111/><V11/><F11/><W113/><G113/><T22/><D76/><U36/><E36/><V99/><F99/><W65/><G77/><T25/><D32/><U86/><E86/><V85/><F85/><W117/><G72/><T43/><D43/><U91/><E91/><V80/><F80/><W126/><G89/><N who="0" m="55599" /><D63/><U66/><E66/><V118/><F64/><W56/><G67/><T129/><D129/><U101/><E101/><N who="2" m="38987" /><F58/><AGARI ba="3,0" hai="12,18,23,49,52,58,124,125" m="75,49705" machi="58" ten="30,2900,0" yaku="19,1,54,1" doraHai="24" who="1" fromWho="2" sc="244,0,288,38,162,-38,306,0" /><INIT seed="5,4,0,1,2,128" ten="244,326,124,306" oya="1" hai0="131,129,112,23,100,135,122,123,53,121,46,7,93" hai1="84,78,12,116,89,82,73,97,118,76,61,60,6" hai2="21,42,130,19,2,77,71,22,30,94,52,35,32" hai3="28,9,36,108,55,33,74,98,115,13,109,41,26"/><U67/><E60/><V24/><F71/><W34/><G74/><T80/><D7/><U110/><E110/><V0/><F77/><W14/><G41/><T105/><D23/><U47/><E47/><V106/><F94/><W37/><G115/><T92/><D46/><U20/><E76/><V69/><F69/><W27/><G98/><N who="0" m="61591" /><D53/><U83/><E97/><V99/><F42/><W72/><G72/><T63/><D63/><U3/><E3/><N who="2" m="1067" /><F106/><W5/><G55/><T25/><D25/><U65/><E20/><N who="2" m="15623" /><F52/><W49/><G49/><T126/><D80/><U114/><E65/><V111/><F99/><W8/><G5/><T103/><D112/><U125/><E114/><V31/><F111/><W79/><G79/><T120/><N who="0" m="30720" /><DORA hai="132" /><T29/><D29/><AGARI ba="4,0" hai="8,9,13,14,26,27,28,29,33,34,36,37,108,109" machi="29" ten="25,1600,0" yaku="22,2" doraHai="128,132" who="3" fromWho="0" sc="244,-28,326,0,124,0,306,28" /><INIT seed="6,0,0,2,1,115" ten="216,326,124,334" oya="2" hai0="64,56,36,118,73,128,14,24,130,25,121,122,29" hai1="82,1,89,9,32,85,111,15,93,31,37,17,84" hai2="58,21,129,57,18,86,123,100,99,42,54,92,77" hai3="27,67,96,81,116,66,106,6,12,103,26,126,104"/><V46/><F123/><W41/><G41/><T108/><D36/><U90/><E111/><V60/><F129/><N who="0" m="49770" /><D73/><U50/><E37/><V62/><F77/><W80/><G6/><T78/><D78/><U70/><E70/><V5/><F5/><W34/><G12/><T135/><D64/><U3/><E31/><V114/><F114/><W134/><G96/><T94/><D56/><U125/><E32/><V132/><F132/><W72/><G103/><T23/><D94/><U71/><E71/><V4/><F86/><W102/><G102/><T13/><D108/><U88/><E125/><V49/><F4/><W51/><G51/><T117/><D135/><U10/><E89/><V98/><F98/><W127/><G34/><T2/><D2/><U48/><E10/><V76/><F76/><W59/><G59/><T44/><D44/><U8/><REACH who="1" step="1"/><E9/><REACH who="1" ten="216,316,124,334" step="2"/><V119/><F119/><N who="0" m="45578" /><D25/><U55/><E55/><V53/><F21/><W109/><G109/><T38/><D38/><U95/><E95/><V7/><F7/><W40/><G116/><T107/><D107/><U133/><E133/><V74/><F74/><W120/><G72/><T79/><D79/><U91/><E91/><V69/><F69/><W0/><G134/><T61/><D61/><U39/><E39/><V83/><F83/><W75/><G81/><T63/><D63/><U20/><E20/><V113/><F113/><W22/><G22/><T101/><D101/><U19/><E19/><AGARI ba="0,1" hai="18,19,42,46,49,53,54,57,58,60,62,92,99,100" machi="19" ten="40,3900,0" yaku="9,1,8,1" doraHai="115" who="2" fromWho="1" sc="216,0,316,-39,124,49,334,0" /><INIT seed="6,1,0,2,3,89" ten="216,277,173,334" oya="2" hai0="0,76,51,11,115,97,60,111,71,58,69,67,66" hai1="124,128,12,39,59,74,56,20,85,18,40,109,79" hai2="114,110,82,31,132,26,25,49,52,92,13,17,87" hai3="100,42,22,105,134,127,93,50,90,103,68,77,6"/><V75/><F114/><W5/><G68/><T125/><D111/><U2/><E109/><V21/><F132/><W3/><G105/><T28/><D76/><U118/><E2/><V117/><F110/><W34/><G34/><T91/><D125/><U10/><E124/><V102/><F117/><W116/><G116/><T78/><D115/><U27/><E128/><V94/><F75/><W53/><G42/><T83/><D28/><U70/><E118/><V112/><F102/><N who="3" m="38955" /><G3/><T64/><D0/><U130/><E74/><V62/><F62/><W81/><G22/><T86/><D11/><U95/><E70/><V80/><F112/><W8/><G8/><T47/><D71/><U133/><E130/><V46/><F82/><W88/><G90/><T98/><D69/><U35/><E79/><N who="2" m="46495" /><F26/><W41/><G134/><T43/><REACH who="0" step="1"/><D78/><REACH who="0" ten="206,277,173,334" step="2"/><U45/><E133/><V19/><F31/><W23/><G77/><T123/><D123/><U108/><E108/><V1/><F1/><W44/><G127/><T113/><D113/><U14/><E35/><V4/><F4/><W120/><G6/><T54/><AGARI ba="1,1" hai="43,47,51,54,58,60,64,66,67,83,86,91,97,98" machi="54" ten="30,7900,0" yaku="1,1,0,1,8,1,53,1" doraHai="89" doraHaiUra="37" who="0" fromWho="0" sc="206,92,277,-21,173,-40,334,-21" /><INIT seed="7,0,0,0,4,134" ten="298,256,133,313" oya="3" hai0="87,117,18,123,116,78,48,122,65,118,16,125,104" hai1="100,115,38,22,51,93,90,106,21,83,111,67,96" hai2="54,69,70,35,105,11,97,27,12,41,55,37,45" hai3="10,102,57,6,26,49,120,135,56,31,15,7,71"/><W0/><G120/><T129/><D104/><U32/><E38/><V130/><F130/><W72/><G71/><T75/><D65/><U127/><E111/><V62/><F70/><W43/><G72/><T23/><D48/><U9/><E32/><V50/><F12/><W74/><G74/><T126/><D129/><U25/><E67/><V107/><F11/><W89/><G102/><T58/><D58/><N who="3" m="22633" /><G135/><T59/><D59/><U81/><E51/><V131/><F50/><W132/><G0/><T28/><D87/><U1/><E115/><V29/><F105/><W124/><G124/><N who="0" m="47723" /><D78/><U30/><E127/><V8/><F8/><W84/><G132/><T36/><D36/><U3/><E22/><V91/><F91/><W33/><G89/><T99/><D99/><U53/><E53/><V114/><F114/><W60/><G60/><T94/><D94/><U109/><E109/><V66/><REACH who="2" step="1"/><F131/><REACH who="2" ten="298,256,123,313" step="2"/><W13/><G49/><T98/><D75/><U133/><E9/><V19/><F19/><N who="0" m="7210" /><D98/><U2/><REACH who="1" step="1"/><E133/><REACH who="1" ten="298,246,123,313" step="2"/><V108/><F108/><W14/><G10/><T92/><D92/><U82/><E82/><V40/><F40/><W85/><G43/><T88/><D88/><U73/><E73/><V63/><F63/><W77/><G77/><T64/><D64/><U76/><E76/><V5/><F5/><W103/><G7/><T20/><D28/><U39/><E39/><V113/><F113/><W119/><G6/><T42/><D42/><U86/><AGARI ba="0,2" hai="1,2,3,21,25,30,81,83,86,90,93,96,100,106" machi="86" ten="30,4000,0" yaku="1,1,0,1,53,1" doraHai="134" doraHaiUra="95" who="1" fromWho="1" sc="298,-10,246,60,123,-10,313,-20" owari="288,-11.2,306,40.6,113,-38.7,293,9.3" /></mjloggm>