<mjloggm ver="2.3"><GO type="41" lobby="0"/><UN n0="%72%61%69%74%61%39%39%39" n1="%E3%83%9D%E3%83%AF%E3%83%BC%E3%83%B3" n2="%E7%B7%B4" n3="%E2%93%9D%4C%75%63%6B%79%4A" dan="15,14,16,17" rate="2014.27,1886.64,2044.08,2132.28" sx="M,M,M,M"/><TAIKYOKU oya="0"/><INIT seed="0,0,0,4,5,113" ten="250,250,250,250" oya="0" hai0="83,61,13,96,88,130,99,9,106,34,95,103,29" hai1="108,128,90,100,127,115,87,24,23,122,105,131,134" hai2="69,77,20,56,86,71,62,91,21,85,1,57,10" hai3="79,73,49,133,50,2,3,89,81,17,110,51,18"/><T30/><D130/><N who="1" m="49707" /><E23/><V102/><F102/><W58/><G110/><T41/><D34/><U67/><E24/><V28/><F77/><W68/><G68/><T31/><D41/><U53/><E53/><V46/><F46/><W76/><G133/><T14/><D83/><U65/><E65/><V16/><F28/><W42/><G42/><T25/><D25/><U116/><E67/><V6/><F85/><W107/><G107/><T48/><D48/><U32/><E32/><V44/><F20/><W39/><G39/><T63/><REACH who="0" step="1"/><D14/><REACH who="0" ten="240,250,250,250" step="2"/><U40/><E40/><V114/><F114/><W125/><G51/><T19/><AGARI ba="0,1" hai="9,13,19,29,30,31,61,63,88,95,96,99,103,106" machi="19" ten="30,11700,0" yaku="1,1,2,1,0,1,54,1,53,0" doraHai="113" doraHaiUra="70" who="0" fromWho="0" sc="240,127,250,-39,250,-39,250,-39" /><INIT seed="0,1,0,4,0,8" ten="367,211,211,211" oya="0" hai0="119,39,30,63,64,56,115,81,92,79,6,46,90" hai1="27,120,82,32,2,52,40,9,109,74,10,29,47" hai2="53,93,130,83,12,103,49,97,80,71,91,110,35" hai3="67,38,69,51,124,0,106,59,94,95,70,24,23"/><T43/><D119/><U78/><E109/><V127/><F71/><W54/><G106/><T113/><D30/><U129/><E129/><V28/><F110/><W3/><G38/><T121/><D121/><U4/><E120/><V76/><F130/><W87/><G124/><T68/><D6/><U31/><E10/><V19/><F127/><W5/><G70/><T58/><D58/><U20/><E31/><V18/><F28/><W111/><G111/><T118/><D118/><U89/><E89/><V34/><F19/><W84/><G69/><T57/><D57/><U116/><E20/><V50/><F50/><W17/><G67/><T21/><D21/><U36/><REACH who="1" step="1"/><E52/><REACH who="1" ten="367,201,211,211" step="2"/><V99/><F34/><W61/><G54/><T44/><D90/><U114/><E114/><V7/><F35/><W131/><G23/><T85/><D115/><U60/><E60/><V75/><F53/><W125/><G61/><T72/><D113/><U96/><E96/><V123/><F97/><W55/><G55/><T41/><D63/><U86/><E86/><V112/><F112/><W105/><G87/><T26/><D85/><U107/><E107/><V25/><F123/><W134/><G84/><T73/><D73/><U126/><E126/><V102/><F75/><W16/><G125/><T77/><D72/><U1/><E1/><V45/><F91/><W135/><G105/><T104/><D104/><U98/><E98/><V13/><F99/><W15/><G131/><T133/><D79/><U42/><E42/><V48/><F76/><W62/><G62/><T100/><D43/><U14/><E14/><RYUUKYOKU ba="1,1" sc="367,-10,201,30,211,-10,211,-10" hai1="2,4,9,27,29,32,36,40,47,74,78,82,116" /><INIT seed="1,2,1,2,5,115" ten="357,231,201,201" oya="1" hai0="128,25,97,117,8,92,11,15,68,58,57,6,71" hai1="74,94,130,124,56,129,7,103,30,17,43,84,38" hai2="132,131,59,95,126,9,50,61,0,24,111,5,65" hai3="134,102,78,44,35,53,135,91,62,133,120,19,108"/><U116/><E74/><V55/><F111/><W20/><G35/><T119/><D25/><U29/><E7/><V13/><F132/><W85/><G102/><T45/><D45/><N who="1" m="23799" /><E124/><V90/><F126/><W10/><G120/><T54/><D58/><U37/><E37/><V12/><F24/><W86/><G78/><T60/><D128/><N who="1" m="49259" /><E17/><V66/><F66/><W100/><G100/><T110/><D110/><U123/><E123/><V52/><F55/><W4/><G108/><T76/><D76/><U36/><E36/><V104/><F104/><W27/><G91/><T125/><D125/><U48/><E29/><V33/><F131/><W93/><G93/><T118/><REACH who="0" step="1"/><D8/><REACH who="0" ten="347,231,201,201" step="2"/><U51/><E30/><V67/><F67/><W81/><G81/><T47/><D47/><U109/><E109/><V21/><F21/><W1/><REACH who="3" step="1"/><G44/><REACH who="3" ten="347,231,201,191" step="2"/><T112/><D112/><U88/><E103/><AGARI ba="2,3" hai="6,11,15,54,57,60,68,71,92,97,103,117,118,119" machi="103" ten="40,8000,1" yaku="1,1,52,3,53,0" doraHai="115" doraHaiUra="70" who="0" fromWho="1" sc="347,116,231,-86,201,0,191,0" /><INIT seed="2,0,0,1,1,115" ten="463,145,201,191" oya="2" hai0="97,100,24,94,8,107,54,70,95,133,61,40,6" hai1="25,58,27,98,42,32,49,68,122,56,128,88,2" hai2="84,114,81,69,51,91,63,111,23,110,85,33,18" hai3="106,13,28,5,126,30,10,22,46,52,130,71,119"/><V131/><F33/><W82/><G71/><T72/><D72/><U60/><E68/><V78/><F114/><W77/><G106/><T14/><D133/><U96/><E2/><V105/><F105/><W116/><G126/><T50/><D40/><U59/><E128/><V57/><F69/><W124/><G124/><T123/><D123/><U67/><E32/><V87/><F131/><W101/><G101/><T31/><D61/><U134/><E98/><V38/><F38/><W102/><G102/><T43/><D43/><U112/><E134/><V76/><F51/><W108/><G108/><T89/><D89/><U103/><E103/><V44/><F44/><W90/><G90/><T92/><D70/><U129/><E129/><V45/><F45/><W12/><G130/><T120/><D120/><U53/><E42/><V121/><F121/><W75/><G13/><T20/><D107/><U34/><E34/><V79/><F110/><W109/><G109/><T127/><D127/><U66/><E122/><V117/><F117/><W7/><G7/><T15/><D15/><U4/><E4/><V37/><F37/><W11/><G11/><T36/><D36/><U41/><E41/><V0/><F0/><W55/><G22/><T65/><D65/><N who="1" m="24587" /><E60/><V125/><F111/><W21/><G21/><T73/><D73/><U39/><E39/><V29/><F29/><N who="3" m="11371" /><G46/><AGARI ba="0,0" hai="6,8,14,20,24,31,46,50,54,92,94,95,97,100" machi="46" ten="30,2000,0" yaku="7,1,8,1" doraHai="115" who="0" fromWho="3" sc="463,20,145,0,201,0,191,-20" /><INIT seed="3,0,0,3,1,112" ten="483,145,201,171" oya="3" hai0="48,106,23,51,16,36,15,28,133,86,19,94,119" hai1="68,27,78,34,122,3,90,114,62,49,66,52,7" hai2="17,4,98,126,89,20,10,71,79,56,127,82,11" hai3="45,93,108,73,135,40,107,74,50,8,67,30,13"/><W9/><G107/><T91/><D119/><U97/><E122/><V87/><F71/><W29/><G135/><T80/><D36/><U33/><E114/><V21/><F21/><W58/><G74/><T14/><D106/><U83/><E27/><V123/><F123/><W53/><G73/><T2/><D2/><U121/><E121/><V60/><F4/><W77/><G77/><T46/><D133/><U5/><E5/><V35/><F35/><W130/><G130/><T99/><D28/><U12/><E3/><V109/><F109/><W42/><G108/><T92/><D92/><U44/><E7/><V111/><F111/><W110/><G110/><T103/><D46/><U96/><E12/><V100/><F79/><W75/><G75/><T72/><D72/><U63/><E63/><V6/><F6/><W54/><G67/><T118/><D118/><U57/><E57/><V43/><F43/><N who="3" m="16427" /><G93/><T85/><D85/><U25/><E90/><V39/><F39/><W116/><G116/><T128/><D128/><U124/><E25/><V101/><F127/><W31/><G13/><T134/><D134/><U38/><E124/><V70/><F70/><W120/><G120/><T95/><D95/><U125/><E125/><V88/><F89/><W102/><G102/><T105/><D105/><U61/><E61/><AGARI ba="0,0" hai="8,9,29,30,31,45,50,53,54,58,61" m="16427" machi="61" ten="30,1500,0" yaku="8,1" doraHai="112" who="3" fromWho="1" sc="483,0,145,-15,201,0,171,15" /><INIT seed="3,1,0,0,3,114" ten="483,130,201,186" oya="3" hai0="18,33,92,70,4,59,58,89,65,3,119,56,80" hai1="109,126,11,131,76,10,90,23,45,77,96,42,127" hai2="55,44,120,130,67,108,69,49,7,15,6,86,78" hai3="61,104,118,134,46,75,62,48,13,72,100,112,50"/><W39/><G112/><T116/><D33/><U88/><E23/><V102/><F120/><W47/><G39/><T24/><D80/><U129/><E109/><V79/><F108/><W21/><G100/><T84/><D4/><U93/><E90/><V91/><F102/><W36/><G36/><T54/><D3/><U20/><E20/><V17/><F67/><W28/><G134/><T5/><D5/><U101/><E101/><V68/><F68/><W128/><G128/><N who="1" m="49226" /><E77/><N who="2" m="29195" /><F69/><W123/><G21/><T82/><D54/><U8/><E76/><V34/><F34/><W135/><G135/><T2/><D70/><U85/><E85/><V57/><F57/><W53/><G123/><T99/><D65/><U121/><E121/><V22/><F130/><W27/><G53/><T0/><D0/><U117/><E117/><V83/><AGARI ba="1,0" hai="6,7,15,17,22,44,49,55,83,86,91" m="29195" machi="83" ten="30,1100,0" yaku="8,1" doraHai="114" who="2" fromWho="2" sc="483,-4,130,-4,201,14,186,-6" /><INIT seed="4,0,0,3,0,96" ten="479,126,215,180" oya="0" hai0="103,94,57,120,58,86,135,26,16,127,49,74,123" hai1="105,34,131,17,46,84,18,68,113,44,53,133,70" hai2="95,9,40,115,111,12,72,47,42,129,117,102,78" hai3="130,88,28,108,98,90,41,52,64,50,128,100,13"/><T65/><D74/><U25/><E131/><N who="3" m="50218" /><G108/><T79/><D127/><U85/><E105/><V30/><F111/><W109/><G109/><T93/><D135/><U4/><E4/><V121/><F121/><W104/><G41/><T61/><D120/><U134/><E25/><V32/><F32/><W24/><G64/><T101/><D123/><U116/><E34/><V71/><F71/><W43/><G43/><T82/><D93/><U38/><E113/><V8/><F42/><W91/><G13/><T106/><D94/><U33/><E33/><V36/><F115/><W63/><G63/><T80/><D80/><U45/><E45/><V97/><F117/><W55/><G50/><T1/><D106/><U20/><E20/><AGARI ba="0,0" hai="20,24,28,52,55,88,90,91,98,100,104" m="50218" machi="20" ten="30,7700,0" yaku="19,1,52,1,54,2" doraHai="96" who="3" fromWho="1" sc="479,0,126,-77,215,0,180,77" /><INIT seed="5,0,0,0,3,132" ten="479,49,215,257" oya="1" hai0="85,52,129,54,126,122,40,99,39,107,65,43,73" hai1="78,19,86,123,24,50,8,12,31,59,45,69,15" hai2="17,104,16,30,134,108,35,113,124,83,29,116,22" hai3="28,84,125,75,13,6,32,97,27,57,44,2,101"/><U18/><E123/><V68/><F68/><W106/><G75/><T131/><D85/><U103/><E69/><V46/><F104/><W21/><G44/><T5/><D65/><U41/><E103/><V42/><F108/><W56/><G84/><T74/><D5/><U94/><E59/><V7/><F35/><W111/><G111/><T66/><D66/><U14/><E14/><V91/><F134/><W102/><G102/><T114/><D99/><U10/><E86/><V55/><F116/><W128/><G128/><T95/><D95/><U63/><E94/><V70/><F70/><W36/><G36/><T0/><D0/><U133/><E133/><V11/><F55/><W109/><G109/><T127/><D39/><U58/><E78/><V38/><F91/><W105/><G106/><T37/><D37/><U135/><E135/><V9/><F83/><W23/><G23/><T87/><D87/><U121/><E121/><V71/><F71/><W130/><G130/><T120/><D107/><U53/><E31/><V112/><F46/><W93/><G105/><T117/><D114/><U115/><REACH who="1" step="1"/><E24/><REACH who="1" ten="479,39,215,257" step="2"/><V88/><F30/><W77/><G77/><T60/><D74/><U118/><E118/><V61/><F29/><W48/><G28/><T119/><D73/><U47/><E47/><V92/><F92/><W1/><G93/><T33/><D33/><U3/><E3/><V98/><F38/><W20/><G2/><T34/><D34/><U82/><E82/><V79/><F79/><W49/><G32/><T89/><D117/><U96/><E96/><V67/><F98/><RYUUKYOKU ba="0,1" sc="479,-10,39,30,215,-10,257,-10" hai1="8,10,12,15,18,19,41,45,50,53,58,63,115" /><INIT seed="5,1,1,2,3,99" ten="469,69,205,247" oya="1" hai0="55,40,88,95,28,80,75,65,106,61,117,100,85" hai1="63,109,62,32,6,4,130,52,72,1,101,10,129" hai2="5,7,84,89,98,74,135,76,73,124,105,116,121" hai3="9,23,41,48,102,36,127,13,119,11,81,94,78"/><U17/><E32/><V93/><F5/><W112/><G36/><T47/><D117/><U131/><E72/><V57/><F7/><W58/><G112/><T120/><D120/><U49/><E6/><V21/><F21/><W108/><G108/><T96/><D55/><U43/><E43/><V91/><F57/><W2/><G127/><T46/><D28/><U118/><E118/><V26/><F26/><W8/><G2/><T69/><D40/><U39/><E39/><V67/><F67/><W38/><G38/><T90/><D75/><N who="2" m="28682" /><F121/><W33/><G33/><T59/><D69/><U42/><E42/><V122/><F122/><W126/><G126/><T83/><D83/><U111/><E17/><V60/><F60/><W34/><G34/><T110/><D110/><N who="1" m="41995" /><E101/><N who="2" m="62647" /><F124/><W132/><G41/><T77/><D77/><U54/><E54/><V113/><F113/><W14/><G119/><T44/><D44/><AGARI ba="1,1" hai="1,4,10,44,49,52,62,63,129,130,131" m="41995" machi="44" ten="40,7700,0" yaku="19,1,10,1,54,1" doraHai="99" who="1" fromWho="0" sc="469,-80,69,90,205,0,247,0" /><INIT seed="5,2,0,3,0,1" ten="389,159,205,247" oya="1" hai0="66,91,79,75,107,18,98,116,55,72,82,16,114" hai1="62,85,10,64,101,47,67,73,54,115,124,96,27" hai2="63,128,5,6,52,41,23,134,36,125,112,104,29" hai3="56,24,123,20,84,89,44,2,109,95,60,26,71"/><U14/><E73/><V17/><F104/><W49/><G109/><T40/><D114/><U111/><E115/><V53/><F112/><W105/><G71/><T15/><D116/><U103/><E124/><V51/><F36/><W121/><G2/><T92/><D72/><U100/><E96/><V87/><F29/><W59/><G105/><T11/><D40/><U102/><E111/><V132/><F87/><W61/><G123/><T93/><D107/><U77/><E27/><V113/><F113/><W81/><G121/><T32/><D32/><U97/><E97/><V8/><F8/><W4/><G4/><N who="2" m="1641" /><F63/><N who="3" m="24139" /><G95/><T7/><D66/><U28/><E28/><V122/><F125/><W34/><G34/><T39/><D39/><U58/><E47/><N who="2" m="26095" /><F128/><W78/><G78/><T21/><D79/><U120/><E120/><V38/><F38/><W9/><G9/><T13/><D75/><U57/><E57/><N who="3" m="22090" /><G20/><T86/><D21/><U119/><N who="1" m="25600" /><DORA hai="135" /><U37/><E37/><V33/><F33/><W106/><G106/><T48/><D11/><U12/><E119/><V19/><F23/><W118/><G118/><T129/><D129/><U69/><E69/><V76/><F76/><W35/><G35/><T127/><D86/><U110/><E110/><V46/><F122/><W31/><G31/><T131/><D131/><U50/><E62/><V0/><F0/><W88/><G89/><T108/><D91/><U3/><E3/><V42/><F134/><W94/><G94/><T70/><D108/><U25/><E25/><V133/><F132/><W22/><G22/><T80/><D70/><RYUUKYOKU ba="2,0" sc="389,-10,159,-10,205,-10,247,30" hai3="24,26,44,49,81,84,88" /><INIT seed="6,3,0,4,1,113" ten="379,149,195,277" oya="2" hai0="11,127,62,90,125,131,130,106,7,64,83,79,105" hai1="98,10,57,73,128,43,87,16,118,99,92,51,32" hai2="67,2,34,56,47,124,78,70,9,4,8,65,85" hai3="15,36,38,31,95,3,20,48,115,123,53,44,6"/><V29/><F70/><W102/><G123/><T122/><D122/><U30/><E73/><V25/><F124/><N who="0" m="47690" /><D90/><U126/><E126/><V26/><F56/><W37/><G3/><N who="0" m="511" /><D62/><U52/><E128/><N who="0" m="49193" /><D64/><U76/><E118/><V89/><F78/><W50/><G50/><T110/><D110/><U40/><E32/><V80/><F47/><W119/><G44/><T33/><D33/><U55/><E30/><V23/><F9/><W132/><G38/><T60/><D60/><N who="1" m="35879" /><E76/><V27/><F34/><W120/><G37/><T28/><D28/><U112/><E112/><V35/><F35/><W93/><G115/><T69/><D69/><U17/><E87/><AGARI ba="3,0" hai="79,83,87,105,106" m="49193,511,47690" machi="87" ten="30,2000,0" yaku="18,1,19,1" doraHai="113" who="0" fromWho="1" sc="379,29,149,-29,195,0,277,0" /><INIT seed="7,0,0,0,4,55" ten="408,120,195,277" oya="3" hai0="128,33,96,72,31,88,77,80,48,32,112,38,118" hai1="22,4,35,83,7,15,19,115,1,29,117,86,16" hai2="2,73,113,122,94,116,134,87,74,23,24,93,28" hai3="65,53,58,51,75,14,84,110,62,111,102,18,109"/><W99/><G75/><T61/><D38/><U66/><E66/><V121/><F2/><W97/><G84/><T101/><D118/><U108/><E83/><V30/><F116/><W106/><G99/><T85/><D128/><U79/><E79/><V52/><F87/><W43/><G43/><T129/><D129/><U41/><E86/><V6/><F6/><N who="1" m="2089" /><E41/><V45/><F45/><W114/><G114/><T100/><D112/><U20/><E115/><V64/><F64/><W120/><G120/><T60/><D48/><U132/><E117/><V26/><F113/><W9/><REACH who="3" step="1"/><G111/><REACH who="3" ten="408,120,195,267" step="2"/><T68/><D72/><U70/><E108/><V107/><F74/><W133/><G133/><T126/><D96/><U0/><E132/><V27/><F73/><W49/><G49/><T91/><D85/><U63/><E63/><V36/><F134/><W78/><G78/><T76/><D77/><U47/><E47/><AGARI ba="0,1" hai="9,14,18,47,51,53,58,62,65,97,102,106,109,110" machi="47" ten="40,3900,0" yaku="1,1,52,1,53,0" doraHai="55" doraHaiUra="21" who="3" fromWho="1" sc="408,0,120,-39,195,0,267,49" /><INIT seed="7,1,0,5,2,121" ten="408,81,195,316" oya="3" hai0="23,107,49,90,64,65,55,130,45,16,25,83,53" hai1="122,33,62,101,80,46,57,93,103,133,4,0,5" hai2="134,67,89,76,38,21,112,117,69,124,56,113,72" hai3="85,79,12,110,77,135,108,74,96,68,24,63,127"/><W14/><G127/><T102/><D130/><U3/><E133/><V58/><F21/><W95/><G135/><T91/><D107/><U31/><E122/><V126/><F89/><N who="0" m="33802" /><D102/><U37/><E33/><V26/><F26/><W75/><G85/><T35/><D35/><U36/><E31/><V41/><F76/><N who="3" m="29259" /><G24/><T60/><D83/><U27/><E27/><V100/><F100/><N who="3" m="60447" /><G63/><T10/><D10/><U9/><E46/><V106/><F72/><N who="3" m="27691" /><G68/><T111/><D111/><AGARI ba="1,0" hai="12,14,108,110,111" m="27691,60447,29259" machi="111" ten="30,11600,0" yaku="10,1,52,3" doraHai="121" who="3" fromWho="0" sc="408,-119,81,0,195,0,316,119" owari="289,8.9,81,-41.9,195,-20.5,435,53.5" /></mjloggm>