<mjloggm ver="2.3"><GO type="41" lobby="0"/><UN n0="%E9%97%87%E3%81%AE%E5%A4%A7%E9%AD%94%E7%8E%8B%E3%82%BE%E3%83%BC%E3%83%9E" n1="%74%65%74%74%65%72%65" n2="%E3%81%AB%E3%81%98%E3%82%85%E3%81%86%E3%81%94" n3="%E2%93%9D%4C%75%63%6B%79%4A" dan="15,14,14,18" rate="1988.66,1953.22,1928.90,2159.23" sx="M,M,F,M"/><TAIKYOKU oya="0"/><INIT seed="0,0,0,3,1,109" ten="250,250,250,250" oya="0" hai0="9,86,103,8,12,29,64,60,135,107,52,55,16" hai1="78,105,40,43,19,7,112,111,26,98,74,63,21" hai2="41,130,101,114,24,119,126,51,118,22,115,17,59" hai3="57,113,125,85,54,42,18,34,45,88,117,32,68"/><T10/><D135/><U132/><E111/><V53/><F130/><W95/><G68/><T127/><D127/><U23/><E132/><V56/><F126/><W15/><G125/><T104/><D29/><U102/><E7/><V92/><F41/><W6/><G117/><N who="2" m="44553" /><F59/><W84/><G85/><T91/><D103/><U38/><E63/><V39/><F39/><W89/><G89/><T110/><D110/><U49/><E38/><V97/><AGARI ba="0,0" hai="17,22,24,51,53,56,92,97,101,114,115" m="44553" machi="97" ten="30,4000,0" yaku="12,1,52,2" doraHai="109" who="2" fromWho="2" sc="250,-20,250,-10,250,40,250,-10" /><INIT seed="1,0,0,0,3,5" ten="230,240,290,240" oya="1" hai0="130,86,23,30,0,4,121,76,52,65,87,90,42" hai1="119,10,66,83,31,27,46,112,37,13,81,73,88" hai2="2,113,91,116,115,63,25,128,21,129,38,62,3" hai3="69,80,118,131,41,109,32,72,40,98,108,70,68"/><U82/><E112/><N who="2" m="43083" /><F38/><W97/><G32/><T111/><D130/><N who="2" m="50282" /><F91/><W8/><G131/><T96/><D121/><U45/><E119/><V127/><F116/><W122/><G118/><T20/><D111/><N who="3" m="42569" /><G122/><T100/><D65/><U89/><E73/><V95/><F95/><W92/><G92/><T36/><D76/><U126/><E126/><V77/><F77/><W28/><G28/><T74/><D86/><U53/><E66/><V17/><F127/><W93/><G93/><T39/><D74/><U47/><E37/><V24/><F24/><W57/><G80/><T107/><D36/><U19/><REACH who="1" step="1"/><E53/><REACH who="1" ten="230,230,290,240" step="2"/><V79/><F79/><W7/><G72/><T59/><D39/><U110/><E110/><V9/><F63/><W55/><G41/><T78/><D42/><U114/><E114/><V134/><F62/><N who="3" m="36159" /><G40/><T58/><D78/><U71/><E71/><N who="3" m="18178" /><W67/><DORA hai="124" /><G67/><T84/><D52/><U26/><E26/><V22/><F25/><W43/><G43/><T105/><D105/><U123/><E123/><V50/><F50/><W16/><G98/><T106/><D96/><U1/><E1/><N who="2" m="11" /><F134/><W61/><G61/><T49/><D107/><U101/><E101/><V102/><F102/><W14/><G97/><T120/><D100/><U60/><E60/><V125/><F125/><W133/><G133/><T104/><D106/><U12/><E12/><AGARI ba="0,1" hai="9,12,17,21,22" m="11,50282,43083" machi="12" ten="40,16000,3" yaku="11,1,19,1,34,2,52,4" doraHai="5,124" who="2" fromWho="1" sc="230,0,230,-160,290,170,240,0" /><INIT seed="2,0,0,1,1,94" ten="230,70,460,240" oya="2" hai0="52,86,112,2,45,102,39,68,84,100,64,89,21" hai1="22,58,40,118,37,81,83,1,13,125,8,6,38" hai2="69,42,121,11,10,72,47,55,115,96,31,26,97" hai3="7,53,107,87,71,33,90,28,43,48,134,59,34"/><V67/><F121/><W128/><G71/><T92/><D112/><U36/><E125/><V124/><F72/><W65/><G107/><T61/><D2/><U63/><E118/><V54/><F115/><W60/><G134/><T46/><D84/><U57/><E40/><V99/><F124/><W51/><G7/><T122/><D122/><U25/><E1/><V80/><F80/><W41/><G128/><T91/><D91/><U119/><E119/><V73/><F73/><W133/><G133/><T29/><D45/><U62/><E22/><N who="2" m="15831" /><F67/><W27/><G34/><T88/><D89/><U130/><E25/><V93/><F93/><W77/><G77/><T98/><D21/><U14/><E130/><V113/><F69/><W131/><G131/><T132/><D29/><U75/><E75/><V120/><F120/><W104/><G104/><T12/><D132/><U15/><E8/><N who="2" m="3115" /><F113/><W103/><G65/><T76/><D76/><U114/><E6/><V85/><F85/><W129/><G129/><T32/><D86/><U23/><E23/><V56/><F56/><W0/><G0/><T126/><D126/><U16/><E16/><V116/><F116/><W95/><G87/><T111/><D68/><U127/><E127/><V117/><F117/><W108/><G59/><N who="1" m="22538" /><E114/><V50/><AGARI ba="0,0" hai="42,47,50,54,55,96,97,99" m="3115,15831" machi="50" ten="30,11700,0" yaku="8,1,52,3" doraHai="94" who="2" fromWho="2" sc="230,-39,70,-39,460,117,240,-39" /><INIT seed="2,1,0,3,3,129" ten="191,31,577,201" oya="2" hai0="26,134,22,105,130,36,83,56,17,128,108,102,10" hai1="47,38,1,7,121,8,99,30,120,29,107,9,18" hai2="31,124,25,20,59,84,21,93,91,45,87,73,0" hai3="103,58,28,126,41,66,131,127,94,34,75,95,118"/><V11/><F73/><W68/><G118/><T13/><D108/><U85/><E85/><V46/><F124/><N who="3" m="47659" /><G41/><T35/><D36/><U77/><E77/><V76/><F59/><W86/><G131/><N who="0" m="50219" /><D83/><U98/><E47/><N who="2" m="17931" /><F0/><W112/><G112/><T115/><D56/><U3/><E38/><V63/><F63/><N who="3" m="40031" /><G75/><T88/><D115/><U122/><E107/><V82/><F20/><W5/><G58/><T97/><D35/><U67/><E67/><V106/><F106/><W60/><G60/><T79/><D79/><U132/><E98/><V119/><F119/><W16/><G34/><T53/><D53/><U116/><E99/><V42/><F42/><W74/><G74/><T69/><D69/><U52/><E52/><V104/><F104/><W110/><G110/><T43/><D43/><U133/><E116/><V44/><F44/><W92/><G86/><T123/><D123/><U111/><E111/><V4/><F4/><W2/><G5/><N who="0" m="3279" /><D88/><U19/><E122/><V50/><F50/><W96/><G96/><T78/><D78/><U90/><E90/><V101/><F101/><W37/><G103/><T125/><D125/><U100/><E100/><V49/><F49/><W135/><G37/><T72/><D72/><U40/><E40/><V65/><F65/><W81/><G95/><T117/><D117/><U15/><REACH who="1" step="1"/><E7/><REACH who="1" ten="191,21,577,201" step="2"/><V71/><F71/><W89/><G89/><T62/><D62/><U64/><E64/><V113/><F113/><W114/><G114/><T109/><D109/><U39/><E39/><V51/><F51/><W33/><G94/><T32/><D32/><RYUUKYOKU ba="1,1" sc="191,10,21,10,577,10,201,-30" hai0="17,22,26,97,102,105,134" hai1="1,3,8,9,15,18,19,29,30,120,121,132,133" hai2="11,21,25,31,76,82,84,87,91,93" /><INIT seed="2,2,1,1,1,32" ten="201,31,587,171" oya="2" hai0="123,14,88,49,18,79,65,34,19,133,48,46,22" hai1="105,130,99,5,122,70,111,23,120,126,118,108,1" hai2="68,61,124,127,37,89,98,92,33,8,110,116,78" hai3="52,11,95,36,29,93,59,15,119,16,3,82,87"/><V21/><F116/><W76/><G119/><T25/><D123/><N who="1" m="47147" /><E70/><V94/><F33/><W30/><G36/><T69/><D133/><U62/><E62/><V26/><F37/><W39/><G39/><T132/><D34/><U13/><E99/><V9/><F78/><W41/><G41/><T121/><D79/><U75/><E105/><V131/><F131/><W0/><G3/><T50/><D132/><U72/><E118/><V44/><F44/><W27/><G0/><T106/><D106/><U24/><E75/><V104/><F104/><W109/><G109/><N who="1" m="42058" /><E72/><V134/><F134/><W91/><G27/><T7/><D69/><U38/><E38/><V84/><F61/><N who="3" m="36071" /><G95/><T74/><D74/><U101/><E101/><N who="2" m="60615" /><F68/><W80/><G82/><T117/><D117/><U81/><E81/><V47/><F47/><W85/><AGARI ba="2,1" hai="11,15,16,29,30,76,80,85,87,91,93" m="36071" machi="85" ten="30,4000,0" yaku="8,1,54,2" doraHai="32" who="3" fromWho="3" sc="201,-12,31,-12,587,-22,171,56" /><INIT seed="3,0,0,0,3,131" ten="189,19,565,227" oya="3" hai0="108,88,36,102,79,30,61,93,135,34,71,134,87" hai1="72,128,5,99,113,116,66,101,23,0,89,14,92" hai2="11,121,65,54,46,130,96,38,100,2,45,118,111" hai3="55,13,3,64,21,80,56,58,8,122,125,35,25"/><W104/><G122/><T94/><D108/><U115/><E128/><V69/><F111/><W91/><G104/><T127/><D36/><U12/><E116/><V33/><F118/><W31/><G125/><T53/><D127/><U95/><E72/><V40/><F33/><W60/><G3/><T48/><D79/><U57/><E0/><V51/><F130/><W109/><G109/><T37/><D37/><U67/><E5/><V44/><F2/><W75/><G35/><T110/><D110/><U20/><E113/><V112/><F112/><W24/><G25/><T42/><D42/><U132/><E132/><N who="0" m="50729" /><D71/><U41/><E41/><V7/><F121/><W70/><G75/><T68/><D68/><U6/><E6/><V119/><F119/><W43/><G43/><T49/><D61/><U114/><E114/><V117/><F117/><W97/><G70/><T10/><D10/><U105/><E105/><V73/><F73/><W123/><G123/><T106/><D106/><U22/><E115/><V84/><F69/><W107/><G107/><T74/><D74/><U4/><E4/><V78/><F7/><W124/><G8/><T52/><D102/><U126/><E126/><V29/><F38/><W27/><G124/><T85/><D85/><N who="1" m="52271" /><E67/><V63/><F84/><W90/><G64/><T17/><D17/><U62/><AGARI ba="0,0" hai="12,14,20,22,23,57,62,66,95,99,101" m="52271" machi="62" ten="30,1100,0" yaku="8,1" doraHai="131" who="1" fromWho="1" sc="189,-3,19,11,565,-3,227,-5" /><INIT seed="4,0,0,4,2,14" ten="186,30,562,222" oya="0" hai0="102,28,75,61,92,65,29,86,39,87,128,121,125" hai1="57,78,16,67,56,114,127,106,54,73,108,10,55" hai2="116,90,77,41,81,20,100,31,53,105,115,50,45" hai3="48,26,35,97,82,95,21,109,51,22,120,85,79"/><T103/><D128/><U111/><E106/><V134/><F115/><W23/><G109/><T83/><D125/><U110/><E127/><V135/><F116/><W76/><G120/><T18/><D39/><U62/><E114/><V69/><F69/><W13/><G79/><T94/><D75/><U34/><E34/><V3/><F3/><W2/><G2/><T46/><D121/><U74/><E78/><V0/><F0/><W117/><G117/><T123/><D123/><U71/><E71/><V58/><F90/><W25/><G13/><T104/><D104/><U33/><E33/><V88/><F88/><N who="3" m="55527" /><G35/><T36/><D36/><U7/><E7/><V60/><F100/><N who="0" m="38442" /><D87/><U107/><E107/><V17/><F31/><N who="0" m="11850" /><D46/><U98/><E98/><V96/><F96/><W72/><G72/><T130/><D130/><U6/><E6/><V9/><F105/><W84/><G85/><T5/><D5/><U119/><E119/><V93/><F93/><N who="0" m="35946" /><D61/><U70/><E70/><V42/><F42/><W101/><G101/><T4/><D4/><U43/><E73/><V8/><F77/><W126/><G126/><T11/><D86/><U99/><E74/><V133/><F81/><W12/><G12/><AGARI ba="0,0" hai="8,9,12,17,20,41,45,50,53,58,60,133,134,135" machi="12" ten="40,2600,0" yaku="20,1,52,1" doraHai="14" who="2" fromWho="3" sc="186,0,30,0,562,26,222,-26" /><INIT seed="5,0,0,4,3,5" ten="186,30,588,196" oya="1" hai0="63,53,11,135,67,117,68,108,88,59,57,55,93" hai1="130,109,99,41,73,81,14,131,42,118,78,9,128" hai2="32,76,66,86,94,85,119,107,51,54,28,43,31" hai3="45,103,102,90,38,97,30,8,101,12,56,72,4"/><U7/><E118/><V52/><F107/><W19/><G72/><T120/><D108/><U91/><REACH who="1" step="1"/><E109/><REACH who="1" ten="186,20,588,196" step="2"/><V132/><F119/><W95/><G30/><T70/><D117/><U15/><E15/><V25/><F31/><W49/><G38/><T89/><D120/><U121/><E121/><V83/><F132/><W106/><G106/><T100/><D135/><U126/><E126/><V124/><F124/><W46/><G4/><T111/><D111/><U82/><E82/><V2/><F2/><W39/><G39/><T47/><D93/><AGARI ba="0,1" hai="7,9,14,41,42,73,78,81,91,93,99,128,130,131" machi="93" ten="40,12000,1" yaku="1,1,19,1,52,1,53,1" doraHai="5" doraHaiUra="74" who="1" fromWho="0" sc="186,-120,20,130,588,0,196,0" /><INIT seed="5,1,0,5,3,135" ten="66,150,588,196" oya="1" hai0="9,66,80,125,130,128,42,20,50,41,103,58,71" hai1="79,52,95,27,93,122,98,113,56,26,39,117,88" hai2="87,127,105,61,132,120,108,54,34,63,99,73,7" hai3="121,13,57,28,62,72,18,59,111,31,102,131,23"/><U35/><E113/><V3/><F120/><W69/><G72/><T29/><D80/><U82/><E39/><V64/><F34/><W11/><G111/><T36/><D103/><U86/><E122/><V97/><F127/><W124/><G69/><T10/><D71/><U47/><E47/><V109/><F73/><W90/><G131/><N who="0" m="50219" /><D36/><U101/><E35/><V2/><F132/><W53/><G124/><T17/><D29/><U15/><E15/><V118/><F118/><W37/><G102/><T5/><D5/><U112/><E112/><V106/><F7/><W1/><G37/><T16/><D125/><U21/><E21/><V68/><F68/><W114/><G114/><T126/><D126/><U78/><E78/><V89/><F87/><W25/><G1/><T123/><D123/><U110/><E110/><V65/><F54/><N who="3" m="34167" /><G90/><AGARI ba="1,0" hai="2,3,61,63,64,65,89,90,97,99,105,106,108,109" machi="90" ten="25,1600,0" yaku="22,2" doraHai="135" who="2" fromWho="3" sc="66,0,150,0,588,19,196,-19" /><INIT seed="6,0,0,5,3,100" ten="66,150,607,177" oya="2" hai0="84,56,22,97,45,59,26,42,40,63,67,0,133" hai1="132,58,86,120,102,99,112,131,30,33,117,135,44" hai2="3,127,29,1,98,75,23,15,41,2,27,9,34" hai3="47,55,93,126,61,129,43,11,65,114,72,12,105"/><V115/><F75/><W91/><G72/><T80/><D133/><U83/><E112/><V8/><F98/><W79/><G126/><T66/><D0/><U94/><E117/><V74/><F74/><W118/><G129/><T7/><D7/><U82/><E131/><V134/><F41/><W51/><G79/><T95/><D45/><U64/><E44/><V46/><F46/><W62/><G105/><T4/><D4/><U107/><E120/><V81/><F81/><W53/><G114/><T48/><D48/><U54/><E64/><V38/><F38/><W122/><G122/><T128/><D128/><U76/><E30/><V116/><F116/><W88/><G91/><T57/><D57/><U101/><E33/><V70/><F70/><W32/><G32/><T92/><D92/><N who="1" m="58599" /><E54/><N who="3" m="20490" /><G65/><T17/><D84/><N who="1" m="48199" /><E58/><V87/><F87/><N who="3" m="52383" /><G118/><T85/><D95/><U39/><E39/><V119/><F119/><W31/><G31/><T35/><D97/><N who="1" m="61903" /><E94/><V10/><F115/><W25/><G25/><T36/><D35/><U16/><E16/><AGARI ba="0,0" hai="11,12,16,43,47,51,61,62" m="52383,20490" machi="16" ten="30,3900,0" yaku="8,1,54,2" doraHai="100" who="3" fromWho="1" sc="66,0,150,-39,607,0,177,39" /><INIT seed="7,0,0,1,1,101" ten="66,111,607,216" oya="3" hai0="73,135,77,103,126,57,29,115,36,82,25,52,45" hai1="84,83,55,129,22,75,46,4,67,111,74,81,44" hai2="11,131,127,65,32,20,28,23,53,97,92,56,113" hai3="105,90,68,89,33,63,5,64,2,17,125,19,7"/><W122/><G122/><T116/><D126/><U31/><E129/><V88/><F127/><W80/><G125/><T110/><D110/><U35/><E35/><V132/><F132/><W72/><G33/><T54/><D116/><U70/><E4/><V66/><F113/><W109/><G109/><T107/><D135/><U114/><E114/><V12/><F32/><W27/><G105/><T117/><D117/><U41/><E55/><V94/><F94/><W48/><G48/><T30/><D115/><U108/><E67/><N who="2" m="25611" /><F28/><W78/><G7/><T24/><D30/><U9/><E9/><V47/><F47/><W118/><G118/><T95/><D95/><U79/><E22/><V61/><F131/><W96/><G96/><T1/><D1/><U58/><E58/><V62/><F62/><W71/><G71/><T38/><D25/><U26/><E26/><V112/><F112/><W99/><G99/><T8/><D8/><U133/><E31/><V37/><F37/><W76/><G78/><T87/><D73/><U120/><E133/><V10/><F10/><W39/><G39/><T91/><D77/><U86/><E79/><V49/><F61/><W43/><G43/><T104/><D103/><U51/><E51/><V18/><AGARI ba="0,0" hai="11,12,18,20,23,49,53,56,88,92,97" m="25611" machi="18" ten="30,2000,0" yaku="8,1,54,1" doraHai="101" who="2" fromWho="2" sc="66,-5,111,-5,607,20,216,-10" owari="61,-43.9,106,-29.4,627,72.7,206,0.6" /></mjloggm>