<mjloggm ver="2.3"><GO type="41" lobby="0"/><UN n0="%E2%98%85%E3%82%86%E3%81%86%E3%81%99%E3%81%91%E2%98%85" n1="%68%72%77%31%32%38" n2="%70%67%34%36%70" n3="%E2%93%9D%4C%75%63%6B%79%4A" dan="14,14,15,15" rate="1960.77,1955.52,1975.57,2129.13" sx="M,M,M,M"/><TAIKYOKU oya="0"/><INIT seed="0,0,0,4,0,97" ten="250,250,250,250" oya="0" hai0="10,54,3,92,70,105,78,43,59,55,37,64,0" hai1="79,36,83,124,44,29,53,11,95,76,58,94,91" hai2="50,22,32,115,41,116,118,35,81,1,8,134,109" hai3="104,96,77,40,14,90,52,86,31,2,13,67,72"/><T68/><D105/><U21/><E124/><V60/><F115/><W100/><G2/><T74/><D64/><U34/><E34/><V114/><F114/><W69/><G40/><T113/><D0/><U119/><E119/><V18/><F60/><W20/><G69/><T84/><D113/><U106/><E106/><V39/><F50/><W125/><G67/><T17/><D43/><U6/><E36/><V71/><F71/><W85/><G86/><T66/><D66/><U9/><E44/><V112/><F112/><W65/><G65/><T16/><D74/><U4/><E21/><V132/><F81/><N who="3" m="45223" /><G125/><T111/><D37/><U27/><E27/><V19/><F41/><W87/><G87/><T48/><D68/><U24/><E24/><V121/><F39/><W30/><G52/><T23/><D70/><U15/><E29/><N who="3" m="10762" /><G20/><T33/><D33/><U56/><E53/><V57/><F22/><W122/><G122/><T62/><D3/><U130/><E83/><V88/><F1/><W82/><G14/><N who="0" m="9623" /><D78/><U28/><E28/><V7/><F121/><W26/><G13/><N who="0" m="7351" /><D55/><U80/><E15/><V5/><F118/><W12/><G12/><T63/><D111/><U45/><E79/><V51/><F109/><W75/><G26/><T131/><D131/><U49/><E130/><V103/><F116/><W46/><G75/><T42/><D42/><U123/><E123/><V93/><F35/><W120/><G120/><T135/><D135/><U110/><E110/><V25/><F134/><W107/><G107/><T98/><D84/><U47/><E76/><V38/><F32/><RYUUKYOKU ba="0,0" sc="250,15,250,-15,250,-15,250,15" hai0="48,54,59,62,63,92,98" hai3="46,82,85,90,96,100,104" /><INIT seed="0,1,0,4,1,93" ten="265,235,235,265" oya="0" hai0="13,134,3,97,59,54,129,11,55,9,48,24,58" hai1="37,89,127,61,119,29,19,16,60,135,126,34,112" hai2="105,63,90,21,10,36,25,7,116,99,83,120,114" hai3="88,125,71,23,51,8,79,15,18,53,103,20,122"/><T70/><D70/><U50/><E119/><V124/><F124/><N who="1" m="47657" /><E37/><V81/><F120/><W65/><G125/><T98/><D129/><U84/><E135/><V31/><F114/><W132/><G79/><T64/><D134/><U95/><E112/><V82/><F36/><W2/><G2/><T77/><D77/><U106/><E106/><V85/><F63/><N who="1" m="24137" /><E50/><V118/><F116/><W62/><G103/><T72/><D64/><U30/><E34/><V67/><F67/><W104/><G104/><T47/><D72/><U32/><E32/><V73/><F73/><W87/><G122/><T46/><D3/><U101/><E101/><V6/><F105/><W27/><G27/><T43/><D24/><U130/><E130/><V38/><F38/><W80/><REACH who="3" step="1"/><G132/><REACH who="3" ten="265,235,235,255" step="2"/><T78/><D78/><U96/><E84/><V121/><F85/><W86/><G86/><T41/><D13/><U113/><E113/><V94/><F121/><W45/><AGARI ba="1,1" hai="8,15,18,20,23,45,51,53,62,65,71,80,87,88" machi="45" ten="20,12000,2" yaku="1,1,0,1,7,1,25,2,54,1,53,0" doraHai="93" doraHaiUra="0" who="3" fromWho="3" sc="265,-61,235,-31,235,-31,255,133" /><INIT seed="1,0,0,5,0,46" ten="204,204,204,388" oya="1" hai0="96,83,104,94,54,38,32,14,127,61,44,43,130" hai1="11,7,19,36,60,107,0,18,100,135,47,51,37" hai2="129,8,3,30,91,34,72,9,128,124,40,1,92" hai3="13,118,5,122,17,85,52,132,81,2,123,113,105"/><U108/><E135/><V4/><F72/><W39/><G39/><T80/><D104/><U49/><E108/><V6/><F124/><W26/><G105/><T76/><D32/><U97/><E37/><V89/><F40/><W86/><G2/><T21/><D127/><U79/><E79/><V102/><F102/><W53/><G5/><T56/><D130/><U112/><E112/><V101/><F101/><W29/><G113/><T31/><D76/><U88/><E60/><V78/><F78/><W66/><G66/><T70/><D70/><U10/><E88/><V110/><F110/><W93/><G93/><T131/><D131/><N who="2" m="50250" /><F92/><W82/><G118/><T57/><D94/><U99/><E99/><V27/><AGARI ba="0,0" hai="1,3,4,6,8,9,27,30,34,89,91" m="50250" machi="27" ten="30,1100,0" yaku="19,1" doraHai="46" who="2" fromWho="2" sc="204,-3,204,-5,204,11,388,-3" /><INIT seed="2,0,0,3,4,130" ten="201,199,215,385" oya="2" hai0="121,75,59,89,106,7,124,56,37,39,93,38,3" hai1="108,16,94,62,53,51,14,21,25,61,19,54,65" hai2="81,1,120,87,122,58,57,46,47,60,88,50,40" hai3="102,24,85,32,44,131,132,116,55,127,30,126,35"/><V15/><F1/><W114/><G102/><T83/><D121/><U5/><E108/><V0/><F0/><W69/><G69/><T78/><D124/><N who="3" m="47657" /><G85/><T64/><D106/><U70/><E5/><V99/><F99/><W119/><G55/><T28/><D28/><U86/><E62/><V43/><F15/><W73/><G44/><T67/><D7/><U77/><E51/><V49/><REACH who="2" step="1"/><F58/><REACH who="2" ten="201,199,205,385" step="2"/><W22/><G131/><T100/><D3/><U68/><E68/><V2/><F2/><W9/><G119/><T27/><D100/><U103/><E103/><V20/><F20/><W33/><G116/><T84/><D27/><U123/><E123/><V29/><F29/><W129/><G22/><T74/><D59/><U109/><E109/><V66/><AGARI ba="0,1" hai="40,43,46,47,49,50,57,60,66,81,87,88,120,122" machi="66" ten="20,18000,2" yaku="1,1,0,1,7,1,9,1,54,1,53,1" doraHai="130" doraHaiUra="79" who="2" fromWho="2" sc="201,-60,199,-60,205,190,385,-60" /><INIT seed="2,1,0,4,3,100" ten="141,139,395,325" oya="2" hai0="0,49,44,84,10,37,85,71,5,26,101,122,115" hai1="39,46,131,15,124,51,16,47,32,106,56,58,2" hai2="104,82,130,13,134,113,20,76,22,78,4,80,41" hai3="116,94,55,54,36,119,72,108,118,62,129,87,14"/><V59/><F134/><W9/><G72/><T66/><D115/><U132/><E2/><V31/><F130/><W17/><G36/><T70/><D122/><U96/><E32/><V38/><F59/><W112/><G112/><T68/><D37/><U133/><E131/><V109/><F109/><W97/><G129/><T95/><D66/><U1/><E1/><V88/><F113/><W67/><G87/><T123/><D26/><U23/><E124/><V6/><F38/><W79/><G79/><T64/><D64/><U48/><E39/><V111/><F41/><W28/><G28/><T42/><D123/><U57/><E48/><V18/><F111/><W127/><G127/><T125/><D125/><U114/><E114/><V24/><F104/><W117/><N who="3" m="29696" /><DORA hai="120" /><W99/><G99/><T8/><REACH who="0" step="1"/><D10/><REACH who="0" ten="131,139,395,325" step="2"/><U90/><E133/><V74/><REACH who="2" step="1"/><F88/><REACH who="2" ten="131,139,385,325" step="2"/><W89/><REACH who="3" step="1"/><G108/><REACH who="3" ten="131,139,385,315" step="2"/><T30/><D30/><U81/><E132/><V12/><F12/><W63/><G63/><T73/><D73/><AGARI ba="1,3" hai="4,6,13,18,20,22,24,31,73,74,76,78,80,82" machi="73" ten="30,11600,0" yaku="1,1,7,1,9,1,53,1" doraHai="100,120" doraHaiUra="27,50" who="2" fromWho="0" sc="131,-119,139,0,385,149,315,0" /><INIT seed="2,2,0,2,1,23" ten="12,139,534,315" oya="2" hai0="80,50,32,60,3,104,73,90,68,22,98,69,30" hai1="91,70,21,124,27,107,28,55,59,100,115,46,76" hai2="102,7,65,101,84,97,6,8,87,49,53,71,19" hai3="88,126,111,120,41,95,2,4,11,127,108,25,122"/><V26/><F102/><W63/><G41/><T82/><D3/><U43/><E115/><V29/><F19/><W81/><G63/><T119/><D50/><U121/><E70/><V48/><F48/><W114/><G81/><T133/><D68/><U5/><E124/><N who="3" m="47658" /><G114/><T24/><D133/><U67/><E76/><V123/><F123/><N who="3" m="47147" /><G25/><N who="0" m="18511" /><D119/><U10/><E67/><V66/><F65/><W129/><G129/><T16/><D90/><U18/><E121/><V13/><F7/><W64/><G64/><N who="0" m="41095" /><D73/><U96/><E91/><V40/><F66/><W58/><G58/><T92/><D92/><U128/><E128/><V44/><F40/><W0/><G2/><T78/><D78/><U74/><E74/><V52/><F53/><W94/><G95/><T89/><D89/><U112/><E112/><V83/><F83/><W36/><G36/><T99/><D99/><AGARI ba="2,0" hai="0,4,11,88,94,99,108,111" m="47147,47658" machi="99" ten="30,2000,0" yaku="18,1,54,1" doraHai="23" who="3" fromWho="0" sc="12,-26,139,0,534,0,315,26" owari="-14,-51.4,139,-26.1,534,63.4,341,14.1" /></mjloggm>