<mjloggm ver="2.3"><GO type="41" lobby="0"/><UN n0="%E3%81%97%E3%82%8D%E3%81%9F%E3%81%AC%E3%81%8D" n1="%61%6E%6A%65%6C%6F" n2="%E6%AD%A3%E9%87%8E%E5%BC%98%E8%A8%98" n3="%E2%93%9D%4C%75%63%6B%79%4A" dan="13,14,13,16" rate="1870.73,1900.04,1824.43,2166.98" sx="M,M,M,M"/><TAIKYOKU oya="0"/><INIT seed="0,0,0,0,5,82" ten="250,250,250,250" oya="0" hai0="100,102,24,62,124,97,28,33,50,22,130,42,11" hai1="107,95,112,30,31,113,46,119,125,117,23,4,77" hai2="34,36,44,105,35,45,120,51,37,81,101,17,32" hai3="83,132,49,63,115,131,88,60,53,18,14,109,99"/><T122/><D122/><U108/><E107/><V80/><F120/><W9/><G115/><T52/><D130/><U118/><E77/><V73/><F17/><W85/><G131/><T10/><D124/><U55/><E46/><V134/><F134/><W0/><G0/><T71/><D102/><U87/><E55/><V70/><F70/><W116/><G116/><T3/><D3/><U61/><E61/><V103/><F35/><W57/><G109/><T64/><D42/><U7/><E108/><V5/><F51/><W123/><G123/><T69/><D69/><U40/><E40/><V127/><F73/><W54/><G132/><T13/><D13/><U43/><E43/><V91/><F91/><W1/><G1/><T128/><D22/><U12/><E125/><V59/><F59/><W56/><G99/><T94/><D128/><U19/><E87/><V38/><F38/><W72/><G72/><T74/><D74/><U133/><E95/><V79/><F79/><W106/><G106/><T8/><D8/><U20/><E133/><V84/><F105/><W110/><G110/><T86/><REACH who="0" step="1"/><D86/><REACH who="0" ten="240,250,250,250" step="2"/><U90/><E23/><V48/><F84/><W26/><G26/><T6/><D6/><U135/><E135/><V65/><F5/><W41/><G41/><T39/><D39/><U25/><E4/><V92/><F127/><W129/><G129/><T89/><D89/><U126/><E7/><V75/><F75/><W68/><G68/><T15/><D15/><U104/><E126/><V121/><F103/><W67/><G54/><T29/><D29/><U27/><E31/><RYUUKYOKU ba="0,1" sc="240,15,250,-15,250,-15,250,15" hai0="10,11,24,28,33,50,52,62,64,71,94,97,100" hai3="9,14,18,49,53,56,57,60,63,67,83,85,88" /><INIT seed="0,1,1,2,4,121" ten="255,235,235,265" oya="0" hai0="123,28,5,63,116,98,115,102,14,61,124,88,8" hai1="43,41,83,52,106,59,3,85,125,117,96,16,60" hai2="67,58,46,82,56,105,38,1,128,103,40,75,135" hai3="92,108,66,37,44,55,22,25,100,119,84,95,64"/><T42/><D115/><U76/><E3/><V131/><F135/><W69/><G119/><T122/><D116/><U47/><E117/><V21/><F21/><W90/><G69/><T81/><D124/><U51/><E125/><V50/><F1/><W54/><G37/><T78/><D28/><U77/><E77/><V130/><F38/><W111/><G100/><T20/><D20/><U91/><E106/><V10/><F67/><N who="3" m="25643" /><G95/><T11/><D11/><U99/><E43/><V17/><F82/><W132/><G44/><T4/><D42/><U9/><E76/><V79/><F79/><W86/><G86/><T110/><D5/><U97/><E97/><V19/><F75/><W104/><G104/><T7/><D7/><U45/><E45/><V36/><F10/><W2/><G2/><T112/><D112/><U87/><E87/><V53/><F58/><W70/><G70/><T74/><D122/><U34/><E34/><V29/><F29/><N who="3" m="17591" /><G132/><T31/><D31/><U68/><E68/><V30/><F30/><W39/><G39/><T6/><D6/><U107/><E107/><V24/><F24/><W23/><G23/><T126/><D126/><U62/><E62/><V133/><F133/><W89/><G90/><T49/><D102/><U26/><E9/><V71/><F71/><W94/><G94/><T15/><D15/><U48/><E60/><V18/><F105/><W101/><G101/><AGARI ba="1,1" hai="17,18,19,36,40,46,50,53,56,101,103,128,130,131" machi="101" ten="50,1600,0" yaku="19,1" doraHai="121" who="2" fromWho="3" sc="255,0,235,0,235,29,265,-19" /><INIT seed="1,0,0,3,0,89" ten="255,235,264,246" oya="1" hai0="84,29,27,74,17,0,20,104,54,10,135,94,109" hai1="31,30,51,64,34,61,6,22,92,69,13,128,59" hai2="93,2,126,113,45,101,24,19,117,43,116,131,47" hai3="114,65,60,68,86,130,115,1,32,112,57,88,35"/><U124/><E128/><V70/><F70/><W81/><G130/><T8/><D104/><U85/><E124/><V132/><F132/><W33/><REACH who="3" step="1"/><G1/><REACH who="3" ten="255,235,264,236" step="2"/><T62/><D0/><U26/><E34/><V99/><F2/><W18/><G18/><T91/><D135/><U100/><E31/><V122/><F131/><W119/><G119/><T38/><D109/><U87/><E6/><V77/><F19/><W23/><G23/><T21/><D74/><U55/><E13/><V118/><F118/><W44/><G44/><T66/><D38/><U63/><REACH who="1" step="1"/><E51/><REACH who="1" ten="255,225,264,236" step="2"/><V14/><F117/><W107/><G107/><T42/><D29/><U4/><E4/><V5/><F5/><W53/><G53/><T67/><D21/><U133/><E133/><V75/><F14/><W98/><G98/><AGARI ba="0,2" hai="22,26,30,55,59,61,63,64,69,85,87,92,98,100" machi="98" ten="40,3900,0" yaku="1,1,52,1,53,0" doraHai="89" doraHaiUra="123" who="1" fromWho="3" sc="255,0,225,59,264,0,236,-39" /><INIT seed="1,1,0,4,0,63" ten="255,284,264,197" oya="1" hai0="78,26,10,20,93,14,12,2,45,11,81,134,80" hai1="22,17,112,129,51,53,82,76,120,46,18,31,130" hai2="9,13,108,25,133,83,91,47,16,128,8,23,7" hai3="0,21,66,107,24,99,70,92,72,102,15,111,77"/><U100/><E120/><V1/><F108/><W110/><G0/><T37/><D134/><U131/><E112/><V57/><F133/><W84/><G15/><T103/><D103/><U49/><E100/><V135/><F128/><W56/><G70/><T105/><D105/><U30/><E49/><V40/><F57/><W58/><G72/><T39/><D93/><U125/><E125/><V127/><F135/><W42/><G42/><T44/><D2/><U67/><E67/><V36/><F127/><W113/><G113/><T61/><D61/><U117/><E117/><V50/><F91/><W118/><G118/><T19/><D78/><U65/><E65/><V124/><F83/><N who="3" m="47215" /><G107/><T101/><D101/><U55/><E55/><V34/><F124/><W6/><G6/><T121/><D121/><U27/><REACH who="1" step="1"/><E31/><REACH who="1" ten="255,274,264,197" step="2"/><V69/><F50/><W52/><G111/><T126/><D126/><U33/><E33/><V3/><F34/><W68/><G110/><T71/><D71/><U89/><E89/><V29/><REACH who="2" step="1"/><F69/><REACH who="2" ten="255,274,254,197" step="2"/><W115/><G68/><T48/><D39/><U114/><E114/><V90/><F90/><W38/><G115/><T96/><D37/><U109/><E109/><V104/><F104/><W35/><G35/><T32/><D32/><U97/><E97/><V62/><F62/><N who="3" m="38231" /><G38/><T4/><D96/><U43/><E43/><V119/><F119/><W106/><G106/><T98/><D98/><U74/><AGARI ba="1,2" hai="17,18,22,27,30,46,51,53,74,76,82,129,130,131" machi="74" ten="30,6000,0" yaku="1,1,0,1,19,1,53,0" doraHai="63" doraHaiUra="85" who="1" fromWho="1" sc="255,-21,274,83,254,-21,197,-21" /><INIT seed="1,2,0,2,1,129" ten="234,357,233,176" oya="1" hai0="47,127,1,18,80,96,131,118,97,68,132,72,22" hai1="119,66,52,88,114,25,0,3,2,135,46,48,5" hai2="120,124,85,45,69,21,33,30,60,110,94,17,108" hai3="40,28,50,122,107,16,39,76,62,54,87,81,79"/><U59/><E114/><V11/><F120/><W92/><G122/><T104/><D118/><U32/><E119/><V98/><F124/><W61/><G107/><T35/><D131/><U15/><E15/><V95/><F45/><W112/><G28/><T20/><D127/><U89/><E5/><V4/><F30/><W29/><G39/><T24/><D68/><U38/><E32/><V109/><F33/><W125/><G29/><T13/><D35/><U73/><E73/><V134/><F85/><W86/><G40/><T37/><D1/><U36/><E25/><V71/><F94/><W7/><G7/><T128/><D104/><U51/><E36/><V102/><F60/><W26/><G112/><T90/><D128/><U14/><E14/><V82/><F82/><N who="3" m="47583" /><G92/><T100/><D100/><U123/><E123/><V63/><F63/><W58/><G125/><T9/><D22/><AGARI ba="2,0" hai="16,22,26,50,54,58,61,62,76,81,86" m="47583" machi="22" ten="30,2000,0" yaku="8,1,54,1" doraHai="129" who="3" fromWho="0" sc="234,-26,357,0,233,0,176,26" /><INIT seed="2,0,0,5,2,100" ten="208,357,233,202" oya="2" hai0="54,116,113,81,96,93,115,127,67,78,11,120,21" hai1="6,33,94,102,17,79,48,22,62,53,34,75,117" hai2="1,30,108,98,16,41,80,71,114,83,97,9,38" hai3="26,13,45,132,104,65,92,129,27,18,88,76,7"/><V23/><F114/><W5/><G76/><T107/><D120/><U55/><E117/><V110/><F71/><W109/><G104/><T134/><D116/><U123/><E6/><N who="3" m="2058" /><G109/><N who="2" m="42089" /><F1/><W66/><G45/><T126/><D11/><U52/><E102/><V25/><F41/><W28/><G132/><T74/><D67/><N who="3" m="25609" /><G28/><T42/><D42/><U59/><E94/><V40/><F40/><W91/><G129/><T51/><D21/><U60/><E79/><V105/><F38/><W24/><G92/><T44/><D134/><U119/><E75/><V90/><F90/><N who="3" m="34347" /><G13/><T125/><D107/><U133/><E133/><V0/><F0/><W64/><N who="3" m="25617" /><W118/><DORA hai="73" /><G118/><T8/><D8/><U89/><E89/><AGARI ba="0,0" hai="44,51,54,74,78,81,89,93,96,113,115,125,126,127" machi="89" ten="40,2600,0" yaku="18,1,52,1" doraHai="100,73" who="0" fromWho="1" sc="208,26,357,-26,233,0,202,0" /><INIT seed="3,0,0,1,1,50" ten="234,331,233,202" oya="3" hai0="118,99,97,3,49,82,36,105,5,20,90,0,131" hai1="10,34,13,52,112,67,44,71,60,111,84,68,32" hai2="27,81,115,59,29,41,117,4,69,64,47,54,1" hai3="26,87,123,65,119,96,16,21,35,128,2,56,46"/><W122/><G119/><T53/><D36/><U30/><E111/><V7/><F115/><W113/><G113/><T77/><D118/><U76/><E112/><V95/><F117/><W103/><G2/><T102/><D131/><U15/><E71/><V40/><F40/><W58/><G35/><T83/><D99/><U88/><E76/><V48/><F95/><W33/><G33/><T120/><D120/><U22/><E15/><V17/><F17/><W57/><G128/><T8/><D20/><U116/><E116/><V25/><F81/><W23/><G65/><T28/><D28/><U6/><E22/><V133/><F133/><W107/><G46/><T72/><D83/><U108/><E30/><V39/><F27/><W124/><G124/><T121/><D121/><U75/><E75/><V55/><F55/><W130/><G130/><T94/><D94/><U125/><E108/><V126/><F126/><W101/><G103/><T66/><D66/><U110/><E110/><V38/><F38/><W91/><REACH who="3" step="1"/><G23/><REACH who="3" ten="234,331,233,192" step="2"/><T18/><D0/><U86/><E125/><V93/><F1/><W70/><G70/><T51/><D90/><U127/><E127/><V42/><F64/><W109/><G109/><T100/><D100/><U134/><E34/><V98/><F69/><W31/><G31/><T80/><D80/><AGARI ba="0,1" hai="16,21,26,56,57,58,80,87,91,96,101,107,122,123" machi="80" ten="40,7700,0" yaku="1,1,54,1,53,1" doraHai="50" doraHaiUra="85" who="3" fromWho="0" sc="234,-77,331,0,233,0,192,87" /><INIT seed="3,1,0,4,5,13" ten="157,331,233,279" oya="3" hai0="131,10,38,50,19,64,88,47,106,72,101,56,24" hai1="108,60,107,5,100,1,111,62,68,112,14,105,103" hai2="67,3,123,99,39,97,9,78,27,70,114,81,69" hai3="36,89,85,31,75,55,44,42,20,118,12,124,57"/><W40/><G118/><T43/><D72/><U90/><E1/><V66/><F39/><W135/><G135/><T84/><D131/><U76/><E5/><V2/><F114/><W52/><G75/><T80/><D106/><U18/><E76/><V45/><F9/><W54/><G124/><T11/><D101/><U122/><E68/><V109/><F27/><W46/><G31/><T73/><D73/><U92/><E122/><V121/><F45/><W98/><G98/><T28/><D28/><U32/><E32/><V17/><F81/><W61/><G20/><N who="0" m="13343" /><D38/><U21/><E103/><V16/><REACH who="2" step="1"/><F78/><REACH who="2" ten="157,331,223,279" step="2"/><W134/><G134/><T35/><D35/><U30/><E112/><V82/><F82/><W4/><G46/><T34/><D34/><U71/><E105/><V119/><F119/><W79/><G79/><T6/><D6/><U41/><E107/><V115/><F115/><W49/><G36/><T8/><D11/><U77/><E77/><V22/><F22/><W65/><G4/><T110/><D110/><AGARI ba="1,1" hai="2,3,16,17,66,67,69,70,97,99,109,110,121,123" machi="110" ten="25,12000,2" yaku="1,1,22,2,52,2,54,1,53,0" doraHai="13" doraHaiUra="59" who="2" fromWho="0" sc="157,-123,331,0,223,133,279,0" /><INIT seed="4,0,0,4,5,102" ten="34,331,356,279" oya="0" hai0="123,135,42,52,83,54,131,9,107,120,17,3,78" hai1="124,20,118,96,88,51,127,0,39,122,47,94,4" hai2="129,71,13,45,58,61,2,26,90,32,112,1,114" hai3="41,75,12,72,15,33,89,104,103,35,81,22,111"/><T126/><D107/><U27/><E118/><V106/><F71/><W68/><G41/><T40/><D135/><U70/><E70/><V28/><F13/><W25/><G68/><T14/><D3/><U43/><E122/><V76/><F90/><W18/><G111/><T65/><D65/><U24/><E0/><V133/><F76/><W37/><G37/><T125/><D131/><U67/><E67/><V53/><F129/><W19/><G89/><T115/><D115/><U29/><E4/><V63/><F63/><W80/><G25/><T7/><D7/><U108/><E108/><V66/><F106/><W38/><G38/><T34/><D34/><U93/><E93/><V101/><F101/><W82/><G35/><T77/><D83/><U130/><E130/><V113/><F133/><W11/><REACH who="3" step="1"/><G33/><REACH who="3" ten="34,331,356,269" step="2"/><T57/><D14/><U30/><REACH who="1" step="1"/><E39/><REACH who="1" ten="34,321,356,269" step="2"/><V95/><F114/><W73/><G73/><T100/><D100/><U99/><E99/><AGARI ba="0,2" hai="11,12,15,18,19,22,72,75,80,81,82,99,103,104" machi="99" ten="40,2600,0" yaku="1,1,52,1,53,0" doraHai="102" doraHaiUra="69" who="3" fromWho="1" sc="34,0,321,-26,356,0,269,46" /><INIT seed="5,0,0,3,0,101" ten="34,295,356,315" oya="1" hai0="106,98,33,132,88,12,34,26,93,116,44,108,22" hai1="1,99,52,64,102,7,123,23,107,57,50,80,68" hai2="72,71,76,63,85,122,126,45,35,127,96,109,31" hai3="8,70,0,28,19,89,32,77,9,43,117,67,4"/><U79/><E123/><V5/><F85/><W37/><G89/><T82/><D116/><U56/><E1/><V48/><F5/><W51/><G51/><T103/><D108/><U118/><E7/><V114/><F109/><W41/><G117/><T46/><D132/><U47/><E118/><V25/><F122/><W54/><G54/><T61/><D12/><U84/><REACH who="1" step="1"/><E23/><REACH who="1" ten="34,285,356,315" step="2"/><V129/><F126/><W112/><G4/><T20/><D22/><U69/><E69/><V65/><F127/><W29/><G70/><T124/><D124/><U11/><E11/><V104/><F114/><W135/><G9/><T92/><D34/><U125/><E125/><V49/><F129/><W58/><G8/><T83/><D33/><U130/><E130/><V53/><F35/><W90/><G32/><T30/><D61/><AGARI ba="0,1" hai="47,50,52,56,57,61,64,68,79,80,84,99,102,107" machi="61" ten="40,12000,1" yaku="1,1,52,1,54,1,53,1" doraHai="101" doraHaiUra="75" who="1" fromWho="0" sc="34,-120,285,130,356,0,315,0" owari="-86,-58.6,415,51.5,356,15.6,315,-8.5" /></mjloggm>