<mjloggm ver="2.3"><GO type="41" lobby="0"/><UN n0="%E2%93%9D%4C%75%63%6B%79%4A" n1="%E3%82%BF%E3%82%B3%E4%B8%AD%E3%81%AE%E3%82%BF%E3%82%B3" n2="%E3%81%95%E3%81%8F%E3%82%89%E3%82%82%E3%82%82%E3%81%95%E3%81%8F" n3="%E7%A5%A5%E5%AD%90%E5%A4%A7%E5%8F%94%39%37" dan="18,14,14,15" rate="2218.26,1949.98,1922.04,1993.17" sx="M,M,M,M"/><TAIKYOKU oya="0"/><INIT seed="0,0,0,2,1,34" ten="250,250,250,250" oya="0" hai0="0,83,113,33,87,103,132,86,30,114,84,109,51" hai1="40,17,112,93,133,105,128,76,19,43,55,15,135" hai2="121,117,67,90,64,65,62,48,27,5,45,68,11" hai3="46,104,119,74,21,7,59,14,57,134,102,10,37"/><T12/><D33/><U35/><E105/><V56/><F121/><W4/><G119/><T81/><D30/><U38/><E112/><N who="0" m="43113" /><D12/><U96/><E35/><V31/><F117/><W1/><G134/><N who="1" m="51210" /><E128/><V116/><F116/><W101/><G74/><T123/><D51/><U6/><E38/><V115/><F115/><W89/><G7/><T28/><D28/><U94/><E76/><V122/><F122/><W106/><G106/><T3/><D132/><U32/><E32/><V92/><F68/><W73/><G73/><T23/><D23/><U71/><E71/><V99/><F27/><W108/><G104/><T9/><D9/><N who="1" m="4535" /><E55/><V111/><F111/><W25/><G108/><T52/><D52/><U26/><E26/><V124/><F31/><W100/><G14/><T70/><D70/><U18/><E94/><V24/><F124/><W120/><G120/><T85/><D123/><U97/><E96/><V110/><F24/><W82/><G37/><T131/><D109/><U98/><E98/><V107/><F107/><W126/><G126/><T130/><D103/><AGARI ba="0,0" hai="17,18,19,40,43,93,97,103" m="4535,51210" machi="103" ten="30,1000,0" yaku="20,1" doraHai="34" who="1" fromWho="0" sc="250,-10,250,10,250,0,250,0" /><INIT seed="1,0,0,4,1,84" ten="240,260,250,250" oya="1" hai0="29,88,16,107,70,86,3,117,129,34,76,90,112" hai1="87,99,101,0,77,126,13,53,95,96,109,132,120" hai2="26,45,14,104,123,89,15,122,71,44,24,30,128" hai3="12,49,118,133,130,60,75,110,108,80,10,105,25"/><U23/><E120/><V27/><F104/><W82/><G130/><T134/><D3/><U125/><E0/><V100/><F100/><W47/><G133/><T56/><D70/><U9/><E132/><V7/><F71/><W41/><G118/><T106/><D134/><U21/><E109/><N who="3" m="42090" /><G105/><T98/><D29/><U2/><E2/><V93/><F30/><W79/><G60/><T52/><D34/><U113/><E113/><V36/><F128/><W57/><G57/><T6/><D6/><U58/><E96/><V78/><F78/><W111/><N who="3" m="42098" /><W131/><DORA hai="43" /><G131/><T83/><D112/><U28/><E28/><V51/><F36/><W37/><G80/><T42/><D42/><U72/><E72/><V124/><F51/><W22/><G37/><T127/><D127/><N who="1" m="48651" /><E87/><N who="2" m="52415" /><F124/><W102/><G102/><T35/><D129/><U68/><E77/><V73/><F73/><W17/><G25/><T91/><D107/><U55/><E68/><V135/><F135/><W18/><G22/><N who="1" m="8202" /><E58/><V94/><F123/><W61/><G61/><N who="0" m="35975" /><D106/><U40/><E40/><V121/><F122/><W67/><G75/><T59/><D59/><U8/><E8/><N who="2" m="4383" /><F121/><W62/><G79/><T97/><D35/><U38/><E38/><V33/><F33/><W19/><G82/><T46/><D83/><U65/><E65/><V85/><F15/><W63/><G67/><T32/><D32/><U103/><E103/><V20/><F20/><W5/><AGARI ba="0,0" hai="5,10,12,17,18,19,41,47,49,62,63" m="42098" machi="5" ten="50,3200,0" yaku="14,1,52,1" doraHai="84,43" who="3" fromWho="3" sc="240,-8,260,-16,250,-8,250,32" /><INIT seed="2,0,0,0,1,108" ten="232,244,242,282" oya="2" hai0="24,9,14,5,26,88,93,85,16,55,72,114,98" hai1="116,67,12,127,130,35,80,117,113,84,68,96,32" hai2="59,97,102,78,19,44,129,62,112,1,29,101,100" hai3="3,99,69,25,47,76,33,135,104,86,118,128,50"/><V54/><F112/><W122/><G122/><T81/><D72/><U66/><E127/><V53/><F1/><W107/><G118/><T38/><D38/><U134/><E130/><V34/><F129/><W121/><G121/><T77/><D114/><U90/><E134/><V73/><F34/><W7/><G128/><T91/><D55/><U22/><E113/><V89/><F29/><W103/><G69/><T111/><D111/><U125/><E125/><V64/><F73/><W36/><G107/><T57/><D57/><U6/><E32/><V23/><F78/><W48/><G135/><T132/><D132/><U58/><E68/><V110/><F44/><W56/><G56/><T2/><REACH who="0" step="1"/><D77/><REACH who="0" ten="222,244,242,282" step="2"/><U75/><E75/><V95/><REACH who="2" step="1"/><F110/><REACH who="2" ten="222,244,232,282" step="2"/><W37/><G76/><T71/><D71/><U74/><E116/><V120/><F120/><W10/><G47/><T28/><D28/><U20/><E74/><V79/><F79/><W45/><G45/><T123/><D123/><U131/><E117/><V115/><F115/><W15/><G33/><T105/><D105/><U63/><E131/><V31/><F31/><W60/><G104/><T70/><D70/><U126/><E126/><V119/><F119/><W21/><G3/><T41/><D41/><U106/><E106/><V4/><F4/><W94/><G7/><T52/><D52/><U92/><E35/><V42/><F42/><W13/><G37/><T8/><AGARI ba="0,2" hai="2,5,8,9,14,16,24,26,81,85,88,91,93,98" machi="8" ten="20,8000,1" yaku="1,1,0,1,7,1,54,2,53,0" doraHai="108" doraHaiUra="65" who="0" fromWho="0" sc="222,100,244,-20,232,-40,282,-20" /><INIT seed="3,0,0,1,5,108" ten="322,224,192,262" oya="3" hai0="127,94,106,37,113,10,92,61,116,133,118,16,135" hai1="40,122,105,50,15,124,78,29,85,71,134,4,28" hai2="66,38,110,102,20,21,39,13,115,47,91,48,49" hai3="125,107,12,128,2,65,86,53,8,7,83,81,17"/><W42/><G107/><T75/><D37/><U101/><E122/><V126/><F102/><W93/><G128/><T69/><D75/><U19/><E124/><V31/><F110/><W123/><G123/><T131/><D106/><U89/><E134/><N who="0" m="51209" /><D131/><U111/><E71/><V82/><F66/><W54/><G125/><T84/><D127/><U70/><E111/><V79/><F126/><W30/><G65/><N who="0" m="41135" /><D84/><U3/><E70/><V87/><F115/><W112/><G112/><T32/><D32/><U51/><E3/><V46/><F39/><W98/><G42/><T80/><D80/><U62/><E4/><V64/><F64/><W1/><G83/><T55/><D55/><U100/><E78/><V33/><F33/><W99/><G54/><T34/><D34/><U44/><E105/><V97/><F38/><W90/><G53/><T45/><D45/><N who="2" m="16906" /><F21/><W58/><G58/><T11/><D11/><U57/><E28/><V22/><F22/><W67/><G30/><T5/><D5/><U73/><E29/><V132/><F132/><W77/><G67/><T25/><D113/><U121/><E121/><V41/><F41/><W120/><G120/><T88/><D94/><N who="1" m="54575" /><E73/><V63/><F31/><W43/><G43/><T23/><D10/><N who="1" m="6647" /><E50/><N who="2" m="19563" /><F63/><W24/><G99/><T60/><D60/><U114/><E114/><V129/><F129/><W103/><G77/><T72/><D72/><U59/><E62/><V52/><F52/><W119/><G119/><T0/><D0/><U68/><E68/><V56/><F56/><AGARI ba="0,0" hai="40,44,51,56,57,59,100,101" m="6647,54575" machi="56" ten="30,1000,0" yaku="8,1" doraHai="108" who="1" fromWho="2" sc="322,0,224,10,192,-10,262,0" /><INIT seed="4,0,0,2,0,0" ten="322,234,182,262" oya="0" hai0="43,65,3,73,9,119,74,77,49,121,117,38,75" hai1="131,89,56,48,130,90,109,47,59,88,70,33,4" hai2="10,61,41,113,116,111,45,34,94,80,104,21,101" hai3="127,112,54,37,22,133,102,6,60,5,8,46,107"/><T35/><D49/><U128/><E70/><V97/><F34/><W19/><G112/><T28/><D121/><U123/><E123/><V29/><F113/><W57/><G133/><T86/><D86/><U51/><E109/><V69/><F104/><W135/><G135/><T118/><D65/><U20/><E33/><V24/><F111/><W85/><G127/><T50/><D50/><N who="1" m="18987" /><E20/><V66/><F116/><W67/><G107/><T110/><D110/><U132/><E132/><V16/><F80/><W100/><G67/><T44/><D28/><U72/><E47/><V120/><F120/><W134/><G134/><T115/><D35/><U11/><E72/><V14/><F45/><W92/><G46/><T30/><D30/><U103/><E103/><N who="3" m="39466" /><G8/><T32/><D32/><U122/><E122/><V93/><REACH who="2" step="1"/><F94/><REACH who="2" ten="322,234,172,262" step="2"/><W15/><G37/><T40/><D115/><U26/><E26/><V23/><F23/><W13/><G92/><T18/><D119/><U98/><E98/><V71/><F71/><W125/><G22/><T27/><D118/><U64/><E64/><V99/><F99/><W83/><G83/><T81/><D117/><U39/><E39/><V7/><F7/><W25/><G6/><N who="0" m="1247" /><D43/><AGARI ba="0,1" hai="10,14,16,21,24,29,41,43,61,66,69,93,97,101" machi="43" ten="40,5200,0" yaku="1,1,54,1,53,1" doraHai="0" doraHaiUra="96" who="2" fromWho="0" sc="322,-52,234,0,172,62,262,0" /><INIT seed="5,0,0,3,1,115" ten="270,234,234,262" oya="1" hai0="83,81,42,103,45,33,77,126,5,102,127,51,98" hai1="9,4,58,131,14,39,104,107,93,61,19,87,30" hai2="89,49,133,1,78,34,125,8,44,47,79,29,66" hai3="100,50,55,21,7,92,109,10,122,73,26,65,105"/><U63/><E131/><V62/><F133/><W72/><G109/><T15/><D33/><U48/><E39/><V76/><F125/><N who="0" m="47626" /><D83/><U24/><E48/><V17/><F1/><W46/><G122/><T68/><D68/><U37/><E37/><V60/><F34/><W94/><G65/><T75/><D98/><U27/><E63/><N who="2" m="24107" /><F66/><W135/><G105/><T20/><D5/><U56/><E56/><V108/><F108/><W57/><G57/><T96/><D96/><U114/><E114/><V120/><F120/><W130/><G135/><T113/><D113/><U74/><E74/><V112/><F112/><W25/><G73/><T84/><D75/><U82/><E93/><V69/><F69/><W71/><G72/><T70/><D70/><U0/><E27/><V35/><F35/><W43/><G130/><T88/><D77/><U117/><E117/><V54/><F29/><W40/><G26/><T41/><D42/><N who="3" m="15913" /><G100/><T22/><D15/><U85/><E85/><V101/><F101/><AGARI ba="0,0" hai="20,22,41,45,51,81,84,88,101,102,103" m="47626" machi="101" ten="30,2000,0" yaku="18,1,54,1" doraHai="115" who="0" fromWho="2" sc="270,20,234,0,234,-20,262,0" /><INIT seed="6,0,0,3,2,66" ten="290,234,214,262" oya="2" hai0="92,93,104,15,54,60,43,17,21,7,58,70,124" hai1="18,16,79,126,110,90,44,130,13,28,52,40,56" hai2="25,125,134,82,10,77,27,121,62,41,36,46,50" hai3="128,99,102,118,98,89,80,127,6,0,57,49,35"/><V47/><F121/><W120/><G120/><T72/><D104/><U20/><E110/><V119/><F119/><W95/><G118/><T26/><D72/><U55/><E126/><V108/><F125/><W30/><G127/><T1/><D124/><U61/><E130/><V135/><F10/><W83/><G128/><T14/><D43/><U48/><E79/><V85/><F62/><W59/><G6/><T97/><D93/><U101/><E101/><V115/><F115/><W129/><G0/><T67/><D1/><U4/><E90/><V84/><F85/><W45/><G30/><T76/><D76/><U112/><E112/><V65/><F65/><W114/><G35/><T32/><D32/><U39/><E28/><V116/><F116/><W37/><G37/><T64/><D7/><U75/><E75/><V81/><F82/><W91/><G129/><T11/><D70/><U109/><E109/><V22/><F108/><W19/><G114/><T122/><D122/><U23/><E4/><V94/><F94/><N who="3" m="58711" /><G19/><N who="0" m="8703" /><D14/><N who="1" m="9239" /><E39/><V29/><REACH who="2" step="1"/><F25/><REACH who="2" ten="290,234,204,262" step="2"/><W9/><G9/><T78/><D78/><U123/><E123/><V133/><F133/><W24/><G24/><T69/><D26/><U96/><E96/><V51/><F51/><W3/><G83/><T117/><D117/><U34/><E34/><V38/><F38/><W86/><G3/><T106/><D92/><U74/><E74/><V73/><F73/><W42/><AGARI ba="0,1" hai="42,45,49,57,59,80,86,89,91,95,99" m="58711" machi="42" ten="30,1100,0" yaku="8,1" doraHai="66" who="3" fromWho="3" sc="290,-3,234,-3,204,-5,262,21" /><INIT seed="7,0,0,5,2,48" ten="287,231,199,283" oya="3" hai0="103,39,109,37,4,90,55,123,35,52,30,19,98" hai1="34,46,128,134,54,41,88,79,94,120,18,87,14" hai2="93,66,115,32,67,72,114,1,62,92,45,17,9" hai3="106,75,50,124,132,56,27,73,71,44,40,3,101"/><W80/><G3/><T68/><D4/><U29/><E120/><V65/><F72/><W70/><G132/><T21/><D68/><U129/><E134/><V84/><F32/><W104/><G124/><T61/><D109/><U133/><E133/><V20/><F45/><W25/><G56/><T119/><D119/><U57/><E79/><V105/><F105/><W76/><G75/><T97/><D30/><U135/><E135/><V49/><F49/><W130/><G130/><N who="1" m="50282" /><E29/><V59/><F9/><W125/><G125/><T43/><D39/><U2/><E34/><V117/><F1/><W23/><G27/><T15/><D37/><U38/><E2/><V64/><F117/><W10/><G10/><T13/><D35/><U24/><E24/><N who="2" m="14351" /><F84/><W28/><REACH who="3" step="1"/><G106/><REACH who="3" ten="287,231,199,273" step="2"/><T83/><D123/><U31/><E57/><V85/><F85/><W12/><G12/><T74/><D15/><U58/><E58/><V16/><F16/><W100/><G100/><T69/><D103/><U60/><E14/><V6/><F6/><W96/><AGARI ba="0,1" hai="23,25,28,40,44,50,70,71,73,76,80,96,101,104" machi="96" ten="30,3000,0" yaku="1,1,0,1,53,0" doraHai="48" doraHaiUra="33" who="3" fromWho="3" sc="287,-10,231,-10,199,-10,273,40" owari="277,7.7,221,-17.9,189,-31.1,313,41.3" /></mjloggm>