<mjloggm ver="2.3"><GO type="41" lobby="0"/><UN n0="%4B%61%74%79" n1="%4A%4A%53" n2="%E2%93%9D%4C%75%63%6B%79%4A" n3="%E8%B5%A4%E3%83%A1%E3%82%AC%E3%83%8D%E7%B5%84%E9%95%B7" dan="13,14,18,14" rate="1929.75,1946.40,2197.28,1984.20" sx="F,M,M,M"/><TAIKYOKU oya="0"/><INIT seed="0,0,0,5,2,45" ten="250,250,250,250" oya="0" hai0="48,109,85,62,7,60,82,83,91,120,110,23,28" hai1="94,97,29,114,104,1,101,6,35,78,54,105,65" hai2="107,72,40,123,126,14,36,112,135,50,21,132,96" hai3="5,99,134,13,92,30,125,116,3,25,77,103,33"/><T115/><D120/><U118/><E118/><V46/><F123/><W75/><G75/><T55/><D7/><U124/><E124/><V64/><F72/><W90/><G116/><T66/><D115/><U128/><E128/><V67/><F112/><W17/><G125/><T27/><D83/><U130/><E130/><V119/><F119/><W53/><G77/><T32/><D32/><U47/><E78/><V58/><F21/><W12/><G134/><N who="2" m="51241" /><F14/><W106/><G53/><T26/><D27/><U18/><E18/><V108/><F108/><N who="0" m="41578" /><D66/><U8/><E114/><V86/><F86/><W4/><G13/><T51/><D51/><U87/><E87/><V127/><F67/><W34/><G34/><T61/><D61/><U89/><E65/><V133/><F133/><W102/><G106/><T111/><N who="0" m="41586" /><T42/><DORA hai="113" /><D42/><U129/><E129/><V73/><F73/><W20/><REACH who="3" step="1"/><G5/><REACH who="3" ten="250,250,250,240" step="2"/><T95/><D82/><U80/><E35/><V69/><F127/><W49/><G49/><T16/><D28/><U131/><E29/><V56/><F126/><W81/><G81/><T2/><D2/><U9/><E131/><V37/><F37/><W98/><G98/><T10/><D55/><U57/><E80/><V24/><F36/><W43/><G43/><T15/><D48/><N who="1" m="30919" /><E105/><V0/><F107/><W100/><G100/><T76/><D76/><U117/><E117/><V52/><F40/><W79/><G79/><T44/><D15/><N who="1" m="5527" /><E104/><V38/><F38/><W88/><G88/><T63/><D91/><U41/><E89/><V19/><F50/><W93/><G93/><RYUUKYOKU ba="0,1" sc="250,-10,250,-10,250,-10,240,30" hai3="3,4,12,17,20,25,30,33,90,92,99,102,103" /><INIT seed="1,1,1,4,5,28" ten="240,240,240,270" oya="1" hai0="91,90,71,5,134,55,44,56,66,11,85,62,101" hai1="111,49,64,133,127,99,45,13,73,97,24,58,38" hai2="117,79,86,57,92,70,12,94,34,17,37,27,87" hai3="4,9,132,46,121,119,122,48,76,68,33,14,96"/><U61/><E73/><V1/><F70/><W39/><G39/><T82/><D134/><U135/><E38/><V115/><F1/><W30/><G68/><T16/><D101/><U43/><E127/><V67/><F117/><W32/><G30/><T113/><D113/><U118/><E118/><V83/><F37/><W75/><G119/><T112/><D112/><U80/><E111/><V109/><F109/><W103/><G132/><T63/><D44/><U105/><E105/><V65/><F34/><W102/><G102/><T81/><D82/><U98/><E135/><V22/><F115/><W107/><G122/><T15/><REACH who="0" step="1"/><D5/><REACH who="0" ten="230,240,240,270" step="2"/><U69/><E133/><V104/><F104/><W51/><G121/><T50/><D50/><U77/><E69/><V3/><F94/><W35/><REACH who="3" step="1"/><G46/><REACH who="3" ten="230,240,240,260" step="2"/><T108/><D108/><U29/><E80/><AGARI ba="1,3" hai="4,9,14,32,33,35,48,51,75,76,80,96,103,107" machi="80" ten="40,8000,1" yaku="1,1,2,1,52,3,53,0" doraHai="28" doraHaiUra="20" who="3" fromWho="1" sc="230,0,240,-83,240,0,260,113" /><INIT seed="2,0,0,5,0,63" ten="230,157,240,373" oya="2" hai0="33,80,128,18,85,50,55,48,62,135,104,53,8" hai1="106,10,126,16,52,9,2,19,72,12,119,3,94" hai2="113,127,26,121,32,25,90,24,69,79,108,111,23" hai3="95,7,22,125,64,37,44,67,103,28,66,68,49"/><V124/><F79/><W39/><G68/><T11/><D104/><U93/><E106/><V60/><F121/><W130/><G125/><N who="2" m="48201" /><F90/><W75/><G75/><T87/><D33/><U43/><E126/><V56/><F69/><W29/><G130/><T4/><D135/><U21/><E72/><V51/><F51/><W115/><G115/><T99/><D99/><U96/><E43/><V123/><F123/><W15/><G39/><T14/><D62/><U17/><E2/><V78/><F78/><W58/><G37/><T38/><D38/><U36/><E36/><V13/><F113/><W45/><G58/><T112/><D128/><U102/><E3/><V84/><F84/><W114/><G114/><T77/><D87/><U61/><E93/><V91/><F91/><W42/><G45/><T81/><D81/><U89/><E102/><V100/><F100/><W46/><G46/><T98/><D98/><U65/><E119/><V54/><F32/><W132/><G132/><T101/><D101/><U74/><E74/><V73/><F73/><W116/><G116/><T97/><D97/><U27/><E9/><V133/><F133/><W86/><G103/><T5/><D11/><U118/><E118/><V92/><F92/><W71/><G71/><T41/><D41/><U82/><E82/><V109/><F13/><W83/><G95/><T1/><D1/><U117/><E117/><V120/><F120/><W6/><G86/><T35/><D35/><U20/><E10/><V88/><F88/><W131/><G83/><T134/><D112/><U107/><E89/><V30/><AGARI ba="0,0" hai="23,24,25,26,30,54,56,60,108,109,111" m="48201" machi="30" ten="40,12000,1" yaku="5,1,14,1,10,1,18,1" doraHai="63" who="2" fromWho="2" sc="230,-40,157,-40,240,120,373,-40" /><INIT seed="2,1,0,4,5,120" ten="190,117,360,333" oya="2" hai0="129,132,118,81,45,59,79,77,127,82,50,15,21" hai1="24,29,100,18,105,135,54,109,17,85,125,67,86" hai2="128,30,35,46,1,83,36,26,113,87,76,68,16" hai3="106,12,0,49,98,2,43,62,52,110,48,44,66"/><V27/><F113/><W124/><G12/><T92/><D132/><U42/><E135/><V61/><F128/><W25/><G25/><T89/><D127/><U11/><E125/><V75/><F1/><W33/><G33/><T112/><D129/><U31/><E42/><V123/><F123/><W22/><G22/><T51/><D21/><U20/><E67/><V101/><F101/><W69/><G106/><T133/><D118/><U78/><E100/><V23/><F36/><W97/><G124/><T116/><D116/><U13/><E105/><V57/><F46/><W40/><G98/><T7/><D112/><U5/><E78/><V84/><REACH who="2" step="1"/><F68/><REACH who="2" ten="190,117,350,333" step="2"/><W6/><G2/><T60/><D45/><U93/><E109/><V58/><F58/><N who="3" m="33039" /><G110/><T8/><D133/><U28/><E24/><V38/><F38/><N who="3" m="21527" /><G0/><T103/><D103/><U47/><E20/><V119/><F119/><W72/><G72/><T64/><D51/><U19/><E93/><V32/><F32/><W131/><G131/><T99/><D50/><AGARI ba="1,1" hai="5,11,13,17,18,19,28,29,31,47,50,54,85,86" machi="50" ten="40,1300,0" yaku="8,1" doraHai="120" who="1" fromWho="0" sc="190,-16,117,26,350,0,333,0" /><INIT seed="3,0,0,0,4,81" ten="174,143,350,333" oya="3" hai0="103,33,84,57,134,74,83,37,123,10,60,38,0" hai1="4,40,124,65,92,111,29,6,32,66,54,18,1" hai2="106,2,30,43,129,112,120,91,51,52,94,27,118" hai3="126,102,131,49,23,86,45,35,7,5,69,41,122"/><W132/><G35/><T88/><D33/><U78/><E124/><V89/><F112/><W56/><G122/><T114/><D123/><U108/><E40/><V25/><F106/><W90/><G69/><T82/><D103/><U80/><E92/><V98/><F118/><W117/><G126/><T17/><D134/><U9/><E54/><V101/><F2/><W3/><G3/><T95/><D114/><U53/><E53/><V99/><F129/><W76/><G117/><T130/><D130/><U133/><E133/><V59/><F120/><W46/><G132/><T64/><D74/><U110/><E29/><V121/><F121/><W107/><G107/><T104/><D104/><U105/><E32/><V58/><F43/><W113/><G131/><T119/><D119/><U97/><E18/><V96/><F59/><W11/><G113/><T28/><D28/><U62/><E6/><V36/><F36/><W21/><G102/><T109/><D109/><U24/><E24/><N who="2" m="9291" /><F30/><W44/><G76/><T48/><D48/><U31/><E31/><V73/><F73/><W116/><G116/><T26/><D0/><U47/><E47/><N who="3" m="17994" /><G56/><T75/><D75/><N who="1" m="43103" /><E62/><V50/><F51/><W127/><G127/><T72/><D72/><U67/><E105/><V16/><F101/><W93/><G7/><T20/><REACH who="0" step="1"/><D10/><REACH who="0" ten="164,143,350,333" step="2"/><U115/><E115/><V55/><F50/><W8/><G5/><T14/><D14/><U85/><E1/><V135/><F135/><W71/><G71/><T68/><D68/><U39/><E111/><V70/><F70/><W87/><G11/><T128/><D128/><RYUUKYOKU ba="0,1" sc="164,30,143,-10,350,-10,333,-10" hai0="17,20,26,37,38,57,60,64,82,83,84,88,95" /><INIT seed="4,1,1,2,4,114" ten="194,133,340,323" oya="0" hai0="1,66,95,101,113,42,80,51,41,99,67,115,7" hai1="3,108,37,110,85,32,122,100,126,30,31,105,34" hai2="121,17,39,53,55,102,82,76,29,106,14,8,91" hai3="134,127,135,104,16,109,74,87,52,111,72,27,107"/><T9/><D80/><U132/><E37/><V90/><F121/><W4/><G4/><T25/><D25/><U97/><E122/><V40/><F106/><N who="3" m="40491" /><G87/><T46/><REACH who="0" step="1"/><D42/><REACH who="0" ten="184,133,340,323" step="2"/><U5/><E31/><V89/><F29/><W62/><G27/><T61/><D61/><U129/><E30/><V117/><F40/><W2/><G62/><T49/><D49/><U123/><E123/><V93/><F39/><W36/><G36/><T96/><D96/><U0/><E97/><N who="2" m="59695" /><F117/><W56/><G111/><T78/><D78/><U57/><E108/><V83/><F83/><W11/><G109/><T10/><D10/><U19/><E110/><V60/><F60/><N who="3" m="35847" /><G74/><T120/><D120/><U13/><E34/><V26/><F26/><W84/><G72/><T86/><D86/><U38/><E85/><V50/><F50/><W70/><G84/><AGARI ba="1,2" hai="8,14,17,53,55,76,82,84,89,90,91" m="59695" machi="84" ten="30,1000,0" yaku="8,1" doraHai="114" who="2" fromWho="3" sc="184,0,133,0,340,33,323,-13" /><INIT seed="5,0,0,2,1,63" ten="184,133,373,310" oya="1" hai0="8,117,131,10,102,6,12,28,56,79,74,2,43" hai1="125,126,64,133,94,98,35,73,30,60,95,49,108" hai2="90,132,22,115,114,11,135,4,89,46,27,85,58" hai3="59,17,51,112,109,88,47,38,9,119,70,5,104"/><U61/><E73/><V50/><F58/><W80/><G38/><T118/><D79/><U87/><E133/><N who="2" m="51275" /><F85/><W96/><G70/><T110/><D74/><U100/><E108/><V40/><F22/><W7/><G109/><T129/><D102/><U107/><E60/><V34/><F27/><W31/><G104/><T42/><D110/><U68/><E49/><V82/><F34/><W52/><G119/><T120/><D28/><U106/><E106/><V3/><F82/><W105/><G105/><T36/><D36/><U101/><E101/><V33/><F33/><W39/><G39/><T0/><D56/><U26/><REACH who="1" step="1"/><E87/><REACH who="1" ten="184,123,373,310" step="2"/><V66/><F66/><W69/><G69/><T67/><D118/><U72/><E72/><V128/><F128/><W57/><G96/><T93/><D117/><U53/><E53/><V1/><F3/><W20/><G31/><T15/><D131/><U130/><E130/><V103/><F103/><W62/><G62/><T55/><D129/><U45/><E45/><V75/><F75/><W18/><G47/><T76/><D55/><U113/><E113/><AGARI ba="0,1" hai="1,4,11,40,46,50,89,90,113,114,115" m="51275" machi="113" ten="30,3900,0" yaku="15,1,11,1,20,1" doraHai="63" who="2" fromWho="1" sc="184,0,123,-39,373,49,310,0" /><INIT seed="6,0,0,0,3,36" ten="184,84,422,310" oya="2" hai0="68,102,9,37,131,62,53,127,134,15,76,104,50" hai1="85,115,22,116,112,45,74,58,71,101,130,13,39" hai2="4,82,40,21,119,38,8,28,107,19,31,83,84" hai3="97,55,23,99,47,52,126,2,66,51,129,81,64"/><V42/><F119/><W109/><G2/><T25/><D37/><U63/><E116/><V5/><F107/><W44/><G109/><T43/><D134/><U91/><E74/><V77/><F38/><W123/><G123/><T106/><D76/><U72/><E72/><V79/><F19/><W120/><G120/><T113/><D113/><U78/><E78/><V75/><F21/><W57/><G126/><T80/><D80/><U41/><E71/><V111/><F111/><W20/><G129/><T0/><D0/><U56/><E101/><V124/><F124/><W90/><G81/><T54/><D25/><U98/><E98/><V18/><F18/><W29/><G29/><T24/><D24/><U92/><E130/><V3/><REACH who="2" step="1"/><F5/><REACH who="2" ten="184,84,412,310" step="2"/><W59/><G51/><T132/><D50/><U16/><REACH who="1" step="1"/><E63/><REACH who="1" ten="184,74,412,310" step="2"/><V48/><F48/><W6/><G6/><T7/><D62/><U114/><AGARI ba="0,2" hai="13,16,22,39,41,45,56,58,85,91,92,112,114,115" machi="114" ten="30,12000,2" yaku="1,1,2,1,0,1,15,1,52,1,54,1,53,0" doraHai="36" doraHaiUra="35" who="1" fromWho="1" sc="184,-30,74,140,412,-60,310,-30" /><INIT seed="7,0,0,1,0,102" ten="154,214,352,280" oya="3" hai0="23,10,28,93,94,99,45,11,51,97,122,44,40" hai1="38,70,114,41,132,2,109,27,1,35,57,90,86" hai2="95,60,59,21,56,106,117,15,47,133,80,0,24" hai3="46,112,13,125,53,7,14,5,75,42,85,124,50"/><W26/><G75/><T113/><D122/><U104/><E109/><V82/><F106/><W73/><G73/><T67/><D67/><U37/><E57/><V64/><F0/><W69/><G69/><T65/><D65/><U25/><E86/><V84/><F117/><W66/><G66/><T120/><D120/><U68/><E41/><V61/><F133/><W8/><G26/><T63/><D63/><U33/><E90/><N who="2" m="53703" /><F47/><W107/><G112/><T115/><D23/><U18/><E18/><N who="2" m="10463" /><F24/><W87/><G107/><T55/><D28/><U72/><E72/><V116/><F116/><W134/><G134/><T71/><D71/><U105/><REACH who="1" step="1"/><E132/><REACH who="1" ten="154,204,352,280" step="2"/><V30/><F30/><W131/><G131/><T58/><D58/><U129/><E129/><V121/><F121/><W9/><G42/><T20/><D40/><U6/><E6/><V119/><F119/><W17/><G17/><T79/><D20/><U128/><E128/><V22/><F22/><W101/><G101/><T83/><D79/><U78/><E78/><V135/><F135/><W3/><G3/><T48/><REACH who="0" step="1"/><D83/><REACH who="0" ten="144,204,352,280" step="2"/><U49/><E49/><V110/><F64/><W81/><G81/><T16/><D16/><U36/><E36/><V19/><F19/><W76/><G76/><T12/><D12/><U4/><E4/><V96/><F61/><W98/><G14/><T39/><D39/><U54/><E54/><AGARI ba="0,2" hai="10,11,44,45,48,51,54,55,93,94,97,99,113,115" machi="54" ten="25,3200,0" yaku="1,1,22,2,53,0" doraHai="102" doraHaiUra="29" who="0" fromWho="1" sc="144,52,204,-32,352,0,280,0" owari="196,-20.4,172,-32.8,352,45.2,280,8.0" /></mjloggm>