<mjloggm ver="2.3"><GO type="41" lobby="0"/><UN n0="%73%68%6F%67%6F%33%39" n1="%E3%83%92%E3%82%AB%E3%83%AB" n2="%42%69%73%6F%6E" n3="%E2%93%9D%4C%75%63%6B%79%4A" dan="14,15,14,18" rate="1972.15,2037.37,1945.72,2157.85" sx="M,M,M,M"/><TAIKYOKU oya="0"/><INIT seed="0,0,0,5,0,105" ten="250,250,250,250" oya="0" hai0="33,24,126,89,18,97,19,5,56,17,3,64,44" hai1="32,110,116,39,135,65,21,60,78,77,50,53,59" hai2="68,83,51,42,117,10,90,74,40,131,75,84,13" hai3="118,76,0,37,73,8,101,26,52,109,108,41,36"/><T128/><D128/><U80/><E116/><V2/><F2/><W87/><G87/><T66/><D126/><U99/><E32/><V35/><F68/><W120/><G101/><T47/><D3/><U61/><E110/><N who="3" m="42602" /><G41/><T54/><D5/><U27/><E135/><V22/><F35/><W132/><G118/><T114/><D114/><U94/><E39/><V125/><F117/><W123/><G26/><T127/><D33/><U29/><E61/><V15/><F125/><W98/><G98/><T134/><D24/><U43/><E80/><V121/><F121/><N who="3" m="46667" /><G52/><T34/><D134/><U49/><E43/><V72/><F131/><W95/><G95/><N who="0" m="56559" /><D34/><U81/><E81/><V88/><F90/><W112/><G112/><T104/><D104/><U6/><E49/><V9/><F22/><W102/><G102/><T11/><D11/><U63/><E63/><V71/><F71/><W107/><G107/><T46/><D127/><U119/><E119/><V25/><F25/><W4/><G132/><T93/><D93/><U70/><REACH who="1" step="1"/><E6/><REACH who="1" ten="250,240,250,250" step="2"/><V86/><F51/><AGARI ba="0,1" hai="17,18,19,44,46,47,51,54,56,64,66" m="56559" machi="51" ten="30,1500,0" yaku="8,1" doraHai="105" who="0" fromWho="2" sc="250,25,240,0,250,-15,250,0" /><INIT seed="0,1,0,2,5,56" ten="275,240,235,250" oya="0" hai0="42,101,27,54,116,108,107,64,110,29,120,51,20" hai1="59,47,19,16,43,109,57,122,62,52,34,36,9" hai2="128,69,132,125,72,126,11,21,17,106,68,61,37" hai3="96,113,22,98,119,45,91,73,31,8,46,44,114"/><T102/><D116/><U104/><E122/><V77/><F37/><W25/><G119/><T87/><D120/><U85/><E104/><V12/><F106/><W23/><G73/><T49/><D107/><U10/><E34/><V117/><F117/><W14/><G23/><T76/><D42/><U66/><E109/><N who="0" m="42089" /><D51/><U131/><E131/><V39/><F39/><W82/><G114/><T3/><D3/><U130/><E130/><V63/><F128/><W88/><G113/><T0/><D0/><U71/><E85/><V121/><F121/><W50/><G50/><T1/><D1/><U60/><REACH who="1" step="1"/><E71/><REACH who="1" ten="275,230,235,250" step="2"/><V32/><F32/><W65/><G82/><N who="0" m="47559" /><D64/><U6/><E6/><V92/><F132/><W97/><REACH who="3" step="1"/><G65/><REACH who="3" ten="275,230,235,240" step="2"/><T53/><D53/><U26/><E26/><V127/><F72/><W2/><G2/><T124/><D124/><U80/><E80/><V41/><F41/><W94/><G94/><T7/><D7/><AGARI ba="1,2" hai="7,8,14,22,25,31,44,45,46,88,91,96,97,98" machi="7" ten="40,5200,0" yaku="1,1,8,1,54,1,53,0" doraHai="56" doraHaiUra="15" who="3" fromWho="0" sc="275,-55,230,0,235,0,240,75" /><INIT seed="1,0,0,3,1,121" ten="220,230,235,315" oya="1" hai0="114,35,55,16,110,67,129,56,40,92,59,60,62" hai1="135,128,7,2,27,13,91,133,63,5,71,82,29" hai2="90,43,36,109,124,106,126,120,93,3,37,87,30" hai3="14,48,99,38,20,4,115,25,102,84,44,134,39"/><U0/><E71/><V96/><F120/><W33/><G115/><T47/><D35/><U10/><E63/><V53/><F3/><N who="1" m="1065" /><E91/><V12/><F30/><W69/><G33/><T79/><D114/><U100/><E82/><V74/><F74/><W132/><G14/><T131/><D79/><U97/><E97/><V123/><F123/><W9/><G9/><T107/><D107/><U70/><E100/><V119/><F119/><W61/><G4/><T103/><D103/><U18/><E70/><V85/><F53/><W15/><G15/><T23/><D92/><U49/><E49/><V72/><F72/><W98/><G84/><N who="2" m="32329" /><F12/><W54/><G99/><T104/><D104/><U1/><N who="1" m="1073" /><U6/><DORA hai="58" /><E128/><V76/><F76/><W28/><G69/><T57/><D110/><U66/><E66/><V125/><F109/><W94/><REACH who="3" step="1"/><G61/><REACH who="3" ten="220,230,235,305" step="2"/><T31/><D129/><U105/><E105/><V75/><F106/><W113/><G113/><T26/><D131/><U64/><E64/><V117/><F75/><W24/><G24/><T80/><D80/><U65/><E65/><V17/><F17/><W78/><G78/><T108/><D108/><U112/><E112/><V34/><F34/><AGARI ba="0,1" hai="5,6,7,10,13,18,27,29,34,133,135" m="1073" machi="34" ten="50,4800,0" yaku="34,2" doraHai="121,58" who="1" fromWho="2" sc="220,0,230,58,235,-48,305,0" /><INIT seed="1,1,0,5,2,75" ten="220,288,187,305" oya="1" hai0="114,122,125,77,117,133,22,131,124,13,69,89,87" hai1="72,0,90,17,23,58,66,2,113,11,99,126,82" hai2="64,101,129,130,116,120,30,68,98,70,12,112,134" hai3="24,92,48,39,3,10,56,123,6,110,51,5,44"/><U73/><E113/><V86/><F120/><W91/><G123/><T32/><D13/><U61/><E126/><N who="0" m="48745" /><D22/><U65/><E65/><V15/><F116/><W42/><G110/><T57/><D57/><U27/><E73/><V105/><F134/><W59/><G6/><T118/><D32/><U96/><E90/><V14/><F112/><W132/><G132/><T104/><D104/><U106/><E106/><V16/><F30/><W84/><G59/><T33/><D33/><U20/><E20/><V115/><F115/><W85/><G24/><T1/><D1/><U88/><E11/><V74/><F74/><W36/><G51/><T50/><D50/><U108/><E108/><V78/><F64/><W63/><REACH who="3" step="1"/><G85/><REACH who="3" ten="220,288,187,295" step="2"/><T109/><D133/><U26/><E72/><V71/><F129/><W128/><G128/><T18/><D131/><U43/><E2/><V31/><F130/><W103/><G103/><T60/><D122/><U47/><E0/><V7/><F7/><W4/><G4/><T9/><D87/><N who="1" m="50295" /><E27/><V81/><REACH who="2" step="1"/><F31/><REACH who="2" ten="220,288,177,295" step="2"/><W40/><G40/><T100/><D114/><U21/><E43/><V107/><F107/><W28/><G28/><T37/><D109/><U38/><E17/><AGARI ba="1,2" hai="12,14,15,16,17,68,70,71,78,81,86,98,101,105" machi="17" ten="50,6400,0" yaku="1,1,52,1,54,1,53,0" doraHai="75" doraHaiUra="35" who="2" fromWho="1" sc="220,0,288,-67,177,87,295,0" /><INIT seed="2,0,0,5,1,63" ten="220,221,264,295" oya="2" hai0="79,94,26,20,65,43,45,85,23,98,72,132,0" hai1="129,90,68,62,103,107,4,44,73,49,2,35,86" hai2="119,51,31,95,34,117,28,55,74,109,100,76,125" hai3="58,48,80,59,91,111,130,40,124,11,102,14,121"/><V104/><F104/><W3/><G3/><T99/><D132/><U113/><E113/><V88/><F100/><W105/><G121/><T128/><D72/><U122/><E129/><V10/><F125/><W114/><G111/><T29/><D0/><U92/><E122/><V110/><F10/><W7/><G114/><T15/><D128/><U42/><E35/><V123/><F123/><W46/><G130/><T56/><D79/><U81/><E4/><V39/><F39/><W64/><G124/><T70/><D70/><U101/><E2/><V82/><F117/><W60/><G105/><T97/><D85/><U19/><E107/><V24/><F31/><W71/><G102/><T77/><D77/><U96/><E73/><V52/><F119/><W21/><G21/><T25/><D15/><U69/><E103/><V12/><F12/><W112/><G112/><T37/><D94/><U93/><E93/><V87/><REACH who="2" step="1"/><F55/><REACH who="2" ten="220,221,254,295" step="2"/><W22/><G11/><T108/><D108/><U126/><E126/><V38/><F38/><W50/><G14/><T53/><D53/><U75/><E101/><V106/><F106/><W47/><G7/><T66/><REACH who="0" step="1"/><D56/><AGARI ba="0,1" hai="24,28,34,51,52,56,74,76,82,87,88,95,109,110" machi="56" ten="40,7700,0" yaku="1,1,54,2,53,0" doraHai="63" doraHaiUra="16" who="2" fromWho="0" sc="220,-77,221,0,254,87,295,0" /><INIT seed="2,1,0,5,1,101" ten="143,221,341,295" oya="2" hai0="81,123,22,74,72,51,64,126,41,70,98,118,66" hai1="119,7,86,82,54,121,114,31,45,90,14,47,27" hai2="62,34,68,56,40,83,29,116,61,20,18,97,135" hai3="87,106,91,50,63,25,19,127,6,89,108,100,133"/><V17/><F116/><W134/><G6/><T69/><D123/><U26/><E114/><V0/><F0/><W109/><G50/><T24/><D126/><U85/><E119/><V120/><F120/><W55/><G55/><T5/><D5/><U71/><E71/><V112/><F112/><W23/><G63/><T39/><D39/><U3/><E3/><V117/><F117/><W96/><G127/><T129/><D129/><U30/><E121/><V28/><F40/><W76/><G76/><T33/><D81/><U52/><E7/><V58/><F68/><W103/><G103/><T9/><D98/><U2/><E2/><V124/><F124/><W84/><G87/><T107/><D51/><U113/><E113/><V12/><F135/><N who="3" m="51723" /><G84/><T43/><D22/><U77/><E77/><V67/><F83/><W78/><G78/><T15/><D118/><U53/><E85/><V130/><F130/><W65/><G65/><T80/><D80/><U46/><REACH who="1" step="1"/><E14/><REACH who="1" ten="143,211,341,295" step="2"/><V92/><F12/><W132/><N who="3" m="51731" /><W16/><DORA hai="125" /><G19/><T99/><D15/><U13/><E13/><V32/><F18/><W73/><G73/><T115/><D115/><U57/><E57/><V88/><F17/><W59/><G59/><T102/><D72/><U128/><E128/><V11/><F11/><W104/><G106/><T95/><D74/><U79/><E79/><V105/><F105/><W49/><G49/><T94/><D107/><U10/><E10/><V131/><F131/><W36/><G36/><T21/><D9/><U44/><N who="1" m="11264" /><DORA hai="4" /><U110/><E110/><AGARI ba="1,1" hai="16,23,25,89,91,96,100,104,108,109,110" m="51731" machi="110" ten="40,8000,1" yaku="14,1,20,1,52,1,54,1" doraHai="101,125,4" who="3" fromWho="1" sc="143,0,211,-83,341,0,295,93" /><INIT seed="3,0,0,3,2,41" ten="143,128,341,388" oya="3" hai0="65,81,8,95,25,11,27,104,76,33,88,72,54" hai1="24,35,107,2,122,71,102,42,115,132,126,58,94" hai2="55,26,118,29,106,6,13,120,90,62,16,44,124" hai3="87,48,19,49,111,37,105,1,86,69,91,52,80"/><W131/><G37/><T98/><D65/><U101/><E122/><V18/><F118/><W59/><G1/><T83/><D33/><U109/><E115/><V12/><F106/><W113/><G113/><T3/><D54/><U84/><E71/><V46/><F124/><W125/><G131/><T51/><D51/><U39/><E2/><V40/><F120/><W92/><G105/><T89/><D104/><U30/><E109/><V28/><F6/><W47/><G125/><T130/><D130/><U96/><E126/><V108/><F108/><W67/><G111/><T17/><D3/><U10/><E10/><V75/><F75/><W64/><G19/><T0/><D0/><U7/><E7/><V56/><F90/><N who="3" m="51559" /><G69/><T77/><D17/><N who="2" m="6762" /><F40/><AGARI ba="0,0" hai="40,47,48,49,52,59,64,67,86,91,92" m="51559" machi="40" ten="30,5800,0" yaku="8,1,52,1,54,1" doraHai="41" who="3" fromWho="2" sc="143,0,128,0,341,-58,388,58" /><INIT seed="3,1,0,1,5,95" ten="143,128,283,446" oya="3" hai0="118,98,28,5,101,52,23,0,115,57,43,60,51" hai1="42,117,24,88,92,67,116,22,124,36,34,38,71" hai2="81,121,102,3,17,130,49,74,78,84,19,18,82" hai3="90,68,99,112,113,39,45,14,6,54,127,65,21"/><W56/><G68/><T94/><D118/><N who="1" m="45675" /><E34/><V44/><F130/><W35/><G35/><T122/><D122/><U4/><E4/><V103/><F3/><W83/><G65/><T63/><D115/><U131/><E131/><V58/><F58/><W11/><G127/><T129/><D129/><U85/><E124/><V135/><F135/><W107/><G39/><T69/><D43/><U108/><E108/><V128/><F121/><W10/><G11/><T80/><D69/><U120/><E120/><V100/><F128/><W133/><G45/><T119/><D119/><U20/><E42/><V47/><REACH who="2" step="1"/><F49/><REACH who="2" ten="143,128,273,446" step="2"/><W125/><G133/><T91/><D0/><U123/><E123/><V110/><F110/><W53/><G56/><T106/><D5/><U132/><E132/><V33/><F33/><W72/><G125/><T77/><D28/><U2/><E2/><V64/><F64/><W114/><G114/><T9/><D9/><U87/><E67/><V50/><F50/><W134/><G113/><T111/><D111/><U25/><E71/><V104/><F104/><W46/><G107/><T62/><D23/><N who="1" m="8747" /><E36/><V93/><F93/><W26/><G112/><T96/><REACH who="0" step="1"/><D51/><REACH who="0" ten="133,128,273,446" step="2"/><U76/><E38/><V109/><F109/><W48/><G134/><T1/><D1/><U75/><E92/><V126/><F126/><W55/><G48/><T29/><D29/><U41/><E41/><V12/><F12/><W16/><G14/><T32/><D32/><U86/><E25/><V105/><F105/><W70/><G26/><T66/><D66/><U37/><E24/><V13/><F13/><RYUUKYOKU ba="1,2" sc="133,15,128,-15,273,15,446,-15" hai0="52,57,60,62,63,77,80,91,94,96,98,101,106" hai2="17,18,19,44,47,74,78,81,82,84,100,102,103" /><INIT seed="4,2,2,5,2,37" ten="148,113,288,431" oya="0" hai0="27,81,46,117,100,90,74,71,135,103,131,107,87" hai1="64,8,50,26,58,133,6,47,89,120,73,41,56" hai2="80,76,104,54,21,83,34,16,24,134,114,129,91" hai3="113,65,33,43,123,99,15,18,20,96,39,84,29"/><T63/><D117/><U23/><E120/><V30/><F104/><W11/><G123/><T35/><D135/><U75/><E133/><V79/><F134/><W68/><G68/><T110/><D131/><U121/><E121/><V53/><F129/><W9/><G65/><T2/><D2/><U25/><E25/><V108/><F108/><W55/><G55/><T44/><D110/><U132/><E132/><V61/><F114/><W92/><G33/><T126/><D126/><U115/><E115/><V31/><F91/><N who="3" m="53351" /><G39/><T1/><D1/><U122/><E122/><V125/><F125/><W94/><G99/><T22/><D35/><U95/><E64/><V85/><F61/><W57/><G57/><T59/><D71/><U14/><E75/><V4/><F4/><W10/><G43/><T130/><D74/><U82/><E73/><V51/><F34/><W40/><G40/><T38/><D107/><U109/><E109/><V127/><F127/><W60/><G60/><T67/><D130/><U86/><REACH who="1" step="1"/><E82/><REACH who="1" ten="148,103,288,431" step="2"/><V69/><F83/><W88/><G113/><T102/><REACH who="0" step="1"/><D38/><REACH who="0" ten="138,103,288,431" step="2"/><U17/><AGARI ba="2,4" hai="6,8,14,17,23,26,41,47,50,56,58,86,89,95" machi="17" ten="20,12000,2" yaku="1,1,2,1,0,1,7,1,8,1,52,1,53,1" doraHai="37" doraHaiUra="36" who="1" fromWho="1" sc="138,-62,103,166,288,-32,431,-32" /><INIT seed="5,0,0,4,4,112" ten="76,269,256,399" oya="1" hai0="56,80,48,100,55,3,51,114,68,74,60,44,93" hai1="67,129,69,83,36,45,73,25,120,125,107,38,117" hai2="62,72,34,101,122,1,105,95,94,26,32,14,66" hai3="82,7,13,18,106,102,57,47,113,98,31,87,77"/><U61/><E120/><V116/><F122/><W111/><G113/><T76/><D3/><U42/><E107/><V39/><F1/><W17/><G111/><T4/><D4/><U89/><E129/><V21/><F72/><W53/><G31/><T49/><D114/><U85/><E125/><V79/><F79/><W58/><G7/><T54/><D100/><U24/><E38/><V19/><F39/><W126/><G126/><T0/><D0/><U63/><E73/><V23/><F116/><W133/><G133/><T81/><D93/><U35/><E35/><V121/><F121/><W70/><G70/><T71/><D80/><U8/><E117/><V78/><F78/><W104/><G18/><T110/><D110/><U22/><E8/><V41/><F41/><W109/><G106/><T115/><D115/><U2/><E2/><V40/><F40/><W119/><G119/><T15/><D15/><U52/><REACH who="1" step="1"/><E22/><REACH who="1" ten="76,259,256,399" step="2"/><V127/><F105/><W108/><G109/><T91/><D74/><U97/><E97/><V20/><F127/><W88/><G108/><T11/><D11/><U75/><E75/><V46/><F21/><W131/><G131/><T92/><D76/><U132/><E132/><V90/><F32/><W130/><G77/><T27/><D81/><U10/><E10/><V65/><F34/><W6/><G130/><T86/><D92/><U16/><E16/><N who="2" m="12551" /><F95/><W50/><REACH who="3" step="1"/><G6/><REACH who="3" ten="76,259,256,389" step="2"/><T43/><D71/><U99/><E99/><N who="2" m="57815" /><F19/><W12/><G12/><T28/><D68/><U29/><E29/><V64/><F14/><W37/><G37/><T9/><D28/><RYUUKYOKU ba="0,2" sc="76,-15,259,15,256,-15,389,15" hai1="24,25,36,42,45,52,61,63,67,69,83,85,89" hai3="13,17,47,50,53,57,58,82,87,88,98,102,104" /><INIT seed="5,1,2,2,4,124" ten="61,274,241,404" oya="1" hai0="105,63,48,34,52,10,77,70,134,131,84,57,3" hai1="15,61,0,39,45,126,14,8,65,18,58,29,74" hai2="116,98,102,114,111,118,66,6,11,21,130,47,9" hai3="5,16,97,106,80,20,120,75,13,42,113,38,135"/><U72/><E126/><V27/><F111/><W4/><G120/><T49/><D105/><U28/><E0/><V54/><F66/><W101/><G135/><T115/><D34/><U64/><E64/><V109/><F109/><W91/><G113/><T129/><D3/><U89/><E72/><V87/><F87/><W44/><REACH who="3" step="1"/><G91/><REACH who="3" ten="61,274,241,394" step="2"/><T51/><D115/><U71/><E89/><V25/><F114/><W94/><G94/><T96/><D134/><U35/><E74/><V117/><F117/><W83/><G83/><T108/><D108/><U31/><E71/><V133/><F133/><W119/><G119/><T12/><D70/><U53/><E35/><V103/><F118/><W55/><G55/><T69/><D69/><U37/><REACH who="1" step="1"/><E15/><REACH who="1" ten="61,264,241,394" step="2"/><V125/><F125/><W132/><G132/><T30/><D12/><U32/><E32/><V43/><F116/><W123/><G123/><T62/><D77/><AGARI ba="1,4" hai="4,5,13,16,20,38,42,44,75,77,80,97,101,106" machi="77" ten="40,2600,0" yaku="1,1,54,1,53,0" doraHai="124" doraHaiUra="121" who="3" fromWho="0" sc="61,-29,264,0,241,0,394,69" /><INIT seed="6,0,0,3,2,40" ten="32,264,241,463" oya="2" hai0="59,104,32,69,38,42,44,47,116,16,24,121,54" hai1="23,129,123,21,127,70,5,93,55,73,27,60,107" hai2="61,81,105,99,51,79,100,63,65,115,89,82,50" hai3="75,97,45,64,111,80,67,0,8,48,120,10,29"/><V124/><F115/><W1/><G120/><T128/><D104/><U56/><E73/><V71/><F124/><W53/><G111/><T133/><D32/><U92/><E107/><V13/><F63/><W25/><G1/><T17/><D121/><U28/><E129/><V83/><F89/><W117/><G117/><T113/><D133/><U86/><E70/><V3/><F3/><W134/><G134/><T30/><D128/><U94/><E127/><V78/><REACH who="2" step="1"/><F13/><REACH who="2" ten="32,264,231,463" step="2"/><W90/><G90/><T22/><D113/><U91/><E123/><V74/><F74/><W58/><G0/><T109/><D116/><U34/><REACH who="1" step="1"/><E5/><REACH who="1" ten="32,254,231,463" step="2"/><V126/><F126/><W96/><G75/><T14/><D109/><U131/><E131/><V103/><F103/><W20/><G67/><T118/><D118/><U98/><E98/><V87/><F87/><W15/><G97/><T57/><D69/><U36/><E36/><V106/><F106/><W4/><G96/><T68/><D68/><U9/><E9/><V37/><F37/><W7/><G10/><T46/><D38/><U72/><E72/><V62/><F62/><N who="3" m="37975" /><G7/><T43/><D30/><U112/><E112/><V110/><F110/><W101/><G101/><T119/><D119/><U35/><E35/><V85/><F85/><W11/><G4/><T31/><D31/><U130/><E130/><V102/><F102/><W122/><G122/><T19/><D19/><U2/><E2/><V84/><F84/><W18/><G11/><N who="0" m="6239" /><D54/><U108/><E108/><V114/><F114/><W88/><G88/><T33/><D33/><U76/><E76/><AGARI ba="0,2" hai="50,51,61,65,71,76,78,79,81,82,83,99,100,105" machi="76" ten="40,3900,0" yaku="1,1,6,1,53,0" doraHai="40" doraHaiUra="41" who="2" fromWho="1" sc="32,0,254,-39,231,59,463,0" /><INIT seed="6,1,0,1,4,52" ten="32,215,290,463" oya="2" hai0="129,71,65,120,25,101,82,13,2,118,26,20,85" hai1="110,50,68,117,21,113,55,72,123,0,3,51,128" hai2="86,87,18,24,27,78,107,135,104,80,10,4,23" hai3="83,79,63,69,77,15,121,108,134,116,62,6,59"/><V66/><F135/><W130/><G121/><T1/><D129/><U30/><E30/><V37/><F37/><W53/><G108/><T31/><D118/><U92/><E92/><V105/><F66/><W41/><G116/><T81/><D81/><U48/><E21/><V47/><F47/><W14/><G130/><T34/><D120/><U58/><E72/><V89/><F27/><W42/><G134/><T99/><D13/><N who="3" m="4617" /><G69/><T119/><D119/><U35/><E35/><V73/><REACH who="2" step="1"/><F89/><REACH who="2" ten="32,215,280,463" step="2"/><W111/><G111/><T40/><D65/><U95/><E110/><V33/><F33/><W16/><G42/><T36/><D26/><U131/><E117/><V124/><F124/><W109/><G41/><T22/><D40/><U76/><E128/><V43/><F43/><W74/><G109/><T112/><D36/><U100/><E131/><V57/><F57/><W45/><G45/><T39/><D39/><U7/><E58/><V5/><F5/><W64/><G6/><T93/><D34/><U102/><E7/><V38/><F38/><W46/><G46/><T28/><D71/><U98/><E68/><V94/><F94/><W60/><G64/><T56/><D56/><U103/><E123/><V9/><F9/><W61/><G79/><T29/><D25/><U106/><E76/><V11/><F11/><W127/><G127/><T91/><D112/><U70/><E70/><V114/><F114/><W17/><G63/><T126/><D126/><U67/><E113/><V90/><F90/><W132/><G132/><T32/><D32/><U54/><E67/><V8/><F8/><RYUUKYOKU ba="1,1" sc="32,10,215,-30,280,10,463,10" hai0="1,2,20,22,28,29,31,82,85,91,93,99,101" hai2="4,10,18,23,24,73,78,80,86,87,104,105,107" hai3="16,17,53,59,60,61,62,74,77,83" /><INIT seed="6,2,1,1,3,83" ten="42,185,290,473" oya="2" hai0="31,51,95,91,3,104,74,99,64,19,118,5,46" hai1="4,0,41,133,12,135,20,101,52,80,60,121,49" hai2="69,58,71,42,38,48,113,112,73,10,61,105,98" hai3="88,29,123,32,107,100,1,14,115,132,37,134,124"/><V127/><F73/><W111/><RYUUKYOKU type="yao9" ba="2,1" sc="42,0,185,0,290,0,473,0" hai3="1,14,29,32,37,88,100,107,111,115,123,124,132,134" /><INIT seed="6,3,1,2,4,108" ten="42,185,290,473" oya="2" hai0="102,59,15,117,129,107,34,63,43,31,121,130,73" hai1="19,87,81,1,72,11,4,3,27,112,123,46,44" hai2="37,50,93,78,12,70,55,80,103,42,68,33,98" hai3="7,133,26,77,58,99,18,41,8,82,47,124,56"/><V83/><F33/><W48/><G133/><T52/><D121/><U122/><E72/><V96/><F42/><W85/><G124/><T94/><D107/><U88/><E1/><V128/><F37/><W49/><G99/><T69/><D73/><U134/><E134/><V114/><F128/><W100/><G100/><T104/><D104/><U132/><E132/><V119/><F119/><W62/><G49/><T66/><D102/><U92/><E19/><V64/><F114/><W131/><G131/><N who="0" m="50187" /><D94/><U74/><E27/><V90/><F12/><N who="3" m="5151" /><G62/><N who="0" m="40151" /><D15/><U101/><E112/><V115/><F115/><W45/><G47/><T28/><D34/><U76/><REACH who="1" step="1"/><E101/><REACH who="1" ten="42,175,290,473" step="2"/><V25/><F25/><W17/><G18/><T21/><D117/><U118/><E118/><V16/><F16/><W14/><G26/><T6/><D6/><U65/><E65/><V106/><F64/><W135/><G135/><T5/><D5/><U126/><E126/><V116/><F116/><W32/><G32/><T2/><D2/><U54/><E54/><V109/><F109/><W30/><G30/><T89/><D28/><U57/><E57/><V110/><F110/><W113/><G113/><T29/><D31/><U24/><E24/><V127/><F127/><W0/><G0/><T38/><D29/><U61/><E61/><V10/><F10/><AGARI ba="3,2" hai="10,14,17,41,45,48,56,58,77,82,85" m="5151" machi="10" ten="30,2000,0" yaku="25,1,8,1" doraHai="108" who="3" fromWho="2" sc="42,0,175,0,290,-29,473,49" /><INIT seed="7,0,0,2,3,35" ten="42,175,261,522" oya="3" hai0="63,87,113,44,111,37,2,78,62,65,73,110,85" hai1="7,3,1,125,100,105,117,72,120,92,129,123,11" hai2="26,69,116,132,81,114,89,109,76,45,52,83,22" hai3="48,118,33,108,70,8,134,4,47,59,12,124,98"/><W57/><G47/><T104/><D44/><U10/><E92/><V90/><F116/><W101/><G8/><T56/><D56/><U119/><E72/><V121/><F109/><W38/><G98/><T79/><D73/><U53/><E53/><V106/><F69/><W19/><G19/><T130/><D65/><U102/><E105/><V127/><F106/><W68/><G4/><T15/><D104/><U30/><E30/><V115/><F127/><W126/><G59/><T128/><D15/><U49/><E129/><V51/><F132/><W84/><G70/><T29/><D29/><U96/><E125/><V20/><F121/><W107/><G101/><T95/><D95/><U36/><E36/><V88/><F76/><W131/><G68/><T74/><D74/><U40/><E49/><V135/><F135/><W5/><G126/><T93/><D93/><U61/><E61/><V50/><F26/><W94/><G107/><T18/><D18/><U58/><E58/><V46/><F89/><W9/><G48/><T67/><D67/><U13/><E13/><V41/><F41/><W66/><G12/><T21/><D21/><U17/><E17/><V60/><F60/><W31/><G31/><T71/><D71/><U133/><E7/><V64/><F64/><W0/><G66/><T16/><D16/><U25/><E133/><V103/><F103/><W32/><G124/><T55/><D37/><U80/><E40/><V82/><F82/><W122/><G38/><T27/><D113/><U86/><E120/><V42/><F114/><W23/><G122/><T91/><D111/><RYUUKYOKU ba="0,0" sc="42,0,175,0,261,0,522,0" owari="42,-45.8,175,-22.5,261,6.1,522,62.2" /></mjloggm>