<mjloggm ver="2.3"><GO type="41" lobby="0"/><UN n0="%E3%82%A2%E3%83%AA%E3%83%95%E3%83%AD%E3%83%9F%E3%83%B3" n1="%E5%B0%8F%E6%AC%A1%E9%83%8E" n2="%E2%93%9D%4C%75%63%6B%79%4A" n3="%6B%61%6E%74%61%E3%81%A1%E3%82%83%E3%82%93" dan="13,14,17,13" rate="1830.01,1862.91,2153.94,2046.26" sx="M,M,M,M"/><TAIKYOKU oya="0"/><INIT seed="0,0,0,2,3,12" ten="250,250,250,250" oya="0" hai0="54,43,103,93,123,46,77,134,3,8,64,69,66" hai1="47,50,29,18,56,119,68,109,113,106,94,112,131" hai2="67,110,10,36,20,34,0,108,107,85,99,65,70" hai3="19,11,37,60,88,23,52,55,101,22,30,39,115"/><T90/><D123/><U48/><E109/><N who="2" m="42091" /><F34/><W25/><G115/><N who="1" m="44106" /><E119/><V92/><F36/><W38/><G101/><T104/><D134/><U114/><N who="1" m="44114" /><U57/><DORA hai="79" /><E131/><V40/><F40/><W126/><G126/><T14/><D77/><U116/><E116/><V133/><F70/><W61/><G11/><T9/><D54/><N who="1" m="31831" /><E106/><V53/><F53/><W76/><G76/><T32/><D32/><U135/><E135/><V7/><F107/><W122/><G122/><T100/><D69/><U51/><E68/><V73/><F73/><W1/><G1/><T63/><D104/><U17/><E29/><V45/><F45/><W129/><G129/><T28/><D28/><U97/><E57/><V89/><F133/><W4/><G4/><T44/><D3/><U42/><E51/><V83/><F20/><W27/><G61/><T6/><D9/><U132/><E132/><V35/><F35/><W111/><G111/><T26/><D26/><U121/><E121/><V84/><F85/><W91/><G60/><T74/><D74/><U102/><AGARI ba="0,0" hai="17,18,42,47,48,94,97,102" m="31831,44114" machi="102" ten="40,5200,0" yaku="11,1,52,2" doraHai="12,79" who="1" fromWho="1" sc="250,-26,250,52,250,-13,250,-13" /><INIT seed="1,0,0,4,3,1" ten="224,302,237,237" oya="1" hai0="0,125,28,133,14,113,129,32,29,52,99,122,67" hai1="75,63,111,40,83,114,66,92,25,64,71,117,112" hai2="118,50,134,98,100,6,62,35,103,95,60,30,5" hai3="127,77,85,68,10,34,72,119,81,121,8,79,91"/><U108/><E117/><V110/><F118/><W15/><G119/><T87/><D113/><U70/><E92/><V41/><F134/><W4/><G127/><T120/><D129/><U48/><E25/><V9/><F110/><N who="1" m="42025" /><E83/><V78/><F35/><W105/><G68/><T16/><D125/><U132/><E75/><V106/><F30/><W2/><G121/><T12/><D133/><U19/><E19/><V135/><F135/><W69/><G69/><T97/><D0/><U38/><E48/><V101/><F78/><W57/><G105/><T27/><D87/><U109/><N who="1" m="42033" /><U18/><DORA hai="131" /><E18/><V124/><F106/><W49/><G34/><T21/><D29/><U24/><E24/><V23/><F23/><W116/><G116/><T54/><D14/><U89/><E89/><V104/><F104/><W13/><G2/><T31/><D31/><U102/><E102/><V130/><F124/><W126/><G126/><T22/><D32/><U53/><E53/><N who="0" m="20585" /><D67/><U82/><E82/><V33/><F103/><W128/><G128/><T3/><D3/><U7/><E7/><V43/><F6/><N who="3" m="3223" /><G72/><T39/><D39/><U107/><E107/><V74/><F74/><W45/><G45/><T42/><D42/><U59/><E132/><V84/><F43/><W47/><G57/><T61/><D61/><N who="1" m="40271" /><E71/><V58/><F130/><W123/><G123/><AGARI ba="0,0" hai="12,16,21,22,27,28,97,99,120,122,123" m="20585" machi="123" ten="30,3900,0" yaku="13,1,54,2" doraHai="1,131" who="0" fromWho="3" sc="224,39,302,0,237,0,237,-39" /><INIT seed="2,0,0,2,0,120" ten="263,302,237,198" oya="2" hai0="8,41,2,121,82,28,44,81,48,42,32,26,114" hai1="43,39,133,21,91,99,108,118,27,122,85,86,103" hai2="101,125,64,74,38,135,68,15,20,113,58,124,107" hai3="0,40,35,63,52,123,87,17,23,90,134,29,80"/><V31/><F113/><W76/><G134/><T102/><D121/><U37/><E108/><V111/><F74/><W66/><G123/><T72/><D114/><U14/><E118/><V3/><F3/><W104/><G104/><T54/><D102/><U9/><E122/><V67/><F38/><W106/><G106/><T57/><D72/><U61/><E133/><V127/><F68/><W77/><G0/><T84/><D42/><U75/><E75/><V55/><F135/><W92/><G40/><T19/><D84/><U94/><E61/><V71/><F71/><W97/><G35/><T109/><D109/><U112/><E112/><V100/><F111/><W22/><G29/><T110/><D110/><U53/><E53/><V1/><F1/><W69/><G76/><T105/><D105/><U5/><E86/><V130/><F130/><W79/><G79/><T7/><REACH who="0" step="1"/><D19/><REACH who="0" ten="253,302,237,198" step="2"/><U36/><E43/><V70/><F101/><W33/><G33/><T60/><AGARI ba="0,1" hai="2,7,8,26,28,32,41,44,48,54,57,60,81,82" machi="60" ten="20,8000,1" yaku="1,1,2,1,0,1,7,1,53,1" doraHai="120" doraHaiUra="25" who="0" fromWho="0" sc="253,90,302,-20,237,-40,198,-20" /><INIT seed="3,0,0,0,1,95" ten="343,282,197,178" oya="3" hai0="42,52,29,41,46,82,124,51,70,24,96,2,131" hai1="56,90,75,19,63,109,106,128,119,129,121,33,88" hai2="97,72,65,135,39,115,99,37,62,14,84,134,10" hai3="76,108,79,87,104,23,45,100,54,57,103,25,32"/><W9/><G32/><T125/><D131/><N who="1" m="50251" /><E109/><V40/><F72/><W133/><G133/><N who="2" m="50697" /><F84/><W110/><G45/><T44/><D70/><U123/><E119/><V5/><F115/><W61/><G9/><T67/><D67/><U132/><E132/><V68/><F40/><W112/><G112/><T30/><D2/><U80/><E33/><V48/><F48/><W73/><G73/><T60/><D82/><U83/><E106/><V93/><F93/><W18/><G100/><T113/><D113/><U86/><E19/><V38/><AGARI ba="0,0" hai="5,10,14,37,38,39,62,65,68,97,99" m="50697" machi="38" ten="40,5200,0" yaku="20,1,52,2" doraHai="95" who="2" fromWho="2" sc="343,-13,282,-13,197,52,178,-26" /><INIT seed="4,0,0,2,4,68" ten="330,269,249,152" oya="0" hai0="5,81,115,51,77,35,128,108,18,50,99,7,83" hai1="78,122,86,2,6,69,23,72,33,52,37,133,12" hai2="58,92,110,47,43,100,11,106,40,66,126,63,134" hai3="124,36,114,54,60,116,89,8,109,41,16,93,107"/><T31/><D115/><U65/><E122/><V42/><F106/><W1/><G107/><T34/><D128/><U120/><E120/><V90/><F110/><W117/><G109/><T123/><D123/><U103/><E133/><V131/><F131/><W9/><G124/><T15/><D108/><U118/><E118/><V53/><F100/><W25/><G114/><T61/><D99/><U130/><E130/><V21/><F11/><W76/><G76/><T56/><D31/><U70/><E33/><V104/><F104/><W46/><G60/><T0/><D0/><U101/><E37/><V74/><F74/><W64/><G64/><T112/><D112/><U17/><E72/><V27/><F66/><W49/><G8/><T127/><D127/><U59/><E6/><N who="0" m="2057" /><D35/><U13/><E13/><V10/><F10/><W20/><G9/><N who="0" m="6511" /><D34/><U22/><E2/><V24/><F134/><W75/><G75/><T121/><D121/><U88/><E70/><V91/><F27/><W62/><G1/><T19/><D19/><U26/><E69/><V57/><F58/><N who="3" m="35159" /><G49/><N who="0" m="18443" /><D77/><U44/><E78/><V111/><F111/><W4/><G4/><T97/><D97/><AGARI ba="0,0" hai="16,20,25,36,41,46,89,93,97,116,117" m="35159" machi="97" ten="30,3900,0" yaku="25,1,52,1,54,1" doraHai="68" who="3" fromWho="0" sc="330,-39,269,0,249,0,152,39" /><INIT seed="5,0,0,5,4,87" ten="291,269,249,191" oya="1" hai0="20,67,74,2,130,8,86,93,15,42,10,119,127" hai1="90,29,79,107,38,17,117,30,18,131,121,50,95" hai2="35,64,53,73,97,85,116,27,113,32,59,13,14" hai3="89,0,94,56,44,51,22,11,5,47,23,41,110"/><U123/><E117/><V68/><F116/><W65/><G110/><T28/><D119/><U16/><E131/><V114/><F73/><W81/><G81/><T54/><D74/><U122/><E38/><V24/><F64/><W120/><G120/><T101/><D130/><U57/><E79/><V99/><F53/><W25/><G65/><T70/><D127/><U48/><E107/><V106/><F59/><W34/><G34/><T49/><D2/><U26/><E57/><V66/><F66/><W52/><G25/><N who="0" m="16423" /><D42/><U118/><E118/><V72/><F72/><W133/><G44/><T33/><D33/><U115/><E115/><V46/><F46/><W58/><G133/><T134/><D134/><U96/><REACH who="1" step="1"/><E30/><REACH who="1" ten="291,259,249,191" step="2"/><V128/><F128/><W135/><G135/><T45/><D70/><U40/><E40/><V12/><F106/><W71/><G58/><T104/><D104/><U80/><E80/><V102/><F68/><W21/><G71/><T4/><D93/><U92/><E92/><V43/><F43/><W61/><REACH who="3" step="1"/><G23/><AGARI ba="0,1" hai="16,17,18,23,26,29,48,50,90,95,96,121,122,123" machi="23" ten="50,9600,0" yaku="1,1,52,1,54,1,53,0" doraHai="87" doraHaiUra="75" who="1" fromWho="3" sc="291,0,259,106,249,0,191,-96" /><INIT seed="5,1,0,0,1,84" ten="291,365,249,95" oya="1" hai0="46,6,19,32,28,90,7,121,124,20,51,92,57" hai1="67,69,10,33,108,2,26,58,53,24,118,75,135" hai2="89,15,23,55,31,13,43,86,63,1,129,4,70" hai3="80,99,93,45,110,16,95,66,60,14,30,68,96"/><U35/><E118/><V54/><F1/><W100/><G110/><T116/><D116/><U109/><E135/><V97/><F43/><W79/><G30/><T107/><D107/><U91/><E75/><V29/><F70/><W81/><G45/><T102/><D121/><U119/><E119/><V72/><F72/><W111/><G111/><N who="1" m="42570" /><E91/><V73/><F129/><W65/><G65/><T42/><D124/><U39/><E39/><V37/><F73/><W120/><G79/><T98/><D57/><U74/><E74/><V126/><F37/><W12/><G12/><T49/><D49/><N who="1" m="31023" /><E67/><V62/><F89/><W41/><G120/><T0/><D0/><U25/><E69/><V36/><F36/><W114/><G114/><T78/><D78/><U77/><E77/><V127/><F127/><W18/><G41/><T112/><D112/><U59/><E59/><V130/><F126/><W38/><G38/><T103/><D28/><U88/><E88/><V61/><F31/><W133/><G133/><T113/><D113/><U21/><E21/><V8/><F29/><W5/><G81/><T9/><D32/><U134/><E134/><V123/><F123/><W82/><G80/><T44/><D44/><U117/><E117/><V50/><F23/><W94/><G82/><T3/><D7/><AGARI ba="1,0" hai="2,7,10,24,25,26,33,35" m="31023,42570" machi="7" ten="30,1500,0" yaku="10,1" doraHai="84" who="1" fromWho="0" sc="291,-18,365,18,249,0,95,0" /><INIT seed="5,2,0,4,2,73" ten="273,383,249,95" oya="1" hai0="50,24,48,87,38,64,36,62,80,125,13,91,116" hai1="132,98,71,2,39,95,110,104,97,120,89,31,131" hai2="135,49,52,79,72,112,51,44,15,20,99,68,100" hai3="107,1,40,114,124,92,63,105,103,19,10,29,28"/><U74/><RYUUKYOKU type="yao9" ba="2,0" sc="273,0,383,0,249,0,95,0" hai1="2,31,39,71,74,89,95,97,98,104,110,120,131,132" /><INIT seed="5,3,0,5,2,109" ten="273,383,249,95" oya="1" hai0="67,105,120,98,104,2,29,99,113,101,103,34,115" hai1="44,5,25,117,64,121,96,37,9,12,51,23,15" hai2="24,52,66,11,19,38,106,68,133,97,35,71,90" hai3="28,47,108,84,86,83,128,74,107,1,6,80,43"/><U31/><E117/><V22/><F38/><W49/><G108/><T75/><D120/><U7/><E121/><V102/><F35/><W57/><G128/><T3/><D67/><U73/><E73/><V129/><F129/><W8/><G107/><T131/><D131/><U16/><E37/><V65/><F133/><W13/><G74/><T91/><D91/><U126/><E126/><V10/><F66/><W82/><G28/><T85/><D85/><U78/><E78/><V20/><F65/><W76/><G1/><T63/><D63/><U124/><E124/><V132/><F132/><W110/><G110/><T87/><D87/><U36/><E36/><V95/><F22/><W94/><G57/><T42/><D42/><U135/><E135/><V26/><F26/><W4/><G4/><T89/><D89/><AGARI ba="3,0" hai="6,8,13,43,47,49,76,80,82,83,84,86,89,94" machi="89" ten="40,5200,0" yaku="25,2,8,1" doraHai="109" who="3" fromWho="0" sc="273,-61,383,0,249,0,95,61" /><INIT seed="6,0,0,3,4,83" ten="212,383,249,156" oya="2" hai0="64,109,117,28,70,58,38,93,49,132,73,53,32" hai1="8,30,31,106,124,67,24,56,104,133,66,23,45" hai2="3,18,100,62,51,78,19,43,101,77,108,81,15" hai3="54,107,122,63,114,128,2,44,25,6,5,71,127"/><V46/><F3/><W97/><G122/><T90/><D117/><U89/><E124/><V87/><F108/><W88/><G127/><T98/><D132/><U60/><E133/><V1/><F1/><W65/><G128/><T82/><D109/><U42/><E67/><V80/><F62/><W94/><G114/><T84/><D38/><U111/><E111/><V130/><F130/><W16/><G2/><T69/><D73/><U85/><E8/><V134/><F134/><W118/><G118/><T21/><D32/><U92/><E31/><V74/><REACH who="2" step="1"/><F19/><REACH who="2" ten="212,383,239,156" step="2"/><W135/><G135/><T37/><D37/><AGARI ba="0,1" hai="23,24,30,37,42,45,56,60,66,85,89,92,104,106" machi="37" ten="30,2000,0" yaku="7,1,52,1" doraHai="83" who="1" fromWho="0" sc="212,-20,383,30,239,0,156,0" /><INIT seed="7,0,0,3,2,27" ten="192,413,239,156" oya="3" hai0="45,6,30,14,105,96,13,62,103,106,125,52,78" hai1="2,132,25,70,40,36,118,44,71,112,80,76,79" hai2="115,50,19,100,43,95,97,113,83,99,24,120,89" hai3="129,128,127,135,63,90,126,35,81,5,59,51,74"/><W124/><G35/><T134/><D134/><U88/><E112/><N who="2" m="43083" /><F120/><W130/><G5/><T67/><D125/><U123/><E123/><V12/><F24/><W101/><G101/><T38/><D78/><U31/><E132/><V75/><F43/><W15/><G135/><T11/><D106/><U17/><E118/><V7/><F50/><W33/><G33/><T9/><D30/><U108/><E108/><V119/><F7/><W122/><G122/><T111/><D111/><U26/><E2/><V65/><F65/><W91/><G15/><T0/><D11/><U39/><E39/><V32/><F32/><W72/><G51/><T58/><D38/><U109/><E109/><V8/><F119/><W3/><G3/><T29/><D45/><U86/><E71/><V60/><F60/><W117/><G117/><T110/><D110/><U102/><E102/><V64/><F64/><W69/><G69/><T48/><D29/><U47/><E47/><V98/><F100/><W4/><G4/><T77/><D77/><AGARI ba="0,0" hai="8,12,19,75,77,83,89,95,97,98,99" m="43083" machi="77" ten="30,1000,0" yaku="15,1" doraHai="27" who="2" fromWho="0" sc="192,-10,413,0,239,10,156,0" owari="182,-21.8,413,51.3,249,4.9,156,-34.4" /></mjloggm>