<mjloggm ver="2.3"><GO type="41" lobby="0"/><UN n0="%6D%6E%30%33%35%34%30" n1="%E2%93%9D%4C%75%63%6B%79%4A" n2="%E3%83%A4%E3%83%A2%E3%83%AA%E3%81%95%E3%82%93" n3="%E5%B7%A8%E4%BA%BA%E3%81%AE%E6%98%9F" dan="14,15,13,14" rate="1905.40,2169.86,1850.68,1849.33" sx="F,M,M,M"/><TAIKYOKU oya="0"/><INIT seed="0,0,0,1,2,41" ten="250,250,250,250" oya="0" hai0="19,104,113,129,89,34,58,72,108,75,50,14,4" hai1="40,33,76,103,119,99,87,109,134,121,22,70,24" hai2="8,46,23,95,135,0,115,15,62,118,105,1,47" hai3="114,59,37,107,97,120,86,84,55,65,44,2,98"/><T17/><D113/><U124/><E33/><V49/><F105/><W80/><G114/><T21/><D104/><U61/><E119/><V102/><F115/><W28/><G2/><T56/><D4/><U78/><E121/><V125/><F118/><W126/><G65/><T64/><D34/><U74/><E74/><V11/><F62/><W38/><G120/><T32/><D32/><U27/><E27/><V43/><F125/><W90/><G28/><T88/><D129/><U3/><E87/><V73/><F73/><W10/><G10/><T91/><D108/><U18/><E134/><V7/><F135/><W122/><G126/><T29/><D29/><U82/><E82/><V16/><F102/><W123/><G86/><T42/><D64/><U30/><E3/><V128/><F128/><W93/><G107/><T54/><D42/><U60/><E40/><V94/><F47/><W106/><G122/><T45/><REACH who="0" step="1"/><D19/><REACH who="0" ten="240,250,250,250" step="2"/><U77/><E18/><V26/><F0/><W68/><G123/><T79/><D79/><U111/><E124/><V36/><F36/><W57/><G106/><T69/><D69/><U85/><E70/><V12/><F1/><W31/><G68/><T96/><D96/><U5/><E5/><AGARI ba="0,1" hai="5,7,8,11,12,15,16,23,26,43,46,49,94,95" machi="5" ten="30,8000,1" yaku="7,1,9,1,8,1,52,1,54,1" doraHai="41" who="2" fromWho="1" sc="240,0,250,-80,250,90,250,0" /><INIT seed="1,0,0,1,1,77" ten="240,170,340,250" oya="1" hai0="74,109,53,110,73,8,107,56,98,132,36,75,15" hai1="102,127,119,7,27,13,78,55,12,83,79,14,32" hai2="99,128,51,115,88,86,60,50,35,61,2,54,38" hai3="71,22,57,47,84,69,30,18,40,121,17,123,135"/><U82/><E119/><V28/><F115/><W44/><G135/><T81/><D36/><U111/><E127/><V103/><F2/><W42/><G57/><T97/><D132/><U92/><E32/><V10/><F38/><W101/><G84/><T37/><D37/><U65/><E65/><V131/><F10/><W91/><G91/><T72/><D107/><U66/><E66/><V1/><F1/><W118/><G30/><T45/><D45/><U25/><E111/><N who="0" m="42505" /><D81/><N who="1" m="30731" /><E7/><V52/><F28/><W23/><REACH who="3" step="1"/><G101/><REACH who="3" ten="240,170,340,240" step="2"/><T3/><N who="0" m="18432" /><DORA hai="48" /><T105/><D105/><U43/><E102/><V96/><F103/><W104/><G104/><T122/><D122/><U62/><E92/><V108/><F108/><W113/><G113/><T76/><D76/><N who="1" m="29227" /><E43/><V117/><F117/><AGARI ba="0,1" hai="17,18,22,23,40,42,44,47,69,71,117,118,121,123" machi="117" ten="25,8000,1" yaku="1,1,22,2,53,2" doraHai="77,48" doraHaiUra="21,16" who="3" fromWho="2" sc="240,0,170,0,340,-80,240,90" /><INIT seed="2,0,0,5,2,102" ten="240,170,260,330" oya="2" hai0="60,75,104,83,96,46,126,110,80,18,41,97,48" hai1="13,85,40,127,118,93,54,20,68,119,42,43,70" hai2="130,32,15,5,101,77,66,112,24,122,59,132,133" hai3="121,82,107,14,86,92,99,21,71,84,12,113,135"/><V64/><F112/><W63/><G121/><T89/><D110/><U109/><E13/><V67/><F122/><W9/><G135/><N who="2" m="51785" /><F130/><W16/><G113/><T19/><D126/><U44/><E20/><V30/><F77/><W73/><G73/><T35/><D35/><U34/><E93/><V39/><F39/><W2/><G2/><T6/><D6/><U10/><E10/><N who="2" m="4559" /><F101/><W124/><G124/><T47/><D96/><U25/><E85/><V79/><F79/><W0/><G0/><T26/><D60/><AGARI ba="0,0" hai="24,30,32,59,60,64,66,67" m="4559,51785" machi="60" ten="30,1500,0" yaku="20,1" doraHai="102" who="2" fromWho="0" sc="240,-15,170,0,260,15,330,0" /><INIT seed="2,1,0,2,5,45" ten="225,170,275,330" oya="2" hai0="127,101,126,94,46,89,71,16,59,48,132,128,114" hai1="56,116,108,95,40,119,26,86,117,133,55,28,64" hai2="106,23,68,112,50,111,25,15,53,120,79,110,9" hai3="115,49,27,77,84,90,61,36,109,122,42,88,118"/><V18/><F106/><W2/><G122/><T87/><D71/><U21/><E108/><N who="2" m="41515" /><F68/><W72/><G109/><T22/><D114/><U7/><E40/><V8/><F112/><W62/><G118/><T29/><D132/><U93/><E133/><V5/><F79/><W113/><G36/><T67/><D29/><U91/><E7/><V81/><F81/><N who="3" m="47151" /><G2/><T41/><D101/><U100/><E64/><V70/><F70/><W54/><G72/><T19/><D128/><U99/><REACH who="1" step="1"/><E119/><REACH who="1" ten="225,160,275,330" step="2"/><V69/><F120/><W103/><G42/><T123/><D123/><U65/><E65/><V80/><F69/><W83/><G115/><T102/><D102/><U135/><E135/><V43/><F43/><W92/><G113/><T131/><D131/><U44/><E44/><N who="2" m="27847" /><F5/><W58/><G103/><T37/><D67/><U14/><E14/><V33/><F80/><W85/><G27/><T47/><D59/><U31/><E31/><AGARI ba="1,1" hai="8,9,15,18,23,25,31,33" m="27847,41515" machi="31" ten="30,5800,0" yaku="14,1,10,1,52,1" doraHai="45" who="2" fromWho="1" sc="225,0,160,-61,275,71,330,0" /><INIT seed="2,2,0,1,4,96" ten="225,99,346,330" oya="2" hai0="27,26,62,59,86,93,14,80,110,98,40,90,12" hai1="65,115,52,84,113,23,122,69,34,30,83,97,103" hai2="118,37,89,72,67,81,31,116,77,64,102,95,129" hai3="33,4,11,2,105,45,75,41,108,19,49,22,47"/><V60/><F37/><W7/><G108/><T18/><D110/><U123/><E23/><V101/><F67/><W39/><G105/><T104/><D104/><N who="1" m="63599" /><E30/><V36/><F36/><W28/><G7/><T125/><D40/><U109/><E34/><V132/><F31/><W121/><G121/><N who="1" m="46090" /><E65/><V88/><F60/><W117/><G117/><N who="2" m="45161" /><F64/><W79/><G28/><T46/><D46/><U43/><E43/><V5/><F5/><W13/><G47/><T74/><D74/><U0/><E0/><V124/><F124/><W130/><G49/><T53/><D125/><U25/><E25/><N who="0" m="9225" /><D18/><U61/><E69/><V127/><F127/><W44/><G44/><T48/><D62/><U54/><E109/><V94/><F132/><W112/><G33/><T38/><D38/><U73/><E73/><V111/><F111/><W71/><G71/><T3/><D3/><U91/><E61/><V92/><F129/><W78/><G130/><T58/><D58/><U120/><N who="1" m="46098" /><U126/><DORA hai="119" /><E126/><V135/><F135/><W20/><G112/><AGARI ba="2,0" hai="52,54,83,84,91,112,113,115" m="46098,63599" machi="112" ten="40,12000,2" yaku="13,1,52,5,54,1" doraHai="96,119" who="1" fromWho="3" sc="225,0,99,126,346,0,330,-126" /><INIT seed="3,0,0,2,4,28" ten="225,225,346,204" oya="3" hai0="120,126,117,52,9,61,95,55,44,59,2,76,45" hai1="130,48,91,129,26,102,104,119,108,96,103,69,81" hai2="3,131,17,18,36,101,32,4,66,35,50,133,112" hai3="105,89,0,118,64,71,31,24,84,1,21,23,57"/><W106/><G118/><T79/><D117/><U11/><E69/><V38/><F112/><W13/><G71/><T12/><D2/><U15/><E119/><V65/><F50/><W111/><G111/><T122/><D126/><U75/><E26/><V125/><F125/><W42/><G42/><T33/><D33/><N who="2" m="12874" /><F101/><W58/><G24/><T30/><D30/><U25/><E103/><V123/><F3/><W29/><G84/><T63/><D95/><U94/><E25/><V47/><F47/><W97/><G89/><T82/><D120/><U99/><E48/><V88/><F4/><W20/><G20/><T132/><D122/><U116/><E116/><V70/><F70/><W56/><G56/><N who="0" m="34951" /><D132/><U98/><E108/><V39/><F88/><W14/><REACH who="3" step="1"/><G64/><REACH who="3" ten="225,225,346,194" step="2"/><N who="2" m="24681" /><F123/><W27/><G27/><T46/><D82/><U73/><E81/><V110/><F110/><W134/><G134/><T135/><D135/><U40/><E91/><V72/><F133/><W54/><G54/><T113/><D113/><U87/><E40/><V109/><F109/><W121/><G121/><T127/><D127/><U8/><E102/><V41/><F41/><W60/><G60/><T34/><D34/><U51/><E51/><V90/><F90/><W5/><G5/><AGARI ba="0,1" hai="5,9,12,44,45,46,55,59,63,76,79" m="34951" machi="5" ten="30,2000,0" yaku="8,1,54,1" doraHai="28" who="0" fromWho="3" sc="225,30,225,0,346,0,194,-20" /><INIT seed="4,0,0,3,0,97" ten="255,225,346,174" oya="0" hai0="6,2,108,60,4,90,70,110,59,87,85,35,129" hai1="89,1,31,32,30,72,134,16,23,133,83,125,66" hai2="11,114,43,47,42,84,91,78,82,14,54,10,98" hai3="101,17,41,39,74,24,118,81,100,40,34,58,96"/><T121/><D121/><U76/><E32/><V33/><F33/><W106/><G118/><T13/><D70/><U46/><E1/><V95/><F114/><W69/><G69/><T20/><D35/><U49/><E89/><V135/><F135/><N who="1" m="51721" /><E66/><V112/><F112/><W63/><G39/><T5/><D129/><U51/><E125/><V113/><F113/><W130/><G130/><T25/><D2/><U103/><E103/><N who="3" m="39498" /><G106/><T75/><D75/><U64/><E64/><V109/><F109/><N who="0" m="42090" /><D90/><U3/><E3/><V12/><F12/><W80/><G34/><T99/><D13/><N who="1" m="9615" /><E51/><N who="2" m="29055" /><F11/><W56/><G96/><T57/><D99/><U86/><E72/><V67/><F67/><N who="3" m="39399" /><G58/><N who="0" m="22027" /><D60/><U61/><E61/><V115/><F115/><W68/><G68/><T22/><D25/><U102/><E102/><V131/><F131/><W55/><G55/><AGARI ba="0,0" hai="30,31,46,49,55,76,83,86" m="9615,51721" machi="55" ten="30,2000,0" yaku="20,1,54,1" doraHai="97" who="1" fromWho="3" sc="255,0,225,20,346,0,174,-20" /><INIT seed="5,0,0,2,2,72" ten="255,245,346,154" oya="1" hai0="121,15,114,104,60,7,111,83,46,127,128,50,135" hai1="35,2,34,23,19,91,53,32,21,77,68,124,54" hai2="79,67,20,18,62,49,80,56,4,130,134,102,120" hai3="36,57,30,61,107,89,105,131,94,129,17,44,6"/><U93/><E68/><V132/><F120/><W78/><G30/><T38/><D111/><U101/><E2/><V110/><F110/><W81/><G6/><T95/><D104/><U29/><E101/><V84/><F102/><W82/><G17/><T33/><D33/><U11/><E124/><V26/><F4/><W113/><G44/><T24/><D24/><U98/><E11/><V97/><F97/><N who="3" m="57551" /><G36/><T75/><D127/><U42/><E42/><V115/><F115/><W116/><G113/><T126/><D126/><U108/><E108/><V16/><F18/><W37/><G37/><T59/><D38/><U74/><E29/><V8/><F8/><W73/><G57/><T14/><D121/><U90/><E91/><V118/><F118/><W123/><G123/><T5/><D114/><U39/><E39/><V92/><F92/><W88/><G61/><T66/><D95/><U22/><REACH who="1" step="1"/><E19/><REACH who="1" ten="255,235,346,154" step="2"/><V55/><REACH who="2" step="1"/><F130/><REACH who="2" ten="255,235,336,154" step="2"/><N who="3" m="49675" /><G116/><T58/><D128/><U70/><E70/><AGARI ba="0,2" hai="16,20,26,49,55,56,62,67,70,79,80,84,132,134" machi="70" ten="40,8000,1" yaku="1,1,52,1,54,1,53,1" doraHai="72" doraHaiUra="12" who="2" fromWho="1" sc="255,0,235,-80,336,100,154,0" /><INIT seed="6,0,0,2,1,54" ten="255,155,436,154" oya="2" hai0="63,53,120,131,7,28,97,8,132,110,67,46,128" hai1="48,14,118,10,45,74,95,11,29,55,42,87,64" hai2="5,78,82,43,107,69,38,130,85,56,84,60,51" hai3="40,49,96,94,3,65,4,76,57,89,86,125,62"/><V81/><F107/><W66/><G125/><T83/><D120/><U9/><E74/><V21/><F130/><N who="0" m="49706" /><D110/><U6/><E118/><V73/><F69/><W108/><G108/><T50/><D28/><U70/><E70/><V88/><F38/><W59/><G3/><N who="0" m="127" /><D97/><U135/><E135/><V33/><F33/><W106/><G4/><T0/><D83/><U100/><E64/><N who="3" m="24682" /><G62/><T47/><D0/><U103/><E29/><V122/><F73/><W129/><G129/><T134/><D46/><U27/><E27/><V58/><F5/><W41/><G106/><T1/><D1/><U105/><E105/><V34/><F34/><W18/><G18/><T31/><D31/><U104/><E104/><V22/><F122/><W133/><G133/><T77/><D77/><U35/><E35/><V99/><F99/><W15/><G15/><T98/><D98/><U127/><E14/><V37/><F37/><W71/><G71/><AGARI ba="0,0" hai="47,50,53,63,67,71,132,134" m="127,49706" machi="71" ten="30,1000,0" yaku="19,1" doraHai="54" who="0" fromWho="3" sc="255,10,155,0,436,0,154,-10" /><INIT seed="7,0,0,0,3,103" ten="265,155,436,144" oya="3" hai0="16,84,57,105,73,13,86,64,110,40,127,66,123" hai1="121,113,1,93,112,6,117,32,129,126,101,38,25" hai2="72,22,14,111,104,36,120,92,10,47,58,74,131" hai3="34,55,122,19,69,9,125,60,43,59,29,109,12"/><W53/><G122/><T21/><D110/><U41/><E121/><V49/><F104/><W45/><G109/><T8/><D73/><U133/><E133/><V44/><F111/><W39/><G125/><T89/><D123/><U88/><E126/><V75/><F58/><W135/><G135/><T95/><D105/><U17/><E101/><V23/><F131/><W27/><G69/><T0/><D40/><U51/><E51/><V52/><F120/><W4/><G4/><N who="0" m="3207" /><D0/><U48/><E48/><V108/><F108/><W81/><G81/><T78/><D57/><U82/><E17/><V90/><F44/><W115/><G115/><T114/><D114/><U56/><E56/><V15/><F15/><W28/><G28/><T118/><D118/><U50/><E50/><V18/><REACH who="2" step="1"/><F36/><REACH who="2" ten="265,155,426,144" step="2"/><W97/><G97/><AGARI ba="0,1" hai="10,14,18,22,23,47,49,52,72,74,75,90,92,97" machi="97" ten="40,8000,1" yaku="1,1,2,1,54,1,53,1" doraHai="103" doraHaiUra="7" who="2" fromWho="3" sc="265,0,155,0,426,90,144,-80" owari="265,6.5,155,-24.5,516,61.6,64,-43.6" /></mjloggm>