<mjloggm ver="2.3"><GO type="41" lobby="0"/><UN n0="%E3%81%B5%E3%83%BC%E3%81%BF%E3%83%BC%32%33%31%30" n1="%73%79%6C%76%65%6F%6E" n2="%E3%81%AE%E3%82%8A%E3%81%A1%E3%82%85%E3%82%93" n3="%E2%93%9D%4C%75%63%6B%79%4A" dan="14,15,13,16" rate="1892.54,2100.98,1840.94,2154.54" sx="M,M,M,M"/><TAIKYOKU oya="0"/><INIT seed="0,0,0,5,2,100" ten="250,250,250,250" oya="0" hai0="45,85,98,60,114,76,43,64,39,99,69,40,121" hai1="122,61,26,104,7,46,120,3,31,68,36,38,15" hai2="47,48,97,77,80,23,63,58,2,42,0,5,14" hai3="119,107,113,24,20,83,41,70,124,126,66,109,54"/><T35/><D114/><U17/><E17/><V130/><F130/><W116/><G113/><T103/><D121/><N who="1" m="46699" /><E15/><V101/><F23/><W51/><G83/><T87/><D35/><N who="1" m="20983" /><E46/><V59/><F59/><W37/><G24/><T89/><D76/><U81/><E81/><V30/><F30/><W74/><G20/><T84/><D40/><U67/><E104/><V106/><F5/><W71/><G107/><T112/><D112/><U127/><E127/><V102/><F102/><W33/><G33/><T73/><D98/><U9/><AGARI ba="0,0" hai="3,7,9,36,38,61,67,68" m="20983,46699" machi="9" ten="30,1100,0" yaku="23,1" doraHai="100" who="1" fromWho="1" sc="250,-5,250,11,250,-3,250,-3" /><INIT seed="1,0,0,1,2,72" ten="245,261,247,247" oya="1" hai0="47,68,34,40,67,103,44,50,28,49,8,81,99" hai1="63,23,58,106,82,118,98,6,55,48,3,95,131" hai2="109,12,33,92,125,7,19,100,77,123,39,116,57" hai3="62,31,1,97,96,78,2,112,9,133,122,59,71"/><U75/><E118/><V53/><F39/><W61/><G112/><T87/><D68/><U14/><E106/><V56/><F33/><W88/><G122/><T64/><D34/><U29/><E131/><V89/><F116/><W17/><G31/><T4/><D28/><U11/><E3/><V126/><F123/><W37/><G37/><T80/><D80/><U10/><E10/><V108/><F7/><W73/><G133/><T111/><D111/><N who="2" m="42570" /><F100/><W54/><G73/><T104/><D49/><U38/><E38/><V60/><F57/><W130/><G130/><T124/><D44/><U84/><E75/><V79/><F89/><W86/><G2/><T94/><D104/><U46/><E29/><V15/><F92/><W18/><G71/><T101/><D103/><U117/><E117/><V120/><F120/><W110/><G62/><T129/><D124/><N who="2" m="47722" /><F12/><W13/><G1/><T83/><D83/><U66/><E23/><AGARI ba="0,0" hai="15,19,23,53,56,60,77,79" m="47722,42570" machi="23" ten="30,7700,0" yaku="14,1,18,1,52,2" doraHai="72" who="2" fromWho="1" sc="245,0,261,-77,247,77,247,0" /><INIT seed="2,0,0,2,5,107" ten="245,184,324,247" oya="2" hai0="93,86,67,6,72,4,32,123,14,17,125,91,97" hai1="16,11,70,50,8,124,82,66,64,90,55,127,130" hai2="106,25,54,132,42,34,37,21,68,77,76,103,78" hai3="102,126,53,15,40,73,31,12,119,30,39,114,61"/><V101/><F34/><W2/><G119/><T7/><D125/><N who="1" m="48203" /><E130/><V19/><F68/><W24/><G102/><T105/><D123/><U62/><E66/><V108/><F106/><W49/><G2/><T134/><D134/><U98/><E16/><N who="2" m="12455" /><F37/><W71/><G114/><T88/><D105/><U27/><E27/><V87/><F42/><W51/><G126/><T94/><D67/><U128/><E128/><V1/><F1/><W75/><G24/><T109/><D109/><U84/><E98/><V81/><F132/><W35/><G40/><T111/><D111/><U20/><E20/><V85/><F108/><W117/><G117/><T63/><D32/><U89/><E89/><V33/><F33/><W121/><G35/><T60/><D72/><U113/><E113/><V38/><F38/><W112/><G39/><T57/><D57/><AGARI ba="0,0" hai="8,11,50,55,57,62,64,70,82,84,90" m="48203" machi="57" ten="30,1000,0" yaku="18,1" doraHai="107" who="1" fromWho="0" sc="245,-10,184,10,324,0,247,0" /><INIT seed="3,0,0,5,5,74" ten="235,194,324,247" oya="3" hai0="121,13,118,60,111,105,59,104,1,12,61,86,80" hai1="130,93,49,97,26,123,29,135,94,117,33,85,62" hai2="126,76,21,48,22,3,83,38,102,113,10,24,28" hai3="84,131,68,31,95,39,70,109,78,132,50,44,32"/><W88/><G39/><T27/><D111/><U2/><E123/><V19/><F113/><W98/><G109/><T79/><D121/><U89/><E130/><V36/><F102/><W114/><G114/><T125/><D1/><U69/><E135/><V124/><F48/><W77/><G131/><T115/><D118/><U64/><E117/><V53/><F53/><W20/><G32/><T67/><D125/><N who="2" m="48234" /><F3/><W90/><G70/><T14/><D115/><U57/><E2/><V54/><F10/><W134/><G68/><T11/><D27/><U71/><REACH who="1" step="1"/><E49/><REACH who="1" ten="235,184,324,247" step="2"/><V75/><F54/><N who="3" m="30023" /><G134/><T30/><D61/><U112/><E112/><V120/><F120/><W0/><G0/><T116/><D116/><U5/><E5/><V58/><F58/><W16/><G132/><T65/><D65/><U92/><E92/><V100/><F100/><AGARI ba="0,1" hai="26,29,33,57,62,64,69,71,85,89,93,94,97,100" machi="100" ten="30,2000,0" yaku="1,1,7,1,53,0" doraHai="74" doraHaiUra="107" who="1" fromWho="2" sc="235,0,184,30,324,-20,247,0" /><INIT seed="4,0,0,1,1,39" ten="235,214,304,247" oya="0" hai0="3,134,44,23,53,115,129,81,82,99,35,94,77" hai1="58,66,116,37,75,124,67,69,92,33,131,80,32" hai2="43,91,21,4,123,83,45,29,56,125,13,49,41" hai3="103,97,78,52,117,105,84,113,25,38,64,79,11"/><T70/><D115/><U89/><E116/><V90/><F123/><W112/><G64/><T104/><D3/><U122/><E122/><V42/><F125/><W71/><G71/><T60/><D35/><U63/><E124/><V15/><F56/><W8/><G38/><T54/><D129/><U9/><E131/><V126/><F126/><W72/><G25/><T50/><D104/><U27/><E37/><V96/><F4/><W0/><G84/><T73/><D134/><U61/><E27/><N who="2" m="16623" /><F91/><W108/><G108/><T51/><D23/><U12/><E80/><V48/><F48/><W46/><G117/><T5/><D5/><U93/><E75/><V107/><F107/><W28/><G28/><T121/><D121/><U127/><E93/><N who="2" m="56375" /><F83/><W47/><G72/><T85/><D60/><U74/><E74/><V118/><F118/><W87/><G0/><T106/><D106/><U26/><E26/><V88/><F88/><W130/><G130/><T20/><D70/><U109/><E127/><V6/><F6/><W55/><G105/><T95/><D20/><U86/><REACH who="1" step="1"/><E109/><REACH who="1" ten="235,204,304,247" step="2"/><V22/><F22/><W133/><G113/><T119/><D119/><U110/><E110/><V1/><F1/><W135/><G112/><T120/><D120/><U102/><E102/><V36/><F36/><W59/><G103/><T24/><D24/><U65/><E65/><V76/><F76/><W57/><G87/><T40/><D99/><AGARI ba="0,1" hai="8,11,46,47,52,55,57,59,78,79,97,99,133,135" machi="99" ten="25,3200,0" yaku="22,2,54,1" doraHai="39" who="3" fromWho="0" sc="235,-32,204,0,304,0,247,42" /><INIT seed="5,0,0,4,1,114" ten="203,204,304,289" oya="1" hai0="50,103,33,44,86,100,4,2,12,51,47,15,59" hai1="87,120,93,45,102,129,79,99,31,69,0,16,20" hai2="6,56,118,43,49,80,3,77,106,42,134,127,131" hai3="75,37,112,123,65,62,5,82,105,88,10,30,108"/><U19/><E120/><V81/><F106/><W111/><G123/><T121/><D121/><U122/><E122/><V74/><F127/><W18/><G112/><T73/><D33/><U17/><E69/><V91/><F131/><W130/><G30/><T57/><D4/><U109/><E129/><V113/><F113/><W25/><G37/><T116/><D86/><U76/><E0/><V124/><F124/><W96/><G18/><T27/><D27/><N who="1" m="16871" /><E109/><V23/><F134/><W95/><G105/><T85/><D85/><U126/><E126/><V40/><F3/><W39/><G39/><T115/><D115/><U36/><E36/><V63/><F6/><W72/><G25/><T117/><REACH who="0" step="1"/><D2/><REACH who="0" ten="193,204,304,289" step="2"/><U55/><E87/><V8/><F74/><AGARI ba="0,1" hai="12,15,44,47,50,51,57,59,73,74,100,103,116,117" machi="74" ten="25,12000,2" yaku="1,1,2,1,22,2,52,2,53,0" doraHai="114" doraHaiUra="13" who="0" fromWho="2" sc="193,130,204,0,304,-120,289,0" /><INIT seed="6,0,0,0,0,17" ten="323,204,184,289" oya="2" hai0="74,126,59,18,61,3,106,78,15,117,68,102,34" hai1="73,28,4,46,69,64,56,5,109,35,97,44,134" hai2="53,104,88,57,129,54,118,98,38,123,125,9,39" hai3="20,132,81,71,128,120,93,24,79,135,23,43,32"/><V116/><F123/><W62/><G120/><T8/><D126/><U42/><E109/><V63/><F125/><W72/><G43/><T119/><D34/><U12/><E69/><V30/><F129/><W31/><G93/><T115/><D115/><U2/><E73/><V124/><F124/><W14/><G14/><T112/><D112/><U25/><E2/><V65/><F9/><W96/><G96/><T55/><D68/><U26/><E134/><N who="3" m="51242" /><G128/><T49/><D78/><U84/><E12/><V47/><F30/><W50/><G50/><T80/><D80/><U41/><E97/><V60/><F104/><W75/><G75/><T99/><D74/><U87/><E28/><V37/><F98/><W92/><G92/><T7/><D49/><U89/><E35/><V10/><F88/><W83/><G83/><T95/><D106/><U67/><E89/><V58/><F10/><W113/><G113/><T82/><D82/><U85/><E85/><V131/><F131/><W130/><G130/><T52/><D3/><U0/><E0/><V40/><F65/><AGARI ba="0,0" hai="20,23,24,31,32,62,65,71,72,79,81" m="51242" machi="65" ten="30,3900,0" yaku="20,1,52,2" doraHai="17" who="3" fromWho="2" sc="323,0,204,0,184,-39,289,39" /><INIT seed="7,0,0,0,4,81" ten="323,204,145,328" oya="3" hai0="11,125,26,51,35,118,40,9,119,3,32,83,68" hai1="72,15,87,132,52,116,105,73,94,16,13,2,33" hai2="53,60,106,103,70,67,48,131,49,78,0,24,109" hai3="79,99,12,90,76,20,43,117,42,63,80,18,62"/><W47/><G117/><T29/><D68/><U97/><E2/><V74/><F109/><W114/><G114/><T55/><D125/><U28/><E105/><V44/><F0/><W129/><G129/><T95/><D35/><U56/><E116/><V14/><F131/><W104/><G43/><T110/><D110/><U98/><E132/><V37/><F49/><N who="3" m="26871" /><G104/><T10/><D40/><U88/><E73/><V71/><F71/><W5/><G5/><T36/><D36/><U85/><E72/><V115/><F115/><W86/><G99/><N who="1" m="37898" /><E33/><V4/><F106/><W82/><G82/><T22/><D83/><U75/><E75/><V46/><F103/><W102/><G102/><T112/><D112/><U30/><E85/><V66/><F74/><W135/><G135/><T111/><D111/><U124/><E124/><V133/><F78/><AGARI ba="0,0" hai="12,18,20,62,63,76,78,79,80,86,90" m="26871" machi="78" ten="30,2900,0" yaku="8,1,52,1" doraHai="81" who="3" fromWho="2" sc="323,0,204,0,145,-29,328,29" owari="323,12.3,204,-19.6,116,-38.4,357,45.7" /></mjloggm>