<mjloggm ver="2.3"><GO type="41" lobby="0"/><UN n0="%42%61%73%74%6F%6C%65" n1="%E2%93%9D%4C%75%63%6B%79%4A" n2="%44%41%53%48%7A%7A" n3="%E6%B2%BB%E9%83%A8%E5%B0%91%E8%BC%94" dan="15,18,13,15" rate="1988.86,2225.93,1847.54,2093.90" sx="M,M,M,M"/><TAIKYOKU oya="0"/><INIT seed="0,0,0,4,4,33" ten="250,250,250,250" oya="0" hai0="112,85,29,113,68,92,75,23,58,25,81,70,125" hai1="128,108,91,41,8,39,99,134,38,84,124,9,95" hai2="116,63,47,50,36,107,102,37,2,10,101,55,42" hai3="34,86,72,132,51,115,18,131,103,32,89,130,12"/><T21/><D75/><U4/><E124/><V74/><F116/><W97/><G72/><T118/><D118/><U17/><E128/><V59/><F74/><W93/><G115/><T87/><D125/><U126/><E126/><V54/><F102/><W53/><G132/><T78/><D58/><U24/><E108/><V119/><F119/><W15/><G15/><T11/><D11/><U20/><E134/><V114/><F114/><W98/><G98/><T121/><D121/><U28/><E41/><V64/><F101/><W66/><G66/><T13/><D113/><U79/><E9/><V120/><F107/><W0/><G0/><T71/><D112/><U109/><E109/><V43/><F10/><W76/><G76/><T88/><REACH who="0" step="1"/><D13/><REACH who="0" ten="240,250,250,250" step="2"/><U117/><E117/><V31/><F120/><W5/><G5/><T67/><D67/><U46/><E4/><V104/><F59/><W3/><G3/><T105/><D105/><U30/><E8/><V69/><F104/><W40/><G131/><T133/><D133/><U111/><E111/><V56/><F2/><W83/><G130/><T44/><D44/><U27/><E46/><N who="2" m="23879" /><F31/><W94/><G12/><T6/><D6/><U35/><E30/><V65/><F65/><W77/><G18/><T22/><AGARI ba="0,1" hai="21,22,23,25,29,68,70,71,78,81,85,87,88,92" machi="22" ten="40,7800,0" yaku="1,1,0,1,54,1,53,0" doraHai="33" doraHaiUra="52" who="0" fromWho="0" sc="240,88,250,-26,250,-26,250,-26" /><INIT seed="0,1,0,5,2,83" ten="328,224,224,224" oya="0" hai0="62,81,126,61,133,56,80,112,131,69,55,99,60" hai1="1,89,44,113,130,88,94,50,101,105,74,40,42" hai2="0,64,38,43,12,121,110,93,28,96,23,59,128" hai3="32,127,108,49,120,132,26,107,46,58,97,66,65"/><T37/><D112/><U20/><E113/><V45/><F0/><W122/><G108/><T52/><D126/><U79/><E1/><V106/><F121/><W117/><G117/><T115/><D115/><U72/><E89/><V109/><F128/><W104/><G127/><T116/><D116/><U67/><E67/><V54/><F106/><W91/><G132/><T135/><D37/><U35/><E35/><V77/><F77/><W5/><G5/><T114/><D114/><U76/><E130/><V39/><F39/><W29/><G104/><T21/><D131/><U25/><E42/><V11/><F23/><W57/><G66/><T103/><D21/><U18/><E101/><V119/><F28/><W129/><G129/><T100/><D56/><U70/><E70/><V30/><F30/><W82/><G107/><T48/><D48/><U47/><E105/><V17/><F64/><W2/><G2/><T14/><D14/><U10/><E47/><V36/><F36/><W24/><G24/><T15/><D15/><U87/><REACH who="1" step="1"/><E10/><REACH who="1" ten="328,214,224,224" step="2"/><V27/><F119/><W8/><G8/><T34/><D34/><U92/><E92/><V22/><F54/><N who="0" m="20522" /><D69/><U31/><E31/><V111/><F59/><W53/><G65/><T73/><D103/><U123/><E123/><N who="3" m="47146" /><G82/><N who="0" m="31851" /><D73/><AGARI ba="1,1" hai="18,20,25,40,44,50,72,73,74,76,79,87,88,94" machi="73" ten="40,5200,0" yaku="1,1,52,1,54,1,53,0" doraHai="83" doraHaiUra="98" who="1" fromWho="0" sc="328,-55,214,65,224,0,224,0" /><INIT seed="1,0,0,3,0,61" ten="273,279,224,224" oya="1" hai0="133,73,65,68,56,50,42,94,49,9,85,52,19" hai1="76,106,69,99,14,39,35,118,72,82,58,128,86" hai2="100,114,7,102,32,60,54,53,10,90,108,45,83" hai3="126,21,46,5,79,89,135,112,62,110,130,63,132"/><U122/><E69/><V30/><F108/><W3/><G110/><T22/><D73/><U74/><E35/><V13/><F114/><W1/><G112/><T17/><D133/><U12/><E39/><V27/><F53/><W31/><G79/><T95/><D9/><U15/><E122/><V6/><F6/><W64/><G46/><T101/><D101/><U23/><E118/><V66/><F83/><W44/><G44/><N who="0" m="25751" /><D68/><U123/><E128/><V111/><F111/><W117/><G5/><T71/><D71/><U20/><E123/><V51/><REACH who="2" step="1"/><F90/><REACH who="2" ten="273,279,214,224" step="2"/><W47/><G89/><N who="0" m="53551" /><D95/><U11/><E82/><V120/><F120/><W84/><G135/><T75/><D75/><U121/><E74/><V129/><F129/><W134/><G130/><T37/><D37/><U29/><E72/><V103/><F103/><W127/><G134/><T67/><D17/><U113/><E121/><V4/><F4/><W107/><G132/><T131/><D131/><U119/><E113/><V36/><F36/><W77/><G127/><T88/><D88/><U34/><E76/><V48/><F48/><W26/><G77/><T81/><D81/><U0/><E119/><V8/><F8/><W96/><G126/><T38/><D38/><U105/><E11/><V41/><F41/><W92/><G117/><T93/><D93/><U87/><E106/><V59/><AGARI ba="0,1" hai="7,10,13,27,30,32,45,51,54,59,60,66,100,102" machi="59" ten="20,5200,0" yaku="1,1,0,1,7,1,52,1,53,0" doraHai="61" doraHaiUra="91" who="2" fromWho="2" sc="273,-13,279,-26,214,62,224,-13" /><INIT seed="2,0,0,1,4,67" ten="260,253,276,211" oya="2" hai0="62,88,18,112,85,0,1,61,113,36,29,70,87" hai1="17,95,42,35,90,107,126,80,106,84,33,9,41" hai2="12,92,78,128,116,27,89,115,69,127,102,34,72" hai3="96,32,2,25,20,38,63,45,5,55,40,131,22"/><V39/><F12/><W43/><G131/><T58/><D29/><U125/><E42/><V129/><F27/><W28/><G43/><T52/><D36/><U53/><E41/><V73/><F34/><W100/><G55/><T30/><D30/><U114/><E114/><V50/><F50/><W66/><G5/><T134/><D134/><U75/><E9/><V79/><F39/><W47/><G47/><T48/><D18/><U8/><E8/><V118/><F115/><W83/><G83/><T59/><D48/><U10/><E10/><V94/><F127/><N who="1" m="48649" /><E17/><V117/><F69/><W31/><G31/><T119/><D119/><U121/><E121/><V86/><F102/><W64/><G64/><T15/><D15/><U124/><N who="1" m="48657" /><U133/><DORA hai="99" /><E53/><V19/><F19/><W93/><G2/><T122/><D52/><U54/><E54/><V77/><REACH who="2" step="1"/><F94/><REACH who="2" ten="260,253,266,211" step="2"/><W97/><G97/><T56/><D70/><AGARI ba="0,1" hai="20,22,25,28,32,38,40,45,63,66,70,93,96,100" machi="70" ten="30,3900,0" yaku="7,1,52,2" doraHai="67,99" who="3" fromWho="0" sc="260,-39,253,0,266,0,211,49" /><INIT seed="3,0,0,1,1,84" ten="221,253,266,260" oya="3" hai0="134,39,74,85,20,47,49,108,40,128,62,66,135" hai1="64,8,65,77,70,130,105,103,52,30,41,101,31" hai2="7,104,45,120,87,2,123,11,33,29,68,57,38" hai3="73,82,42,48,131,10,116,32,3,0,21,46,25"/><W112/><G116/><T132/><D74/><U81/><E41/><V28/><F68/><W1/><G112/><T124/><D20/><U100/><E105/><V44/><F104/><W115/><G115/><T118/><D85/><U6/><E130/><V72/><F72/><W110/><G32/><T22/><D22/><U127/><E127/><V117/><F117/><W86/><G73/><T18/><D18/><U53/><E70/><V5/><F5/><W61/><G61/><T55/><D118/><U129/><E129/><V102/><F102/><W99/><G99/><T76/><D76/><U92/><E92/><V121/><F57/><W107/><G107/><T71/><D128/><U43/><E43/><V4/><F4/><W95/><G95/><T75/><D75/><U58/><E81/><V67/><F67/><N who="1" m="25673" /><E77/><V78/><F38/><W126/><G126/><T109/><D124/><U90/><E90/><V51/><F44/><AGARI ba="0,0" hai="39,40,44,47,49,55,62,66,71,108,109,132,134,135" machi="44" ten="50,8000,1" yaku="20,1,34,3" doraHai="84" who="0" fromWho="2" sc="221,80,253,0,266,-80,260,0" /><INIT seed="4,0,0,4,5,0" ten="301,253,186,260" oya="0" hai0="64,123,1,2,68,37,73,32,115,46,79,26,25" hai1="80,91,17,62,86,130,97,132,94,131,82,111,126" hai2="50,51,6,41,33,69,116,110,90,107,3,34,128" hai3="14,102,27,52,11,20,104,22,56,124,77,88,67"/><T38/><D123/><U58/><BYE who="2" /><E111/><V117/><F117/><W9/><G77/><T83/><D115/><U134/><E17/><V121/><F121/><W93/><G67/><T125/><D125/><U30/><E30/><V5/><F5/><N who="3" m="3375" /><G104/><T40/><D37/><U133/><E58/><V42/><F42/><W45/><G124/><T99/><D99/><U96/><E62/><V36/><F36/><W60/><G11/><T66/><D25/><U129/><E126/><V85/><F85/><N who="3" m="52367" /><G102/><T49/><D49/><U16/><E16/><V92/><F92/><W78/><G78/><T98/><D98/><AGARI ba="0,0" hai="80,82,86,91,94,96,97,98,129,130,131,132,133,134" machi="98" ten="50,8000,1" yaku="19,1,20,1,34,3" doraHai="0" who="1" fromWho="0" sc="301,-80,253,80,186,0,260,0" /><INIT seed="5,0,0,0,1,63" ten="221,333,186,260" oya="1" hai0="27,121,103,23,35,18,47,81,65,0,129,36,1" hai1="120,2,26,42,11,55,14,130,33,9,132,87,76" hai2="113,25,112,49,43,5,82,109,45,128,21,54,19" hai3="79,71,34,111,99,102,91,94,96,44,122,135,40"/><U119/><E120/><V24/><F24/><W98/><G34/><T6/><D121/><U108/><E42/><V90/><F90/><W66/><G122/><T105/><D129/><U127/><E119/><V56/><F56/><W84/><G135/><T100/><D81/><U80/><E127/><V13/><F13/><W48/><G111/><T61/><D35/><U117/><E117/><V50/><F50/><W38/><G48/><T30/><D30/><U41/><E132/><V85/><F85/><W118/><G118/><T58/><D0/><U12/><E2/><V124/><F124/><W32/><G32/><T97/><D103/><U57/><E41/><V46/><F46/><W51/><G38/><T17/><D17/><U104/><E104/><V20/><F20/><W73/><G71/><T88/><D88/><U60/><E130/><V78/><F78/><W31/><G31/><T134/><D134/><U62/><E108/><V116/><F116/><W4/><G4/><T126/><D126/><U83/><E83/><V74/><F74/><W28/><G28/><T86/><D86/><U72/><E72/><V52/><F52/><W110/><G110/><T53/><D6/><N who="1" m="3447" /><E33/><V89/><F89/><W16/><G73/><T115/><D1/><U92/><E26/><V77/><F77/><W22/><G79/><T131/><D131/><U3/><E3/><V68/><F68/><W133/><G133/><T64/><REACH who="0" step="1"/><D115/><REACH who="0" ten="211,333,186,260" step="2"/><U29/><E29/><V70/><F70/><W125/><G125/><T59/><D59/><U114/><E76/><V75/><F75/><W10/><G102/><RYUUKYOKU ba="0,1" sc="211,30,333,-10,186,-10,260,-10" hai0="18,23,27,36,47,53,58,61,64,65,97,100,105" /><INIT seed="6,1,1,5,2,78" ten="241,323,176,250" oya="2" hai0="62,50,33,100,6,108,14,91,20,132,102,86,34" hai1="124,126,101,42,83,15,113,46,80,116,52,66,56" hai2="95,96,53,111,57,16,43,4,3,0,5,106,55" hai3="118,94,1,40,35,59,38,71,73,27,22,49,85"/><V36/><F36/><W10/><G71/><T9/><D108/><U64/><E101/><V119/><F119/><W104/><G104/><T81/><D132/><U123/><E116/><V109/><F109/><W103/><G73/><T98/><D33/><U70/><E15/><V131/><F131/><W125/><G35/><T99/><D34/><U8/><E8/><V105/><F105/><W130/><G130/><T133/><D133/><U48/><E113/><V32/><F32/><W68/><G68/><T44/><D62/><N who="1" m="40279" /><E64/><V65/><F65/><W135/><G135/><T61/><D61/><N who="1" m="35975" /><E123/><V51/><F51/><W115/><G38/><T88/><D20/><U31/><E31/><V67/><F67/><W121/><G121/><T122/><D122/><U60/><E60/><V97/><F97/><W117/><G103/><T47/><D99/><U87/><E87/><V134/><F134/><W37/><G85/><T13/><D14/><U120/><E120/><V74/><F74/><W45/><G10/><T39/><D39/><U54/><E42/><V23/><F23/><W84/><G84/><T29/><D29/><U128/><E128/><V76/><F76/><W58/><G1/><T90/><D102/><U114/><E114/><V82/><F82/><W129/><G115/><T18/><D6/><U63/><E63/><V41/><F41/><W93/><G129/><T89/><REACH who="0" step="1"/><D50/><REACH who="0" ten="231,323,176,250" step="2"/><U26/><E26/><V11/><F11/><W21/><G118/><T19/><D19/><U7/><E7/><V17/><F17/><W92/><G117/><T79/><D79/><U127/><AGARI ba="1,2" hai="46,48,54,80,83,124,126,127" m="35975,40279" machi="127" ten="30,8000,1" yaku="5,1,18,1,52,2,54,1" doraHai="78" who="1" fromWho="1" sc="231,-21,323,103,176,-41,250,-21" /><INIT seed="7,0,0,5,4,44" ten="210,426,135,229" oya="3" hai0="14,104,101,20,47,30,42,99,62,29,49,75,134" hai1="45,8,108,40,127,60,77,13,79,120,15,34,56" hai2="18,53,72,86,90,36,92,78,107,33,115,95,65" hai3="9,117,125,130,4,0,22,6,48,67,25,119,103"/><W102/><G130/><T82/><D134/><U105/><E105/><V110/><F110/><W3/><G125/><T85/><D75/><U57/><E34/><V124/><F124/><W23/><G67/><T126/><D126/><U52/><E120/><V69/><F69/><W129/><G129/><T17/><D62/><U74/><E74/><V27/><F27/><W2/><G2/><T66/><D66/><U19/><E108/><V21/><F21/><W50/><G25/><T131/><D131/><U55/><E15/><V24/><F24/><W84/><G84/><T7/><D7/><U123/><E123/><V28/><F28/><W118/><G118/><T114/><D114/><U37/><E127/><V58/><F58/><W1/><G1/><T43/><D42/><U11/><E11/><AGARI ba="0,0" hai="0,3,4,6,9,11,22,23,48,50,102,103,117,119" machi="11" ten="25,9600,0" yaku="22,2,52,2" doraHai="44" who="3" fromWho="1" sc="210,0,426,-96,135,0,229,96" /><INIT seed="7,1,0,5,3,24" ten="210,330,135,325" oya="3" hai0="56,59,71,99,8,113,103,116,82,86,14,104,13" hai1="109,20,115,60,58,114,52,131,65,42,7,85,125" hai2="133,16,105,66,89,37,90,83,44,70,130,11,76" hai3="98,94,73,39,88,69,15,30,21,33,49,35,54"/><W3/><G69/><T135/><D116/><U55/><E109/><V4/><F4/><W102/><G39/><T78/><D71/><U127/><E131/><V92/><F92/><N who="3" m="58695" /><G3/><T45/><D135/><U124/><E7/><V80/><F80/><W34/><G73/><T40/><D13/><U75/><E75/><V53/><F53/><N who="1" m="20553" /><E20/><V81/><F81/><W25/><G35/><T22/><D22/><U112/><E85/><V41/><F41/><AGARI ba="1,0" hai="41,42,58,60,65,112,114,115,124,125,127" m="20553" machi="41" ten="40,8000,1" yaku="15,1,18,1,34,2,54,1" doraHai="24" who="1" fromWho="2" sc="210,0,330,83,135,-83,325,0" owari="210,-19.0,413,51.3,52,-44.8,325,12.5" /></mjloggm>