<mjloggm ver="2.3"><GO type="41" lobby="0"/><UN n0="%E3%82%AA%E3%82%AC%E3%83%8E%E3%83%AB%E3%83%BC%E3%83%88" n1="%E2%93%9D%4C%75%63%6B%79%4A" n2="%67%69%6C%62%65%79%27%73" n3="%E6%97%A9%E8%A6%8B%E6%98%8E%E8%8F%9C" dan="14,17,13,13" rate="1976.79,2134.49,1860.31,1985.79" sx="M,M,F,M"/><TAIKYOKU oya="0"/><INIT seed="0,0,0,0,3,125" ten="250,250,250,250" oya="0" hai0="130,56,0,111,82,35,31,62,87,74,109,84,88" hai1="67,9,11,2,8,59,73,95,76,30,25,93,34" hai2="69,79,45,75,101,85,63,51,64,110,36,6,40" hai3="23,12,105,92,28,121,37,39,13,44,77,20,41"/><T114/><D114/><U29/><E2/><V102/><F110/><N who="0" m="41994" /><D0/><U10/><N who="1" m="2048" /><DORA hai="134" /><U115/><E115/><V58/><F6/><W53/><G105/><T116/><D116/><U120/><E120/><V112/><F75/><W5/><G5/><T91/><D74/><U80/><REACH who="1" step="1"/><E30/><REACH who="1" ten="250,240,250,250" step="2"/><V4/><F112/><W124/><G28/><T90/><D31/><U128/><E128/><V106/><F4/><W22/><G121/><T3/><D130/><U21/><E21/><V96/><F102/><W98/><G20/><T60/><D3/><U123/><E123/><V133/><F133/><W99/><G22/><T126/><D35/><U122/><E122/><V72/><F72/><W55/><G23/><T135/><D135/><U117/><E117/><V78/><F85/><N who="0" m="32842" /><D126/><U26/><E26/><V66/><F79/><W100/><G77/><T47/><D82/><U113/><E113/><V131/><F78/><W1/><G1/><T68/><D68/><U17/><E17/><V43/><F131/><W119/><G124/><T14/><D14/><U129/><E129/><V15/><F15/><W27/><G119/><T49/><D56/><U46/><E46/><V83/><F83/><W48/><G27/><T57/><D57/><U70/><E70/><V107/><F69/><W19/><G12/><T132/><D132/><U50/><E50/><V42/><F51/><W54/><G13/><T24/><D24/><U108/><E108/><V103/><F58/><W18/><G18/><T118/><D118/><U81/><E81/><V65/><F63/><AGARI ba="0,1" hai="25,29,34,59,63,67,73,76,80,93,95" m="2048" machi="63" ten="50,8000,1" yaku="1,1,53,3" doraHai="125,134" doraHaiUra="61,89" who="1" fromWho="2" sc="250,0,240,90,250,-80,250,0" /><INIT seed="1,0,0,5,0,8" ten="250,330,170,250" oya="1" hai0="134,26,2,120,34,21,83,119,109,43,104,72,44" hai1="103,113,20,31,63,95,46,39,57,15,4,42,54" hai2="60,85,105,82,99,29,16,100,55,124,33,78,6" hai3="40,45,48,14,121,25,38,27,13,18,12,132,61"/><U9/><E113/><V108/><F108/><W35/><G121/><T92/><D109/><U36/><E103/><V93/><F124/><W0/><G0/><T3/><D119/><U97/><E31/><V71/><F6/><W89/><G132/><T50/><D134/><U23/><REACH who="1" step="1"/><E39/><REACH who="1" ten="250,320,170,250" step="2"/><V10/><F105/><W59/><G38/><T117/><D104/><U127/><E127/><V66/><F29/><W94/><G35/><T102/><D120/><U52/><E52/><V122/><F122/><W88/><G18/><T91/><D117/><U133/><E133/><V73/><F55/><N who="3" m="34047" /><G89/><T24/><D102/><U19/><E19/><V17/><F33/><W11/><G11/><T79/><D34/><U86/><E86/><AGARI ba="0,1" hai="12,13,14,25,27,40,45,48,86,88,94" m="34047" machi="86" ten="30,8000,1" yaku="8,1,52,3,54,1" doraHai="8" who="3" fromWho="1" sc="250,0,320,-80,170,0,250,90" /><INIT seed="2,0,0,1,2,111" ten="250,240,170,340" oya="2" hai0="60,35,67,21,81,79,58,118,20,19,9,119,77" hai1="92,88,134,132,124,61,3,33,63,15,43,90,12" hai2="130,89,72,56,47,62,110,32,107,106,13,102,128" hai3="83,114,0,97,117,53,48,112,46,59,78,7,103"/><V91/><F110/><W66/><G117/><N who="0" m="44555" /><D35/><U57/><E33/><V26/><F72/><W4/><G66/><T101/><D101/><U96/><E3/><V16/><F47/><W116/><G116/><T65/><D65/><U82/><E43/><V68/><F68/><W109/><G109/><T23/><D81/><U44/><E44/><V85/><F26/><W125/><G125/><T38/><D38/><U37/><E37/><V75/><F75/><W17/><G17/><T95/><D95/><U55/><E63/><V84/><F102/><W27/><G27/><T115/><D115/><N who="3" m="44073" /><G0/><T80/><D80/><U135/><E124/><V18/><F13/><AGARI ba="0,0" hai="9,13,19,20,21,23,58,60,67,77,79" m="44555" machi="13" ten="30,1000,0" yaku="12,1" doraHai="111" who="0" fromWho="2" sc="250,10,240,0,170,-10,340,0" /><INIT seed="3,0,0,5,2,38" ten="260,240,160,340" oya="3" hai0="104,76,74,14,129,119,87,63,62,1,49,31,29" hai1="130,57,83,42,107,109,89,32,61,56,72,10,133" hai2="98,102,35,106,95,69,66,117,27,55,108,80,113" hai3="23,128,97,19,47,127,41,123,13,110,84,20,73"/><W103/><G123/><T126/><D104/><U99/><E32/><V85/><F117/><W105/><G73/><T7/><D1/><U96/><E109/><V116/><F116/><W39/><G110/><T6/><D74/><U120/><E120/><V12/><F113/><W24/><G127/><T3/><D3/><U4/><E57/><V135/><F135/><W15/><G128/><T43/><D129/><U81/><E130/><V50/><F108/><W11/><G84/><T5/><D126/><U111/><E107/><V101/><F66/><W67/><G67/><T65/><D14/><U86/><E133/><V115/><F69/><W30/><REACH who="3" step="1"/><G13/><REACH who="3" ten="260,240,160,330" step="2"/><T125/><D125/><U59/><E72/><V51/><F12/><W46/><G46/><N who="0" m="25823" /><D119/><U88/><E111/><V91/><F115/><W132/><G132/><T71/><D71/><U26/><E86/><V60/><F85/><W121/><G121/><T64/><D64/><U94/><E59/><V48/><F55/><W21/><AGARI ba="0,1" hai="11,15,19,20,21,23,24,30,39,41,47,97,103,105" machi="21" ten="20,18000,2" yaku="1,1,0,1,7,1,52,1,53,3" doraHai="38" doraHaiUra="16" who="3" fromWho="3" sc="260,-60,240,-60,160,-60,330,190" /><INIT seed="3,1,0,0,5,17" ten="200,180,100,520" oya="3" hai0="71,81,101,62,59,37,40,39,76,2,125,68,25" hai1="95,99,104,21,0,56,134,57,13,131,127,19,89" hai2="117,65,123,94,90,20,114,1,22,15,5,34,9" hai3="44,124,96,58,30,110,8,121,35,63,100,105,47"/><W133/><G121/><T42/><D2/><U87/><E0/><V109/><F123/><W7/><G124/><T98/><D125/><U49/><E127/><V79/><F117/><W51/><G133/><T70/><D25/><U27/><E134/><V111/><F34/><W128/><G128/><T50/><D98/><U103/><E131/><V132/><F132/><W52/><G110/><N who="2" m="41993" /><F114/><W11/><G44/><N who="0" m="25879" /><D101/><U36/><E36/><N who="0" m="13897" /><D81/><U82/><E49/><V38/><F38/><W78/><G78/><T106/><D76/><U116/><E116/><V26/><F79/><W88/><G7/><T119/><D106/><U86/><REACH who="1" step="1"/><E27/><REACH who="1" ten="200,170,100,520" step="2"/><V107/><F107/><W32/><G105/><T18/><D119/><U41/><E41/><V108/><N who="2" m="42001" /><V126/><DORA hai="118" /><F126/><W91/><G51/><T69/><D18/><U74/><E74/><V3/><F65/><W75/><G75/><T31/><D31/><U129/><E129/><V33/><F3/><W28/><G28/><T97/><D40/><U72/><E72/><V14/><F1/><W54/><G30/><T130/><D130/><U122/><E122/><V16/><F33/><W77/><G32/><T4/><D4/><U24/><E24/><V10/><F26/><W6/><G35/><T84/><D62/><U115/><E115/><V93/><F93/><W113/><G63/><T29/><D29/><U102/><E102/><V61/><F61/><W83/><G100/><T80/><D80/><U64/><E64/><V120/><F120/><W85/><G113/><T46/><N who="0" m="17408" /><DORA hai="92" /><T23/><D46/><U48/><E48/><RYUUKYOKU ba="1,1" sc="200,-15,170,15,100,15,520,-15" hai1="13,19,21,56,57,82,86,87,89,95,99,103,104" hai2="5,9,10,14,15,16,20,22,90,94" /><INIT seed="4,2,1,4,0,133" ten="185,185,115,505" oya="0" hai0="72,106,49,128,109,42,9,2,122,126,28,44,27" hai1="108,104,20,82,12,76,26,135,70,79,53,60,132" hai2="90,15,123,86,97,71,74,36,41,43,98,77,116" hai3="57,32,124,102,101,14,33,130,13,38,62,112,87"/><T95/><D122/><U1/><E1/><V118/><F123/><W89/><G38/><T80/><D106/><U58/><E108/><V50/><F71/><W51/><G112/><T34/><D109/><U47/><E104/><V39/><F77/><W25/><G130/><T84/><D128/><U52/><E12/><V81/><F74/><W96/><G51/><T24/><D24/><U21/><E70/><V64/><F50/><W23/><G32/><T129/><D129/><U85/><E79/><V6/><F64/><W46/><G46/><T120/><D120/><U78/><E78/><V18/><F6/><W0/><G33/><T107/><D95/><U8/><E8/><V73/><F73/><W75/><G0/><T11/><D107/><U114/><E114/><V91/><F91/><W83/><G75/><T59/><D59/><U93/><E93/><V37/><F98/><W66/><G96/><T35/><D35/><U68/><E68/><V5/><F97/><W119/><G119/><N who="2" m="45609" /><F5/><W16/><G101/><T17/><D72/><U3/><E3/><V113/><F113/><W30/><G102/><T4/><D84/><U55/><E47/><V92/><F81/><W100/><G100/><T134/><D80/><U61/><E61/><V125/><F125/><W29/><G124/><T131/><D126/><U110/><E110/><V31/><F31/><AGARI ba="2,1" hai="13,14,16,23,25,29,30,31,57,62,66,83,87,89" machi="31" ten="40,2600,0" yaku="8,1,54,1" doraHai="133" who="3" fromWho="2" sc="185,0,185,0,115,-32,505,42" /><INIT seed="5,0,0,1,5,36" ten="185,185,83,547" oya="1" hai0="87,129,12,19,134,88,132,85,43,62,135,80,48" hai1="23,35,64,72,89,115,1,16,31,99,46,52,39" hai2="27,24,105,92,124,82,130,18,33,73,59,128,79" hai3="58,71,125,32,131,94,38,102,7,81,30,4,13"/><U29/><E72/><V76/><F105/><W61/><G71/><T44/><D129/><U54/><E1/><V57/><F33/><W11/><G38/><T25/><D25/><U37/><E35/><V90/><F124/><W66/><G125/><T116/><D116/><U49/><E39/><V50/><F79/><W28/><G131/><N who="2" m="50217" /><F18/><W123/><G123/><T21/><D85/><U126/><E37/><V22/><F50/><W110/><G110/><T20/><D62/><U78/><E115/><V119/><F119/><W114/><G114/><T91/><D91/><U41/><E64/><V77/><F77/><W3/><G32/><T109/><D109/><U69/><E69/><V9/><F9/><AGARI ba="0,0" hai="9,12,19,20,21,43,44,48,80,87,88,132,134,135" machi="9" ten="40,5200,0" yaku="20,1,52,1,54,1" doraHai="36" who="0" fromWho="2" sc="185,52,185,0,83,-52,547,0" /><INIT seed="6,0,0,0,1,103" ten="237,185,31,547" oya="2" hai0="90,91,96,105,56,134,39,49,63,113,87,109,81" hai1="46,129,48,73,27,89,60,9,16,99,12,123,117" hai2="116,30,95,23,80,26,19,127,131,2,74,88,122" hai3="51,82,1,78,17,38,50,110,98,66,42,32,132"/><V43/><F116/><W61/><G110/><T59/><D109/><U4/><E117/><V75/><F122/><W83/><G32/><T77/><D39/><U106/><E73/><V84/><F2/><W64/><G1/><T44/><D134/><U101/><E123/><V102/><F131/><W33/><G33/><T58/><D113/><U5/><E129/><V119/><F119/><W37/><G98/><T40/><D105/><U93/><E60/><V120/><F127/><W126/><G17/><T130/><D130/><U24/><E5/><V6/><F6/><W10/><G10/><T67/><REACH who="0" step="1"/><D96/><REACH who="0" ten="227,185,31,547" step="2"/><U35/><E35/><V100/><F120/><W8/><G37/><T71/><AGARI ba="0,1" hai="40,44,49,56,58,59,63,67,71,77,81,87,90,91" machi="71" ten="30,7900,0" yaku="1,1,2,1,0,1,53,1" doraHai="103" doraHaiUra="45" who="0" fromWho="0" sc="227,89,185,-20,31,-39,547,-20" owari="316,11.6,165,-23.5,-8,-50.8,527,62.7" /></mjloggm>