<mjloggm ver="2.3"><GO type="41" lobby="0"/><UN n0="%E6%A9%98%E5%AD%90%E3%81%AE%E6%84%9B" n1="%E3%83%94%E3%83%B3%E3%82%B6%E3%82%B5%E3%83%BC%E3%83%89%E2%85%A1" n2="%E2%93%9D%4C%75%63%6B%79%4A" n3="%E6%9D%BE%E4%BA%95%E4%B8%80%E6%99%9F" dan="13,14,18,14" rate="1880.72,1928.52,2193.36,1914.75" sx="M,M,M,M"/><TAIKYOKU oya="0"/><INIT seed="0,0,0,0,0,110" ten="250,250,250,250" oya="0" hai0="36,18,42,125,107,124,99,3,56,45,101,83,50" hai1="30,109,121,52,20,26,131,22,106,85,96,21,68" hai2="34,10,1,118,73,100,12,94,92,33,72,119,32" hai3="27,43,88,65,15,103,82,90,78,54,62,71,129"/><T93/><D3/><U25/><E121/><V38/><F38/><W49/><G129/><T51/><D83/><U91/><E68/><V130/><F1/><W80/><G103/><T37/><D37/><U135/><E131/><V111/><F111/><W0/><G0/><T112/><D18/><U55/><E135/><V66/><F66/><W79/><G27/><T13/><D13/><U98/><E109/><V44/><F44/><W86/><G43/><T108/><D108/><U19/><E21/><V132/><F100/><W122/><G15/><T4/><D4/><U46/><E106/><V14/><F130/><W8/><G8/><T40/><D107/><U76/><E76/><V48/><F48/><W6/><G6/><T2/><D2/><U114/><E114/><V35/><F35/><W63/><G63/><T113/><D42/><U115/><E115/><N who="0" m="44105" /><D56/><U24/><E24/><V105/><F105/><W7/><G7/><T53/><D53/><N who="1" m="20555" /><E46/><V133/><REACH who="2" step="1"/><F34/><REACH who="2" ten="250,250,240,250" step="2"/><W77/><G122/><T120/><D120/><U23/><E23/><V64/><F64/><W81/><G49/><T58/><D58/><U97/><E97/><V29/><F29/><W104/><G104/><T74/><D74/><U9/><E9/><AGARI ba="0,1" hai="9,10,12,14,32,33,72,73,92,94,118,119,132,133" machi="9" ten="25,3200,0" yaku="1,1,22,2,53,0" doraHai="110" doraHaiUra="87" who="2" fromWho="1" sc="250,0,250,-32,240,42,250,0" /><INIT seed="1,0,0,0,2,65" ten="250,218,282,250" oya="1" hai0="126,43,103,125,15,110,131,12,113,24,7,47,60" hai1="59,96,8,122,90,49,3,50,89,109,84,107,128" hai2="119,16,39,77,111,48,23,76,79,19,88,6,95" hai3="0,101,56,115,104,93,32,53,62,4,114,82,33"/><U38/><E122/><V20/><F39/><W54/><G104/><T36/><D113/><U55/><E38/><V57/><F119/><W34/><G82/><T29/><D110/><U108/><E128/><V92/><F6/><W58/><G0/><T112/><D112/><U135/><E135/><V97/><F111/><N who="1" m="42569" /><E50/><V2/><F2/><W127/><G4/><T31/><D131/><U30/><E30/><V18/><F95/><W40/><G40/><T46/><D46/><U11/><E3/><V9/><F9/><N who="1" m="3657" /><E84/><V85/><F85/><W44/><G44/><T129/><D129/><U63/><E63/><V66/><REACH who="2" step="1"/><F48/><REACH who="2" ten="250,218,272,250" step="2"/><W75/><G115/><T91/><D60/><AGARI ba="0,1" hai="16,18,19,20,23,57,60,66,76,77,79,88,92,97" machi="60" ten="40,16000,3" yaku="1,1,2,1,8,1,54,2,53,3" doraHai="65" doraHaiUra="74" who="2" fromWho="0" sc="250,-160,218,0,272,170,250,0" /><INIT seed="2,0,0,1,4,69" ten="90,218,442,250" oya="2" hai0="52,108,17,71,31,98,103,51,99,58,115,93,117" hai1="76,32,16,105,29,15,13,50,37,27,28,65,112" hai2="133,113,107,118,102,92,40,46,30,56,41,36,48" hai3="22,9,87,78,85,60,97,96,88,57,134,84,4"/><V26/><F113/><W34/><G134/><T59/><D115/><U35/><E105/><V123/><F123/><W109/><G34/><T19/><D71/><U116/><E65/><V3/><F118/><W106/><G109/><T83/><D108/><U114/><E112/><V131/><F3/><W33/><G33/><T124/><D117/><U45/><E114/><V130/><F107/><W20/><G106/><T21/><D124/><U11/><E116/><V38/><F133/><W110/><G78/><T63/><D98/><U7/><E76/><V61/><F92/><W82/><G110/><T90/><D83/><U8/><E37/><N who="2" m="14443" /><F26/><W67/><G82/><T73/><D73/><U95/><E95/><V43/><F30/><N who="1" m="11881" /><E50/><V70/><F102/><W81/><G97/><T77/><D77/><U25/><E45/><V125/><F70/><W2/><G96/><T132/><D90/><U120/><E120/><V62/><F125/><W72/><G72/><T55/><D132/><U135/><E135/><V39/><F62/><W10/><G10/><T24/><REACH who="0" step="1"/><D55/><REACH who="0" ten="80,218,442,250" step="2"/><U121/><E121/><V79/><F79/><W122/><G122/><T49/><D49/><U75/><E75/><V111/><F111/><W68/><G68/><T129/><D129/><N who="2" m="49162" /><F48/><W66/><G66/><AGARI ba="0,1" hai="39,40,41,43,46,56,61,66" m="49162,14443" machi="66" ten="30,18000,2" yaku="19,1,34,2,52,4" doraHai="69" who="2" fromWho="3" sc="80,0,218,0,442,190,250,-180" /><INIT seed="2,1,0,4,3,83" ten="80,218,632,70" oya="2" hai0="115,48,134,92,94,44,54,11,2,63,70,53,57" hai1="123,119,77,68,87,73,114,30,7,16,17,55,86" hai2="102,0,37,31,41,71,5,61,116,108,14,60,8" hai3="88,26,66,72,19,32,111,15,110,4,51,45,125"/><V100/><F116/><W81/><G125/><T22/><D115/><U106/><E114/><V130/><F130/><W98/><G66/><T109/><D134/><U104/><E119/><V35/><F71/><W97/><G72/><T128/><D128/><U52/><E68/><V103/><F108/><N who="3" m="41515" /><G4/><T76/><D76/><U47/><E123/><V64/><F64/><W59/><G59/><T117/><D109/><U28/><E47/><V105/><F105/><W127/><G32/><T50/><D117/><U90/><E73/><V82/><F0/><W74/><G26/><T42/><D22/><U3/><E3/><V132/><F132/><W24/><G24/><T101/><D101/><U12/><E77/><V99/><F35/><W79/><G127/><T107/><D107/><U65/><E65/><V10/><F103/><W46/><G46/><T34/><D34/><U43/><E7/><V6/><F102/><W85/><G79/><T23/><D2/><U9/><E90/><V20/><F100/><W49/><G74/><T36/><D11/><U93/><E9/><V112/><F10/><N who="3" m="6647" /><G51/><T129/><D129/><U21/><E21/><V69/><F20/><W56/><G56/><T133/><D133/><U120/><E120/><V91/><F6/><W113/><G113/><T38/><D38/><U40/><E93/><V39/><F112/><W135/><G135/><T84/><D70/><U25/><E25/><V33/><F69/><W27/><G27/><T75/><D75/><U58/><E12/><V118/><F118/><W80/><G80/><T122/><D36/><N who="2" m="13898" /><F14/><W1/><G1/><RYUUKYOKU ba="1,0" sc="80,-15,218,15,632,-15,70,15" hai1="16,17,28,30,40,43,52,55,58,86,87,104,106" hai3="45,49,81,85,88,97,98" /><INIT seed="3,2,0,0,1,103" ten="65,233,617,85" oya="3" hai0="83,45,113,104,134,70,18,15,128,20,21,26,107" hai1="40,22,2,119,67,28,98,60,77,110,43,76,74" hai2="9,96,66,19,59,118,61,54,75,85,84,111,121" hai3="37,68,123,65,90,91,93,29,24,1,0,126,89"/><W41/><G123/><T10/><D70/><U129/><E110/><V62/><F75/><W115/><G115/><T49/><D128/><U50/><E129/><V30/><F118/><W33/><G126/><T95/><D113/><U27/><E119/><V8/><F30/><W122/><G122/><T64/><D64/><U7/><E2/><V69/><F121/><W127/><G127/><T116/><D116/><U109/><E7/><V11/><F111/><W117/><G117/><T32/><D83/><U105/><E109/><V63/><F63/><W120/><G120/><T17/><D32/><U72/><E72/><V125/><F125/><W108/><G108/><T71/><D71/><U135/><E135/><V133/><F133/><W82/><G82/><T5/><D134/><U131/><E131/><V3/><F3/><W130/><G130/><T13/><D95/><U80/><E76/><V99/><REACH who="2" step="1"/><F19/><REACH who="2" ten="65,233,607,85" step="2"/><W38/><G1/><T42/><AGARI ba="2,1" hai="5,10,13,15,17,18,20,21,26,42,45,49,104,107" machi="42" ten="20,5200,0" yaku="0,1,7,1,52,2" doraHai="103" who="0" fromWho="0" sc="65,68,233,-15,607,-15,85,-28" /><INIT seed="4,0,0,5,3,86" ten="133,218,592,57" oya="0" hai0="51,132,74,88,41,29,36,49,25,123,96,61,70" hai1="78,16,53,89,128,114,38,8,40,101,83,79,67" hai2="43,122,65,18,9,118,87,95,56,81,116,107,17" hai3="76,57,3,35,1,12,91,63,127,124,121,33,37"/><T102/><D123/><U68/><E128/><V80/><F122/><W32/><G76/><T113/><D74/><U64/><E40/><V27/><F107/><W6/><G121/><T126/><D113/><U98/><E38/><V0/><F43/><W110/><G37/><T22/><D132/><U72/><E114/><V105/><F105/><W10/><G63/><T2/><D2/><U23/><E8/><V125/><F125/><W46/><G46/><T106/><D36/><U59/><E68/><V108/><F27/><W55/><G55/><T94/><D41/><U129/><E78/><V119/><F108/><W117/><G117/><T4/><D4/><U30/><E30/><V54/><F65/><W131/><G57/><T115/><D115/><U77/><E77/><V11/><F11/><W69/><G69/><T52/><D70/><U21/><E21/><V120/><F9/><W48/><G48/><T47/><D126/><N who="3" m="48169" /><G131/><T92/><D106/><U133/><E133/><V7/><F7/><W112/><G112/><T130/><D130/><U58/><E58/><V109/><F120/><W93/><G110/><T19/><D51/><N who="1" m="31167" /><E129/><V100/><F109/><W99/><AGARI ba="0,0" hai="1,3,6,10,12,32,33,35,91,93,99" m="48169" machi="99" ten="40,2700,0" yaku="18,1,52,1" doraHai="86" who="3" fromWho="3" sc="133,-13,218,-7,592,-7,57,27" /><INIT seed="5,0,0,1,3,63" ten="120,211,585,84" oya="1" hai0="125,110,29,65,100,24,52,56,128,90,61,117,3" hai1="116,14,2,43,115,35,97,32,50,9,82,133,94" hai2="31,89,59,75,66,108,132,113,71,0,129,39,121" hai3="1,10,83,96,67,68,120,111,21,127,91,58,105"/><U123/><E116/><V78/><RYUUKYOKU type="yao9" ba="0,0" sc="120,0,211,0,585,0,84,0" hai2="0,31,39,59,66,71,75,78,89,108,113,121,129,132" /><INIT seed="5,1,0,3,4,100" ten="120,211,585,84" oya="1" hai0="11,6,79,124,46,84,87,31,32,86,91,12,80" hai1="5,43,21,2,134,35,69,51,52,103,7,44,74" hai2="113,53,50,116,88,42,101,29,135,23,27,73,41" hai3="68,71,67,132,48,34,112,36,93,47,82,125,13"/><U18/><E134/><V15/><F116/><W114/><G34/><T61/><D124/><U25/><E69/><N who="3" m="26698" /><G13/><T109/><D109/><U76/><E2/><V40/><F73/><W38/><G82/><T118/><D118/><U17/><E35/><V14/><F113/><N who="3" m="43627" /><G93/><T90/><D61/><U70/><E70/><V104/><F135/><W98/><G98/><T57/><D57/><U3/><E3/><V28/><F29/><W9/><G9/><T94/><D32/><U133/><E133/><V56/><REACH who="2" step="1"/><F88/><REACH who="2" ten="120,211,575,84" step="2"/><W66/><G132/><T58/><D31/><U85/><E74/><V26/><F26/><W108/><G125/><T121/><D121/><U10/><E103/><V60/><F60/><W99/><G108/><T131/><D131/><U111/><E111/><V106/><F106/><W16/><G99/><AGARI ba="1,1" hai="14,15,23,27,28,40,41,42,50,53,56,99,101,104" machi="99" ten="40,2600,0" yaku="1,1,52,1,53,0" doraHai="100" doraHaiUra="89" who="2" fromWho="3" sc="120,0,211,0,575,39,84,-29" /><INIT seed="6,0,0,2,3,106" ten="120,211,614,55" oya="2" hai0="131,112,90,42,79,100,27,135,26,59,133,48,39" hai1="52,84,10,127,4,28,63,12,46,53,51,104,95" hai2="45,21,91,81,74,41,31,64,18,77,25,65,32" hai3="17,132,111,129,49,66,108,75,1,8,97,103,83"/><V82/><F82/><W121/><G121/><T102/><D131/><U125/><E104/><V105/><F105/><W115/><G129/><T85/><D39/><U96/><E84/><V107/><F107/><W78/><G132/><N who="0" m="50763" /><D79/><U38/><E38/><V43/><F91/><W47/><G66/><T19/><D112/><U36/><E36/><V72/><F74/><W126/><G115/><T110/><D110/><U20/><E28/><V60/><F45/><W80/><G126/><T24/><D19/><U88/><E20/><V94/><F94/><W134/><G134/><T50/><D59/><U113/><E113/><V30/><F65/><W123/><G123/><T58/><D58/><U35/><E35/><V98/><F98/><W9/><G97/><T16/><D42/><U11/><E11/><V92/><F92/><W114/><G103/><N who="0" m="39467" /><D16/><U13/><E13/><V89/><F89/><W34/><G114/><T37/><D37/><U14/><E14/><V119/><F119/><W71/><G34/><T117/><D117/><U87/><E96/><V116/><F116/><W22/><G71/><T40/><D40/><U118/><E118/><V99/><F99/><W3/><G111/><T69/><D69/><U67/><E53/><V2/><F2/><W109/><G108/><T73/><D73/><U44/><REACH who="1" step="1"/><E46/><REACH who="1" ten="120,201,614,55" step="2"/><V124/><F32/><W130/><G109/><T7/><D7/><U68/><AGARI ba="0,1" hai="4,10,12,44,51,52,63,67,68,87,88,95,125,127" machi="68" ten="30,12000,2" yaku="1,1,2,1,0,1,54,2,53,1" doraHai="106" doraHaiUra="5" who="1" fromWho="1" sc="120,-30,201,130,614,-60,55,-30" /><INIT seed="7,0,0,4,4,68" ten="90,331,554,25" oya="3" hai0="77,18,120,82,78,94,17,123,45,122,60,28,41" hai1="23,126,97,0,90,61,74,30,37,98,33,47,57" hai2="16,31,53,35,9,8,43,100,128,5,131,132,62" hai3="115,66,49,81,24,101,117,70,135,58,89,55,134"/><W1/><G117/><T56/><D28/><U85/><E74/><V114/><F43/><W13/><G1/><T2/><D2/><U64/><E33/><V38/><F38/><W48/><G115/><T116/><D116/><U118/><E118/><V121/><F100/><W73/><G101/><T75/><D94/><U130/><E0/><V107/><F132/><N who="3" m="50731" /><G24/><T4/><D78/><U32/><E32/><V21/><F121/><W3/><G3/><T26/><D26/><U92/><E130/><V102/><F114/><W67/><G49/><T112/><D4/><U76/><E126/><V119/><F102/><W10/><G70/><T91/><D91/><U87/><E37/><V71/><F71/><W104/><G104/><T111/><D112/><U72/><E72/><V20/><F107/><W113/><G113/><T103/><D103/><U29/><E47/><V59/><F35/><W52/><G55/><T79/><D79/><U83/><E23/><V125/><F21/><W95/><G81/><T22/><D22/><U65/><E65/><V14/><F119/><W63/><G73/><T133/><D111/><U39/><E39/><V42/><F42/><W110/><G63/><T15/><D133/><U34/><E34/><V86/><F31/><AGARI ba="0,0" hai="29,30,31,57,61,64,76,83,85,87,90,92,97,98" machi="31" ten="40,1300,0" yaku="8,1" doraHai="68" who="1" fromWho="2" sc="90,0,331,13,554,-13,25,0" owari="90,-31.0,344,14.4,541,64.1,25,-47.5" /></mjloggm>