<mjloggm ver="2.3"><GO type="41" lobby="0"/><UN n0="%E2%93%9D%4C%75%63%6B%79%4A" n1="%E3%83%95%E3%82%A3%E3%83%AD%E3%82%BD%E3%83%95%E3%82%A3%E3%82%A2" n2="%E3%83%9F%E3%83%83%E3%82%AF%E3%82%B9%E3%83%8A%E3%83%83%E3%83%84" n3="%E3%82%A4%E3%83%B3%E3%83%86%E3%83%B3%E3%82%B7%E3%83%A7%E3%83%B3" dan="17,15,13,15" rate="2162.41,1990.19,1866.71,1966.54" sx="M,M,M,M"/><TAIKYOKU oya="0"/><INIT seed="0,0,0,2,5,45" ten="250,250,250,250" oya="0" hai0="132,95,133,23,113,119,122,123,80,130,104,47,76" hai1="106,12,69,52,88,74,49,116,11,109,131,81,4" hai2="13,28,78,67,121,135,72,66,22,134,77,14,60" hai3="86,124,38,19,114,5,31,63,79,50,129,3,115"/><T41/><D113/><U32/><E116/><V8/><F121/><W36/><G31/><T16/><D104/><U70/><E32/><V65/><F72/><W26/><G63/><T35/><D35/><U42/><E106/><V108/><F108/><W34/><G34/><T62/><D95/><U59/><E109/><V6/><F60/><W90/><G79/><T103/><D103/><U48/><E131/><V127/><F127/><W117/><G117/><T128/><D62/><U118/><E118/><V100/><F100/><W126/><G129/><N who="0" m="49771" /><D80/><U18/><E4/><V105/><F105/><W21/><G5/><T107/><D76/><U17/><E17/><N who="2" m="10543" /><F28/><W30/><G3/><T68/><D68/><U120/><E120/><N who="0" m="46121" /><D107/><U20/><E74/><V97/><F97/><W85/><G114/><T64/><D64/><N who="2" m="16386" /><V87/><DORA hai="39" /><F87/><W71/><G85/><T43/><D119/><U73/><E73/><V91/><F91/><W102/><G71/><T89/><D89/><U46/><REACH who="1" step="1"/><E11/><REACH who="1" ten="250,240,250,250" step="2"/><V56/><F6/><W98/><G115/><T53/><D133/><N who="2" m="50698" /><F8/><W37/><G124/><T7/><D132/><U24/><E24/><V27/><F27/><W29/><G126/><T10/><D10/><U51/><E51/><V83/><F14/><W92/><G50/><N who="0" m="28895" /><D7/><U110/><E110/><V125/><F125/><W101/><G38/><T99/><D99/><U0/><E0/><V84/><F77/><W1/><G1/><T9/><D9/><U75/><E75/><V54/><F78/><W57/><G98/><T44/><D44/><U61/><E61/><N who="2" m="35991" /><F83/><W55/><G37/><RYUUKYOKU ba="0,1" sc="250,10,240,10,250,10,250,-30" hai0="16,23,41,43" hai1="12,18,20,42,46,48,49,52,59,69,70,81,88" hai2="84" /><INIT seed="0,1,1,3,2,27" ten="260,250,260,220" oya="0" hai0="1,121,46,131,19,5,104,98,99,32,128,64,20" hai1="74,38,9,85,63,109,108,42,95,15,13,93,62" hai2="112,120,75,30,94,6,76,44,101,77,55,14,134" hai3="116,52,106,31,103,80,54,111,25,33,68,88,102"/><T22/><D121/><U69/><E74/><V72/><F112/><W67/><G116/><T59/><D32/><U40/><E85/><V78/><F120/><W115/><G115/><T43/><D5/><U122/><E122/><V50/><F134/><W90/><G111/><T49/><D1/><U97/><E9/><N who="2" m="4407" /><F72/><W86/><G90/><T61/><D22/><U17/><E17/><V11/><F75/><W129/><G129/><N who="0" m="49739" /><D104/><U123/><E123/><V56/><F11/><W2/><G2/><T82/><D82/><U73/><E73/><V28/><F44/><W29/><G29/><N who="2" m="11369" /><F94/><W48/><G48/><T3/><D3/><U60/><E69/><V39/><F39/><W110/><G110/><N who="1" m="42602" /><E38/><V133/><F133/><W24/><G24/><AGARI ba="1,1" hai="19,20,24,43,46,49,59,61,64,98,99" m="49739" machi="24" ten="30,1500,0" yaku="19,1" doraHai="27" who="0" fromWho="3" sc="260,28,250,0,260,0,220,-18" /><INIT seed="0,2,0,2,3,34" ten="288,250,260,202" oya="0" hai0="113,86,64,8,23,92,54,135,7,107,105,4,73" hai1="5,126,1,27,129,0,133,127,46,69,63,102,85" hai2="2,12,90,119,22,62,65,3,74,98,25,131,121" hai3="89,76,14,117,91,24,37,122,53,118,21,83,48"/><T84/><D113/><U104/><E129/><V87/><F121/><W116/><G37/><T97/><D64/><N who="1" m="41119" /><E5/><V52/><F74/><W103/><G103/><T123/><D123/><U114/><E114/><V32/><F119/><W36/><G36/><T10/><D73/><U59/><E133/><V19/><F98/><W28/><G122/><T111/><D23/><U31/><E85/><V9/><F32/><W35/><G35/><T51/><D111/><U66/><E46/><V75/><F131/><W110/><G110/><T15/><D135/><U106/><E59/><V49/><F62/><W130/><G130/><T60/><D60/><U94/><E94/><V95/><F65/><W20/><G20/><T13/><D107/><N who="1" m="41003" /><E102/><V44/><F75/><W68/><G68/><T70/><D70/><U101/><E101/><V50/><F49/><W40/><G14/><T79/><D79/><U120/><E66/><V47/><F47/><W134/><G134/><T41/><D41/><U88/><E88/><V11/><F11/><W29/><G40/><T112/><D105/><U99/><E99/><V128/><F128/><W81/><G89/><N who="0" m="55439" /><D112/><U17/><E17/><AGARI ba="2,0" hai="2,3,9,12,17,19,22,25,44,50,52,87,90,95" machi="17" ten="30,7700,0" yaku="7,1,52,2,54,1" doraHai="34" who="2" fromWho="1" sc="288,0,250,-83,260,83,202,0" /><INIT seed="1,0,0,4,0,94" ten="288,167,343,202" oya="1" hai0="3,110,21,61,100,38,83,88,134,87,8,68,23" hai1="29,99,105,127,31,120,84,103,4,56,0,54,114" hai2="35,135,65,19,93,76,67,12,10,130,102,63,101" hai3="27,36,82,73,42,115,91,132,122,14,9,33,43"/><U59/><E120/><V72/><F130/><W128/><G91/><T28/><D38/><U125/><E114/><V129/><F135/><W96/><G43/><T81/><D110/><U112/><E112/><V71/><F35/><W1/><G122/><T66/><D134/><U126/><E84/><V62/><F129/><W55/><G132/><T6/><D28/><U108/><E108/><V113/><F113/><W5/><G128/><T17/><D100/><U69/><E69/><V39/><F39/><W121/><G55/><T2/><D3/><U77/><E77/><V26/><F26/><W50/><G50/><T116/><D116/><U89/><E89/><V24/><F24/><W58/><G58/><T74/><REACH who="0" step="1"/><D17/><REACH who="0" ten="278,167,343,202" step="2"/><U60/><E0/><V51/><F102/><W92/><G115/><T40/><D40/><U25/><E4/><V98/><F19/><W79/><G121/><T97/><D97/><U49/><REACH who="1" step="1"/><E25/><REACH who="1" ten="278,157,343,202" step="2"/><V133/><F133/><W18/><G27/><T86/><D86/><U124/><N who="1" m="31744" /><DORA hai="32" /><U109/><E109/><V7/><F72/><W75/><G73/><T111/><D111/><U123/><E123/><V48/><REACH who="2" step="1"/><F76/><AGARI ba="0,2" hai="2,6,8,21,23,61,66,68,74,76,81,83,87,88" machi="76" ten="40,8000,1" yaku="1,1,52,1,54,1,53,1" doraHai="94,32" doraHaiUra="118,80" who="0" fromWho="2" sc="278,100,157,0,343,-80,202,0" /><INIT seed="2,0,0,1,3,0" ten="378,157,263,202" oya="2" hai0="105,106,77,59,72,53,23,3,102,112,4,2,26" hai1="57,5,40,93,75,82,95,60,50,66,54,120,98" hai2="7,123,127,126,51,56,55,6,88,125,76,18,39" hai3="79,36,131,25,81,13,11,17,86,96,29,111,44"/><V52/><F39/><W129/><G111/><T14/><D112/><U103/><E120/><V34/><F76/><W78/><G96/><T73/><D14/><U47/><E75/><V21/><F34/><W118/><G118/><T8/><D3/><U33/><E33/><V108/><F123/><W87/><G44/><T35/><D35/><U115/><E115/><V130/><F130/><N who="3" m="49675" /><G36/><T58/><D59/><U67/><E82/><V107/><F107/><W61/><G61/><T101/><D106/><U91/><REACH who="1" step="1"/><E5/><REACH who="1" ten="378,147,263,202" step="2"/><V41/><F108/><W135/><G135/><T38/><D73/><U99/><AGARI ba="0,1" hai="40,47,50,54,57,60,66,67,91,93,95,98,99,103" machi="99" ten="20,8000,1" yaku="1,1,2,1,0,1,7,1,8,1,53,0" doraHai="0" doraHaiUra="28" who="1" fromWho="1" sc="378,-20,147,90,263,-40,202,-20" /><INIT seed="3,0,0,0,4,69" ten="358,237,223,182" oya="3" hai0="45,132,121,33,31,61,95,66,48,21,106,109,134" hai1="14,12,96,41,105,62,130,90,118,20,116,126,129" hai2="94,68,51,42,43,6,110,22,84,64,131,74,104" hai3="35,75,77,79,47,59,102,98,70,53,60,2,27"/><W7/><G75/><T37/><D106/><U78/><E78/><V93/><F104/><W133/><G133/><N who="0" m="51307" /><D21/><U55/><E41/><N who="2" m="15371" /><F68/><W18/><G7/><T91/><D109/><U114/><E114/><V86/><F74/><W99/><G2/><T127/><D127/><U49/><E62/><V34/><F34/><W28/><G18/><T26/><D48/><U13/><E20/><V1/><F6/><W115/><G115/><T76/><D76/><U32/><E32/><V38/><F1/><W23/><G35/><T56/><D45/><N who="1" m="28079" /><E126/><V30/><F64/><W67/><G98/><N who="0" m="57727" /><D121/><U17/><E17/><V25/><F110/><W87/><G87/><N who="2" m="33321" /><F131/><N who="1" m="50185" /><E90/><V108/><F108/><W120/><G120/><T117/><D117/><N who="1" m="45163" /><E105/><V92/><F25/><W24/><G24/><T19/><D19/><U81/><E81/><V82/><F82/><W124/><G124/><T46/><D26/><U107/><E107/><V103/><F103/><W112/><G112/><T4/><D33/><U72/><E72/><V58/><F94/><N who="3" m="58743" /><G70/><T83/><D83/><U15/><E15/><V40/><F93/><W39/><G77/><T73/><D73/><U0/><E0/><V97/><F97/><AGARI ba="0,0" hai="12,13,14,96,97" m="45163,50185,28079" machi="97" ten="40,2600,0" yaku="19,1,12,1" doraHai="69" who="1" fromWho="2" sc="358,0,237,26,223,-26,182,0" /><INIT seed="4,0,0,2,1,31" ten="358,263,197,182" oya="0" hai0="86,120,88,25,83,29,13,67,37,42,89,5,26" hai1="50,45,109,111,107,6,91,11,123,101,36,35,133" hai2="21,125,75,12,27,16,7,40,61,103,87,84,33" hai3="60,3,30,113,1,0,17,54,48,44,85,63,92"/><T77/><D120/><U46/><E123/><V126/><F75/><W4/><G113/><T116/><D116/><U23/><E133/><V129/><F103/><W43/><G30/><T81/><D67/><U68/><E68/><V82/><F40/><W10/><G17/><T112/><D112/><U134/><E134/><V124/><F61/><W122/><G122/><T114/><D114/><U102/><E23/><V14/><F82/><W2/><G54/><T72/><D26/><U119/><E119/><V66/><F66/><W131/><G131/><T55/><D5/><U59/><E59/><V28/><F87/><W32/><G32/><T70/><D13/><U99/><E35/><V95/><F95/><W73/><G73/><T115/><D70/><U128/><E128/><V127/><N who="2" m="31744" /><DORA hai="76" /><V47/><F47/><W65/><G65/><T39/><D115/><U96/><E46/><V98/><F98/><W62/><G92/><T18/><D42/><U20/><E36/><V22/><F84/><W15/><N who="3" m="0" /><DORA hai="132" /><W80/><REACH who="3" step="1"/><G62/><REACH who="3" ten="358,263,197,172" step="2"/><T108/><D72/><U90/><E111/><V130/><F7/><W64/><G64/><T97/><D108/><U71/><E6/><V106/><F106/><W52/><G52/><T94/><D55/><U69/><E107/><V24/><F24/><W49/><G49/><T74/><D18/><AGARI ba="0,1" hai="12,14,16,18,21,22,27,28,33,129,130" m="31744" machi="18" ten="70,24000,4" yaku="9,1,18,1,34,3,52,5,54,1" doraHai="31,76,132" who="2" fromWho="0" sc="358,-240,263,0,197,250,172,0" /><INIT seed="5,0,0,1,5,105" ten="118,263,447,172" oya="1" hai0="67,54,91,106,77,41,131,12,115,62,96,101,64" hai1="44,112,97,114,26,66,89,133,71,53,103,7,107" hai2="23,100,86,88,1,76,109,124,78,73,92,111,61" hai3="121,83,10,47,43,35,123,79,37,60,46,63,39"/><U33/><E7/><V72/><F1/><W25/><G10/><T82/><D115/><N who="1" m="44075" /><E133/><V14/><F61/><W27/><G35/><T116/><D131/><U31/><E89/><V45/><F14/><W95/><G95/><T80/><D41/><U129/><E53/><V134/><F45/><W15/><G15/><T99/><D116/><U19/><E44/><V49/><F49/><W104/><G104/><T55/><D67/><U57/><E57/><V28/><F23/><W50/><G63/><T21/><D99/><U16/><E129/><V94/><F28/><W93/><G93/><T52/><D91/><U81/><E81/><V122/><F122/><W87/><G60/><AGARI ba="0,0" hai="16,19,26,31,33,60,66,71,97,103,107" m="44075" machi="60" ten="30,5800,0" yaku="25,1,15,1,54,1" doraHai="105" who="1" fromWho="3" sc="118,0,263,58,447,0,172,-58" /><INIT seed="5,1,0,5,0,21" ten="118,321,447,114" oya="1" hai0="121,100,38,53,125,48,43,3,28,84,17,33,112" hai1="9,111,103,54,94,107,87,133,23,86,126,36,47" hai2="123,77,79,41,129,12,27,93,6,106,66,37,76" hai3="18,2,7,82,46,101,104,52,24,5,16,45,14"/><U95/><E107/><V99/><F123/><W31/><G101/><T128/><D3/><U113/><E126/><V117/><F66/><W131/><G104/><T62/><D112/><U39/><E113/><V78/><F117/><W85/><G131/><T69/><D17/><U135/><E9/><V32/><F41/><W75/><G75/><T80/><D100/><U74/><E74/><V58/><F37/><W55/><G31/><T92/><D92/><N who="1" m="35371" /><E103/><V130/><F58/><W71/><G71/><T61/><D128/><N who="2" m="49258" /><F12/><W10/><G2/><T56/><D125/><U49/><E111/><V83/><F6/><N who="3" m="2059" /><G46/><T40/><D121/><U134/><E23/><V1/><F1/><W57/><G57/><T68/><D69/><U98/><E98/><V25/><F32/><W119/><G119/><T50/><D33/><U30/><E30/><V102/><F106/><W51/><G55/><T11/><D53/><U122/><E122/><V29/><F29/><W64/><G64/><T127/><D28/><U132/><E132/><V90/><F102/><W0/><G0/><T97/><D127/><U73/><E73/><AGARI ba="1,0" hai="25,27,73,76,77,78,79,83,90,93,99" m="49258" machi="73" ten="30,3900,0" yaku="19,1,52,2" doraHai="21" who="2" fromWho="1" sc="118,0,321,-42,447,42,114,0" /><INIT seed="6,0,0,1,4,134" ten="118,279,489,114" oya="2" hai0="11,111,17,20,21,118,122,117,85,115,90,16,101" hai1="55,58,72,8,100,50,7,121,57,74,42,44,62" hai2="126,103,131,71,94,29,113,38,132,1,30,19,84" hai3="109,112,33,6,105,99,31,65,37,34,0,91,127"/><V128/><F71/><W48/><G37/><T22/><D101/><U59/><E121/><V36/><F1/><W27/><G34/><T54/><D122/><U73/><REACH who="1" step="1"/><E100/><REACH who="1" ten="118,269,489,114" step="2"/><V123/><F123/><W46/><G109/><T93/><D111/><U81/><E81/><V32/><F103/><W97/><G105/><T26/><D115/><U114/><E114/><V110/><F110/><W40/><G112/><T89/><D118/><U108/><E108/><V5/><F113/><W92/><G65/><T135/><D117/><U2/><AGARI ba="0,1" hai="2,7,8,42,44,50,55,57,58,59,62,72,73,74" machi="2" ten="30,2000,0" yaku="1,1,0,1,53,0" doraHai="134" doraHaiUra="23" who="1" fromWho="1" sc="118,-5,269,30,489,-10,114,-5" /><INIT seed="7,0,0,2,1,20" ten="113,299,479,109" oya="3" hai0="133,27,74,52,18,134,92,69,53,82,64,87,32" hai1="113,60,55,2,39,66,72,11,114,12,51,79,93" hai2="109,90,47,89,94,130,81,120,42,50,117,115,15" hai3="3,126,78,118,36,128,105,44,107,59,88,97,29"/><W122/><G3/><T31/><D74/><U104/><E104/><V67/><F117/><W73/><G122/><T9/><D92/><U99/><E39/><V123/><F109/><W46/><G118/><T61/><D18/><N who="1" m="8479" /><E79/><V58/><F130/><W24/><G128/><T77/><REACH who="0" step="1"/><D9/><REACH who="0" ten="103,299,479,109" step="2"/><U16/><E72/><V131/><F131/><W4/><G126/><T100/><D100/><U124/><E16/><V49/><F120/><W70/><G105/><T63/><D63/><U48/><E60/><N who="2" m="38295" /><F123/><W23/><G107/><T10/><D10/><U101/><E101/><V33/><F94/><N who="3" m="56519" /><G73/><T1/><D1/><U83/><E93/><V19/><F81/><W86/><G4/><T135/><AGARI ba="0,1" hai="27,31,32,52,53,61,64,69,77,82,87,133,134,135" machi="135" ten="30,8000,1" yaku="1,1,0,1,20,1,52,1,54,1,53,0" doraHai="20" doraHaiUra="7" who="0" fromWho="0" sc="103,90,299,-20,479,-20,109,-40" owari="193,-20.7,279,7.9,459,55.9,69,-43.1" /></mjloggm>