<mjloggm ver="2.3"><GO type="41" lobby="0"/><UN n0="%E2%93%9D%4C%75%63%6B%79%4A" n1="%E3%81%A0%E3%81%8A" n2="%E3%82%82%E3%81%A8%E3%81%8B%E3%82%8F%E3%81%A1" n3="%E3%83%A2%E3%83%A2%E3%83%B4" dan="17,14,15,14" rate="2175.19,1821.83,1943.93,1917.77" sx="M,M,M,M"/><TAIKYOKU oya="0"/><BYE who="1" /><INIT seed="0,0,0,5,4,93" ten="250,250,250,250" oya="0" hai0="95,102,80,70,18,87,86,112,78,127,59,14,7" hai1="10,29,36,71,73,107,109,34,114,52,0,2,75" hai2="115,5,37,54,28,76,120,60,77,3,66,45,133" hai3="40,62,128,123,38,61,41,108,98,117,48,44,30"/><T65/><D112/><U56/><E56/><V91/><F115/><W24/><G117/><T20/><D127/><U46/><E46/><V58/><F133/><W89/><G108/><T63/><D7/><U9/><E9/><V74/><F120/><W55/><G128/><T50/><D70/><U57/><E57/><V84/><F28/><W27/><G123/><T88/><D102/><U100/><E100/><V39/><F74/><W21/><G41/><T72/><REACH who="0" step="1"/><D50/><REACH who="0" ten="240,250,250,250" step="2"/><U53/><E53/><V51/><F39/><W131/><G131/><T94/><D94/><U12/><E12/><V67/><F5/><W4/><G4/><T113/><D113/><U68/><E68/><V1/><F37/><W32/><G38/><T116/><D116/><U13/><E13/><V22/><F3/><W19/><G55/><T101/><D101/><U25/><E25/><V17/><F1/><W90/><G61/><T134/><D134/><U23/><E23/><V126/><F67/><W8/><G62/><T33/><D33/><U31/><E31/><V96/><F66/><W129/><G129/><T69/><D69/><U106/><E106/><V124/><F60/><W11/><G11/><T83/><D83/><U47/><E47/><V97/><F45/><W49/><G8/><T85/><AGARI ba="0,1" hai="14,18,20,59,63,65,72,78,80,85,86,87,88,95" machi="85" ten="20,7800,0" yaku="1,1,0,1,7,1,54,1,53,0" doraHai="93" doraHaiUra="35" who="0" fromWho="0" sc="240,88,250,-26,250,-26,250,-26" /><INIT seed="0,1,0,5,0,109" ten="328,224,224,224" oya="0" hai0="6,19,99,84,124,127,81,35,56,121,24,115,128" hai1="11,83,74,52,29,119,111,43,118,95,67,86,61" hai2="105,100,17,16,131,77,53,48,65,94,123,102,91" hai3="2,5,120,46,1,64,15,88,13,76,96,40,72"/><T85/><D121/><U25/><E25/><V134/><F123/><W78/><G120/><T68/><D68/><U92/><E92/><V69/><F134/><W73/><G64/><T10/><D128/><U75/><E75/><V9/><F131/><W112/><G96/><T18/><D56/><U57/><E57/><V47/><F105/><W130/><G130/><T39/><D39/><U135/><E135/><V80/><F69/><W90/><G40/><T49/><D49/><U21/><E21/><V116/><F116/><W113/><G5/><T122/><D99/><U32/><E32/><V50/><F65/><W126/><G46/><T14/><D85/><U45/><E45/><V108/><F108/><W66/><G66/><T62/><D62/><U36/><E36/><V44/><F102/><W42/><G42/><T3/><D122/><U20/><E20/><V12/><F100/><W60/><G126/><N who="0" m="48171" /><D3/><U34/><E34/><V70/><F70/><W23/><G23/><N who="0" m="13439" /><D35/><U89/><E89/><V28/><F91/><W132/><G132/><T38/><D38/><U71/><E71/><V114/><F94/><W30/><G30/><T82/><D82/><U98/><E98/><V22/><F80/><W51/><G51/><T107/><D107/><U129/><E129/><V93/><F50/><W37/><G37/><T79/><D18/><U7/><E7/><V63/><F17/><W27/><REACH who="3" step="1"/><G27/><REACH who="3" ten="328,224,224,214" step="2"/><T58/><D58/><U125/><E125/><V87/><F47/><W117/><G117/><T54/><D54/><U26/><E26/><V97/><F53/><W106/><G106/><RYUUKYOKU ba="1,1" sc="328,15,224,-15,224,-15,214,15" hai0="6,10,14,79,81,84,115" hai3="1,2,13,15,60,72,73,76,78,88,90,112,113" /><INIT seed="0,2,1,2,4,0" ten="343,209,209,229" oya="0" hai0="64,24,17,56,126,46,115,76,110,7,128,3,68" hai1="10,50,9,80,29,127,60,45,75,35,59,41,22" hai2="123,39,49,107,103,38,66,23,42,13,28,108,32" hai3="20,4,27,121,48,6,89,94,70,114,44,62,129"/><T93/><D115/><U71/><E71/><V130/><F49/><W15/><G114/><T16/><D68/><U55/><E55/><V134/><F42/><W58/><G70/><T95/><D126/><U11/><E11/><V109/><F103/><W47/><G129/><T96/><D110/><U5/><E5/><N who="3" m="2154" /><G15/><T21/><D76/><U90/><E90/><V132/><F13/><W83/><G83/><T72/><D72/><U86/><E86/><V102/><F130/><W91/><G121/><T100/><D128/><U61/><E61/><V113/><F113/><W31/><G48/><T125/><D125/><U120/><E120/><V30/><F123/><W112/><G112/><T69/><D69/><U78/><E78/><V131/><F131/><W51/><G51/><T33/><D33/><U133/><E133/><V104/><F32/><W12/><G12/><T117/><D117/><U54/><E54/><V40/><F39/><W124/><G124/><T135/><D135/><U118/><E118/><V36/><F134/><W26/><G26/><T105/><D3/><U18/><E18/><V79/><F132/><W37/><G37/><T73/><D17/><U19/><E19/><V52/><F38/><W14/><G14/><T34/><D7/><U25/><E25/><V67/><F36/><W1/><G1/><T8/><D8/><U53/><E53/><V63/><F52/><N who="3" m="34119" /><G89/><T97/><D24/><U122/><E122/><V77/><F109/><W111/><G111/><T82/><D34/><U43/><E43/><V106/><F108/><W101/><G101/><T116/><D100/><RYUUKYOKU ba="2,1" sc="343,-10,209,-10,209,-10,229,30" hai3="20,27,31,44,47,91,94" /><INIT seed="1,3,1,2,3,47" ten="333,199,199,259" oya="1" hai0="118,29,73,66,23,132,63,84,104,36,59,10,27" hai1="106,41,98,76,60,121,64,35,87,116,129,43,95" hai2="114,55,31,131,130,110,77,9,30,96,83,109,48" hai3="94,38,134,32,86,22,123,8,39,89,124,4,28"/><U33/><E33/><V46/><F114/><W85/><G123/><T72/><D118/><U16/><E16/><V92/><F9/><W44/><G134/><T56/><D104/><U7/><E7/><V128/><F30/><W125/><G32/><T120/><D36/><U88/><E88/><N who="2" m="55303" /><F31/><W54/><G85/><AGARI ba="3,1" hai="46,48,55,77,83,85,109,110,128,130,131" m="55303" machi="85" ten="30,3900,0" yaku="19,1,52,1,54,1" doraHai="47" who="2" fromWho="3" sc="333,0,199,0,199,58,259,-48" /><INIT seed="2,0,0,5,1,107" ten="333,199,257,211" oya="2" hai0="57,118,113,82,3,97,14,133,98,73,30,130,104" hai1="4,38,125,72,91,101,129,44,135,11,16,81,123" hai2="63,29,92,35,68,126,61,59,119,8,60,52,24" hai3="7,1,47,42,134,21,62,41,87,40,75,22,84"/><V56/><F119/><W106/><G106/><T85/><D3/><U32/><E32/><V54/><F126/><W89/><G134/><T33/><D57/><U95/><E95/><V43/><F43/><W26/><G22/><T37/><D113/><U128/><E128/><V45/><F45/><W115/><G115/><T5/><D37/><U65/><E65/><V69/><F63/><W110/><G110/><T120/><D120/><U96/><E96/><V13/><REACH who="2" step="1"/><F92/><REACH who="2" ten="333,199,247,211" step="2"/><W49/><G41/><T108/><D118/><U117/><E117/><V23/><F23/><W6/><G42/><T12/><D33/><U77/><E77/><V93/><F93/><W50/><G40/><T114/><D114/><U121/><E121/><V10/><F10/><W94/><G47/><T127/><D127/><U102/><E102/><V18/><AGARI ba="0,1" hai="8,13,18,24,29,35,52,54,56,59,60,61,68,69" machi="18" ten="20,12000,1" yaku="1,1,0,1,7,1,9,1,54,1,53,0" doraHai="107" doraHaiUra="105" who="2" fromWho="2" sc="333,-40,199,-40,247,130,211,-40" /><INIT seed="2,1,0,2,1,92" ten="293,159,377,171" oya="2" hai0="18,52,14,115,61,126,68,93,66,53,72,54,63" hai1="30,76,32,62,41,7,29,123,79,33,1,113,60" hai2="22,37,89,74,104,24,13,86,21,71,70,73,19" hai3="80,43,5,9,50,131,15,42,11,98,27,67,110"/><V81/><F37/><W56/><G110/><T45/><D72/><U6/><E6/><V38/><F38/><W134/><G131/><T107/><D107/><U87/><E87/><V65/><F104/><W47/><G134/><T132/><D115/><U90/><E90/><V83/><F65/><W122/><G122/><T23/><D126/><U95/><E95/><V46/><F46/><W77/><G27/><T119/><D119/><U106/><E106/><V59/><F59/><W85/><G11/><T108/><D108/><U25/><E25/><V118/><F118/><W102/><G42/><T125/><D125/><U10/><E10/><V35/><F35/><W75/><G75/><T94/><D132/><U105/><E105/><V114/><F114/><W82/><G82/><T127/><D127/><U12/><E12/><V58/><F58/><W55/><G67/><T135/><D135/><U99/><E99/><V84/><F74/><W103/><REACH who="3" step="1"/><G98/><REACH who="3" ten="293,159,377,161" step="2"/><T91/><D66/><U88/><E88/><V8/><F73/><W2/><G2/><T120/><D120/><U133/><E133/><V0/><F0/><W97/><G97/><N who="0" m="57567" /><D68/><U128/><E128/><V124/><F124/><W129/><G129/><T44/><D93/><U69/><E69/><V28/><F8/><W16/><G16/><T64/><D64/><U17/><E17/><V20/><F71/><W116/><G116/><T34/><D34/><U39/><E39/><AGARI ba="1,1" hai="5,9,15,39,43,47,50,55,56,77,80,85,102,103" machi="39" ten="30,3900,0" yaku="1,1,7,1,53,1" doraHai="92" doraHaiUra="40" who="3" fromWho="1" sc="293,0,159,-42,377,0,161,52" /><INIT seed="3,0,0,4,5,109" ten="293,117,377,213" oya="3" hai0="24,43,74,60,11,110,113,56,4,106,129,124,86" hai1="29,19,1,118,125,130,108,122,97,0,14,114,3" hai2="58,41,5,15,23,107,33,102,39,13,45,10,2" hai3="133,90,62,134,21,92,79,46,50,66,38,42,135"/><W28/><G79/><T89/><D110/><U87/><E87/><V9/><F33/><W82/><G82/><T30/><D124/><U8/><E8/><V95/><F107/><W35/><G35/><T31/><D129/><U57/><E57/><V85/><F23/><W55/><G28/><T49/><D106/><U103/><E103/><V116/><F116/><W119/><G119/><T36/><D36/><U44/><E44/><V40/><F40/><W18/><G66/><T101/><D101/><U75/><E75/><V98/><F10/><W16/><G62/><T17/><D113/><U72/><E72/><V88/><F58/><W26/><G18/><T68/><D68/><U128/><E128/><V71/><F71/><W117/><G117/><T80/><D74/><U111/><E111/><V120/><F120/><W94/><REACH who="3" step="1"/><G90/><REACH who="3" ten="293,117,377,203" step="2"/><T123/><D17/><U78/><E78/><V27/><F27/><W20/><G20/><T54/><D31/><U59/><E59/><AGARI ba="0,1" hai="16,21,26,38,42,46,50,55,59,92,94,133,134,135" machi="59" ten="40,12000,1" yaku="1,1,20,1,54,1,53,1" doraHai="109" doraHaiUra="47" who="3" fromWho="1" sc="293,0,117,-120,377,0,203,130" owari="293,-10.7,-3,-50.3,377,47.7,333,13.3" /></mjloggm>