<mjloggm ver="2.3"><GO type="137" lobby="0"/><UN n0="%E3%81%B5%E3%82%8B%E3%81%B5%E3%82%8B%E3%83%BC%E3%81%A1%E3%81%87" n1="%E3%81%9D%E3%81%BC%E3%82%8D%E4%B8%BC%E3%81%AF%E9%A4%85%E3%81%A4%E3%81%8D" n2="%E2%93%9D%4C%75%63%6B%79%4A" n3="%E9%BA%BB%E9%9B%80%E8%81%B7%E4%BA%BA%E3%80%82" dan="12,11,11,12" rate="1671.52,1585.88,1774.17,1741.10" sx="M,M,M,M"/><TAIKYOKU oya="0"/><INIT seed="0,0,0,0,2,42" ten="250,250,250,250" oya="0" hai0="53,89,52,71,96,84,88,58,10,129,56,118,91" hai1="31,107,75,121,8,51,76,112,92,80,82,77,17" hai2="48,130,55,0,49,99,126,131,59,11,101,3,14" hai3="106,93,44,104,79,4,45,115,120,30,57,109,64"/><T116/><D129/><N who="2" m="49162" /><F49/><W90/><G109/><T98/><D71/><U83/><E121/><V60/><F126/><W54/><G120/><T46/><D10/><U6/><E31/><V67/><F99/><W81/><G115/><T21/><D21/><U73/><E112/><V19/><F101/><W111/><G111/><T100/><D84/><U47/><E17/><V122/><F122/><W68/><G68/><AGARI ba="0,0" hai="0,3,11,14,19,48,55,59,60,67,68" m="49162" machi="68" ten="30,1000,0" yaku="19,1" doraHai="42" who="2" fromWho="3" sc="250,0,250,0,250,10,250,-10" /><INIT seed="1,0,0,0,2,16" ten="250,250,260,240" oya="1" hai0="82,11,57,103,18,81,54,112,25,94,61,56,62" hai1="20,124,134,90,85,97,102,125,128,116,32,5,44" hai2="55,72,92,87,46,40,34,105,71,27,51,111,130" hai3="23,115,99,49,15,13,114,117,73,89,31,66,0"/><U36/><E36/><V67/><F72/><W131/><G117/><T119/><D119/><U100/><E116/><V47/><F105/><W2/><G73/><T50/><D112/><U91/><E32/><V7/><F7/><W120/><G131/><T123/><D123/><U69/><E69/><V70/><F92/><W35/><G35/><T14/><D25/><U1/><E1/><BYE who="1" /><UN n1="%E3%81%9D%E3%81%BC%E3%82%8D%E4%B8%BC%E3%81%AF%E9%A4%85%E3%81%A4%E3%81%8D" /><V58/><F87/><W74/><G74/><T29/><D29/><U41/><E5/><V8/><F8/><W53/><G120/><T93/><D50/><U133/><E41/><V37/><F27/><W12/><G66/><T64/><D94/><U9/><E44/><V129/><F111/><W30/><G99/><AGARI ba="0,0" hai="11,14,18,54,56,57,61,62,64,81,82,93,99,103" machi="99" ten="40,1300,0" yaku="8,1" doraHai="16" who="0" fromWho="3" sc="250,13,250,0,260,0,240,-13" /><INIT seed="2,0,0,1,4,49" ten="263,250,260,227" oya="2" hai0="52,25,38,117,79,68,98,125,87,57,14,115,1" hai1="76,48,103,16,10,33,102,131,50,108,67,99,59" hai2="132,135,13,114,12,111,9,72,118,122,37,61,21" hai3="54,113,120,8,104,93,126,53,62,44,27,130,107"/><V71/><F72/><W134/><G120/><T15/><D115/><U35/><E108/><V91/><F37/><W42/><G126/><T105/><D125/><U127/><E127/><V46/><F122/><W6/><G130/><T66/><D38/><U41/><E131/><V124/><F124/><W43/><G134/><N who="2" m="51241" /><F91/><W89/><G113/><T11/><D1/><U23/><E10/><V78/><F78/><W39/><G27/><T83/><D117/><U3/><E3/><V34/><F46/><W17/><G17/><T47/><D68/><U119/><E119/><V32/><F71/><W97/><G43/><T106/><D106/><U5/><E5/><N who="2" m="3247" /><F61/><W112/><G112/><T73/><D73/><U128/><E128/><V129/><F129/><W110/><G110/><T75/><D75/><U30/><E103/><V123/><F123/><W90/><G90/><T65/><D25/><U24/><E76/><V88/><F114/><W0/><REACH who="3" step="1"/><G62/><REACH who="3" ten="263,250,260,217" step="2"/><T121/><D121/><U116/><E116/><V81/><F118/><W74/><G74/><T28/><D79/><U92/><E41/><V58/><F111/><W55/><AGARI ba="0,1" hai="0,6,8,39,42,44,53,54,55,89,93,97,104,107" machi="55" ten="30,8000,1" yaku="1,1,0,1,52,3,53,0" doraHai="49" doraHaiUra="29" who="3" fromWho="3" sc="263,-20,250,-20,260,-40,217,90" /><INIT seed="3,0,0,0,5,106" ten="243,230,220,307" oya="3" hai0="56,31,102,87,6,85,50,122,62,49,5,43,51" hai1="4,10,115,114,26,66,100,92,128,65,80,27,95" hai2="105,35,30,59,63,134,112,94,75,16,108,68,15" hai3="22,61,73,38,14,23,121,12,110,132,103,42,44"/><W21/><G121/><T48/><D122/><U28/><E128/><V25/><F112/><W69/><G132/><T109/><D109/><U52/><E80/><V81/><F105/><W40/><G40/><T67/><D102/><U86/><E86/><N who="0" m="32777" /><D31/><U13/><E100/><V76/><F108/><W107/><G110/><T104/><D104/><U7/><E28/><V129/><F129/><W88/><G73/><T53/><D43/><U113/><E13/><V99/><F68/><W116/><G88/><T79/><D79/><U8/><E115/><V55/><F134/><W89/><G89/><T64/><N who="0" m="12288" /><DORA hai="24" /><T29/><D29/><U32/><REACH who="1" step="1"/><E32/><REACH who="1" ten="243,220,220,307" step="2"/><V135/><F135/><W45/><G12/><T70/><D6/><U119/><E119/><V34/><F35/><W54/><G14/><T131/><D5/><U57/><E57/><V0/><F0/><W111/><G111/><T120/><D131/><U93/><E93/><V46/><F46/><W33/><G33/><T58/><D120/><U60/><E60/><V47/><F47/><W3/><G116/><T101/><D101/><U91/><E91/><V97/><REACH who="2" step="1"/><F94/><REACH who="2" ten="243,220,210,307" step="2"/><W41/><G3/><T82/><D82/><U130/><E130/><V98/><F98/><W18/><G44/><T127/><D70/><U20/><E20/><AGARI ba="0,2" hai="15,16,20,25,30,34,55,59,63,75,76,81,97,99" machi="20" ten="30,12000,2" yaku="1,1,7,1,52,2,54,1,53,1" doraHai="106,24" doraHaiUra="36,72" who="2" fromWho="1" sc="243,0,220,-120,210,140,307,0" /><INIT seed="4,0,0,1,5,110" ten="243,100,350,307" oya="0" hai0="40,75,99,97,53,87,45,135,127,46,81,43,82" hai1="92,117,84,106,112,78,39,125,61,12,58,62,44" hai2="50,52,129,86,94,85,124,109,90,16,66,89,113" hai3="35,132,10,13,6,22,88,2,114,105,29,19,68"/><T64/><D127/><U76/><E117/><V25/><F109/><W80/><G68/><T133/><D75/><U24/><E39/><V41/><F124/><W111/><G105/><T7/><D64/><U121/><E121/><V79/><F129/><W21/><G111/><T38/><D7/><U36/><E36/><V95/><F113/><W71/><G71/><T126/><D126/><U51/><E125/><V107/><F107/><W63/><G63/><T65/><D65/><U14/><E24/><V96/><F66/><W34/><G132/><N who="0" m="50763" /><D53/><U48/><E44/><V104/><F104/><W123/><G123/><T74/><D74/><U91/><E106/><V73/><F73/><W3/><G114/><T5/><D5/><U33/><E33/><N who="3" m="12298" /><G88/><N who="0" m="51311" /><D82/><U20/><E20/><N who="3" m="7786" /><G80/><T31/><D31/><U116/><E116/><V100/><F79/><W108/><G108/><T103/><D103/><U83/><E83/><V134/><F100/><W54/><G54/><T27/><D27/><U59/><E91/><V37/><F25/><W28/><G2/><T57/><D57/><U26/><E26/><V93/><F134/><W119/><G119/><T32/><D32/><U47/><E47/><N who="2" m="23983" /><F86/><W77/><G77/><T122/><D122/><U67/><E67/><V15/><F90/><W56/><G56/><T4/><D4/><U18/><E112/><V72/><F72/><W98/><G98/><T11/><D11/><AGARI ba="0,0" hai="3,6,10,11,13,19,28,29" m="7786,12298" machi="11" ten="30,8000,1" yaku="35,5" doraHai="110" who="3" fromWho="0" sc="243,-80,100,0,350,0,307,80" /><INIT seed="5,0,0,1,0,9" ten="163,100,350,387" oya="1" hai0="130,33,100,51,114,132,78,49,2,37,23,11,20" hai1="44,88,56,45,42,24,61,73,82,102,38,125,7" hai2="17,62,99,50,135,133,67,26,80,107,13,127,34" hai3="35,16,111,79,108,109,27,76,116,105,40,124,94"/><U117/><E117/><V54/><F80/><W120/><G120/><T85/><D37/><U10/><E125/><V96/><F26/><W103/><G105/><T74/><D114/><U128/><E102/><V131/><F34/><W8/><G116/><T64/><D130/><U115/><E115/><V19/><F19/><W81/><G40/><T12/><D132/><N who="2" m="50762" /><F107/><W70/><G70/><T4/><D100/><U77/><E128/><V32/><F32/><W87/><G124/><T15/><D74/><U39/><E39/><V119/><F119/><W72/><G79/><T129/><D129/><U3/><E45/><N who="2" m="27983" /><F127/><W101/><G35/><T113/><D113/><U31/><E31/><V121/><F121/><W104/><G104/><T98/><D98/><U30/><E30/><V48/><F48/><W14/><REACH who="3" step="1"/><G27/><REACH who="3" ten="163,100,350,377" step="2"/><T83/><D64/><N who="1" m="38951" /><E24/><V118/><F118/><W18/><G18/><T106/><D33/><U91/><AGARI ba="0,1" hai="3,7,10,38,42,44,73,77,82,88,91" m="38951" machi="91" ten="30,3000,0" yaku="25,1,54,1" doraHai="9" who="1" fromWho="1" sc="163,-10,100,40,350,-10,377,-10" /><INIT seed="5,1,0,2,2,96" ten="153,140,340,367" oya="1" hai0="132,114,95,124,4,77,30,133,60,1,73,18,16" hai1="37,12,25,28,59,88,31,98,109,13,116,101,32" hai2="112,2,45,82,100,115,34,70,119,17,58,79,36" hai3="40,29,134,72,68,105,10,120,69,53,5,86,97"/><U26/><E116/><V122/><F119/><W128/><G72/><T118/><D118/><U38/><E109/><V80/><F70/><W11/><G120/><T110/><D110/><U92/><E38/><V102/><F122/><W84/><G40/><T74/><D114/><N who="2" m="43562" /><F34/><W39/><G39/><T3/><D30/><U125/><E37/><V46/><F2/><N who="0" m="522" /><D95/><U64/><E125/><V43/><F46/><W90/><G134/><N who="0" m="51819" /><D77/><U126/><E126/><V117/><F117/><W14/><G128/><T89/><D89/><U24/><E32/><V22/><F58/><W81/><G29/><T111/><D111/><U23/><E26/><N who="2" m="14671" /><F82/><W33/><G33/><T107/><D107/><U65/><E65/><V108/><F108/><W104/><G104/><T121/><D121/><U27/><E27/><V48/><F36/><W56/><G69/><T20/><D4/><U85/><E25/><V9/><F9/><W123/><G11/><T50/><D50/><U83/><E31/><V131/><F131/><W106/><G68/><T0/><N who="0" m="530" /><T7/><DORA hai="21" /><D7/><U57/><E57/><V66/><F66/><W47/><G47/><T49/><D49/><U94/><E83/><V113/><N who="2" m="43570" /><V52/><DORA hai="41" /><F43/><W44/><G44/><T91/><D124/><U54/><E64/><V87/><AGARI ba="1,0" hai="45,48,52,79,80,87,100,102" m="14671,43570" machi="87" ten="40,12000,2" yaku="15,1,11,1,52,4,54,1" doraHai="96,21,41" who="2" fromWho="2" sc="153,-31,140,-61,340,123,367,-31" /><INIT seed="6,0,0,1,2,14" ten="122,79,463,336" oya="2" hai0="92,96,65,36,60,121,129,108,79,107,101,75,6" hai1="23,43,131,51,71,50,88,97,78,74,58,118,122" hai2="105,63,16,0,31,11,123,4,81,113,106,37,127" hai3="52,87,15,19,100,2,44,91,5,128,48,103,28"/><V86/><F123/><W30/><G128/><T70/><D36/><U66/><E122/><V130/><F31/><W13/><G2/><T45/><D121/><U24/><E118/><V134/><F37/><W59/><G5/><T89/><D108/><U10/><E131/><V42/><F130/><W102/><G15/><T114/><D114/><U99/><E71/><V12/><F42/><W67/><G67/><T38/><D129/><U82/><E50/><V115/><F63/><W57/><G57/><T85/><D6/><U18/><E10/><V49/><F134/><W41/><G41/><T126/><D126/><U22/><E43/><V54/><F127/><W111/><G111/><T124/><D124/><U62/><E51/><V26/><F26/><W73/><G73/><T35/><D35/><U98/><E98/><V112/><F0/><W133/><G133/><T17/><D38/><U120/><E120/><V1/><F1/><W29/><G29/><T95/><D95/><U68/><E68/><V32/><F32/><W125/><G125/><T20/><D45/><U119/><E119/><V132/><F4/><W61/><G61/><T135/><D135/><U84/><REACH who="1" step="1"/><E23/><REACH who="1" ten="122,69,463,336" step="2"/><V109/><F132/><W83/><G59/><T33/><D33/><U93/><AGARI ba="0,1" hai="18,22,24,58,62,66,74,78,82,84,88,93,97,99" machi="93" ten="20,12000,2" yaku="1,1,2,1,0,1,7,1,52,1,54,1,53,1" doraHai="14" doraHaiUra="56" who="1" fromWho="1" sc="122,-30,69,130,463,-60,336,-30" /><INIT seed="7,0,0,5,4,117" ten="92,199,403,306" oya="3" hai0="53,35,38,34,42,94,129,24,85,50,113,29,37" hai1="78,64,106,17,90,40,74,61,88,76,6,56,107" hai2="68,115,119,58,108,36,51,123,91,48,4,11,69" hai3="116,71,70,80,26,32,65,46,120,101,47,30,97"/><W41/><G116/><T9/><D113/><U39/><E39/><V18/><F36/><W73/><G47/><T43/><D129/><U133/><E133/><V111/><F18/><W27/><G27/><T110/><D110/><U105/><E6/><V12/><F91/><W59/><G59/><T7/><D34/><U33/><E33/><V67/><F115/><W31/><G31/><T72/><D72/><U93/><E74/><V103/><F103/><W118/><G118/><T13/><D37/><U81/><E40/><V77/><F77/><W21/><G21/><T124/><D38/><U14/><E76/><V57/><F58/><W82/><G46/><T8/><D124/><U60/><E60/><V49/><F119/><W19/><G19/><T54/><D54/><U98/><E90/><V15/><F15/><W44/><G73/><T79/><D79/><U125/><E125/><V89/><F89/><W134/><G134/><T28/><D29/><U55/><E64/><V0/><F12/><W121/><G44/><T23/><D35/><U135/><E135/><V45/><F45/><W22/><G32/><T122/><D122/><N who="3" m="47209" /><G41/><T114/><D114/><U5/><E5/><V83/><F123/><W109/><G109/><T52/><D53/><U126/><E126/><V100/><F111/><W1/><G1/><T102/><D8/><U62/><E62/><N who="2" m="38351" /><F108/><W92/><G71/><T132/><D132/><U2/><E2/><V131/><F69/><W127/><G127/><T96/><REACH who="0" step="1"/><D85/><REACH who="0" ten="82,199,403,306" step="2"/><N who="1" m="48311" /><E17/><V84/><F68/><W63/><G70/><T87/><D87/><U20/><E20/><RYUUKYOKU ba="0,1" sc="82,10,199,10,403,-30,306,10" hai0="7,9,13,23,24,28,42,43,50,52,94,96,102" hai1="14,55,56,61,88,93,98,105,106,107" hai3="22,26,30,63,65,80,82,92,97,101" /><INIT seed="7,1,1,3,2,97" ten="92,209,373,316" oya="3" hai0="35,4,61,108,46,131,62,83,76,104,105,79,93" hai1="69,54,107,36,87,103,72,2,11,134,22,43,101" hai2="114,32,45,60,6,27,75,106,99,23,38,14,122" hai3="88,34,86,126,132,24,95,66,0,133,28,129,73"/><W40/><G0/><T116/><D35/><U12/><E134/><N who="3" m="51818" /><G73/><T84/><D108/><U39/><E2/><V25/><F60/><W56/><G129/><T118/><D131/><U48/><E69/><V74/><F27/><W130/><G130/><T65/><D4/><U17/><E72/><V1/><F114/><W119/><G119/><T70/><D46/><U41/><E107/><V59/><F59/><W18/><G40/><T3/><D3/><U90/><E39/><V42/><F122/><W120/><G120/><T30/><D30/><U31/><E36/><V15/><F15/><W110/><G126/><T26/><D26/><U44/><E43/><V113/><F14/><W124/><G124/><T123/><D123/><U21/><E41/><V9/><F113/><W49/><G110/><T63/><D70/><U117/><E117/><N who="0" m="45161" /><D65/><U94/><E22/><V13/><F13/><W5/><G5/><T81/><D93/><U96/><E31/><N who="2" m="19567" /><F23/><W20/><G34/><T58/><D58/><U51/><E21/><V7/><F7/><W125/><G125/><T115/><D115/><U29/><E29/><V100/><AGARI ba="1,1" hai="1,6,9,38,42,45,74,75,99,100,106" m="19567" machi="100" ten="30,4000,0" yaku="33,2,52,1" doraHai="97" who="2" fromWho="2" sc="92,-11,209,-11,373,53,316,-21" owari="81,-41.9,198,-20.2,426,52.6,295,9.5" /></mjloggm>