<mjloggm ver="2.3"><GO type="41" lobby="0"/><UN n0="%E3%82%AD%E3%83%AB%E3%83%90%E3%83%BC%E3%83%9F%E3%82%A2%E3%83%B3" n1="%E2%93%9D%4C%75%63%6B%79%4A" n2="%E3%82%B9%E3%83%91%E3%83%8A%E5%B0%8F%E6%9E%97" n3="%48%49%52%4F%53%49%4E" dan="14,17,13,13" rate="1933.89,2157.46,1889.84,1904.19" sx="M,M,M,M"/><TAIKYOKU oya="0"/><INIT seed="0,0,0,4,0,21" ten="250,250,250,250" oya="0" hai0="88,31,13,14,119,98,42,101,37,1,23,49,8" hai1="3,83,96,130,134,71,118,16,92,44,20,126,111" hai2="12,9,56,76,36,6,4,47,63,38,115,50,61" hai3="60,135,59,81,70,2,86,85,89,64,112,66,106"/><T109/><D119/><U103/><E118/><V94/><F115/><W67/><G2/><T84/><D37/><U110/><E3/><V80/><F63/><W87/><G106/><T117/><D117/><U22/><E71/><V122/><F4/><W108/><G112/><T28/><D1/><U78/><E126/><V52/><F122/><W72/><G72/><T41/><D49/><U34/><E34/><V124/><F94/><W131/><G108/><N who="1" m="41514" /><E22/><V113/><F124/><W10/><G10/><T68/><D68/><U129/><E44/><V99/><F99/><W132/><G131/><N who="1" m="50186" /><E134/><N who="3" m="51242" /><G70/><T25/><D31/><U91/><E20/><V127/><F127/><W26/><G26/><T121/><D121/><U7/><E7/><V40/><F113/><W79/><G79/><T73/><D109/><U93/><E16/><V51/><F61/><W105/><G105/><T29/><D29/><U95/><E103/><V114/><F114/><W128/><G128/><T74/><D14/><U0/><E0/><V53/><F53/><AGARI ba="0,0" hai="53,59,60,64,66,67,81,85,86,87,89" m="51242" machi="53" ten="30,1000,0" yaku="20,1" doraHai="21" who="3" fromWho="2" sc="250,0,250,0,250,-10,250,10" /><INIT seed="1,0,0,1,1,43" ten="250,250,240,260" oya="1" hai0="104,84,126,35,41,55,119,9,24,79,108,11,130" hai1="102,97,54,58,21,125,107,76,77,90,3,106,4" hai2="69,110,112,73,47,105,101,72,63,13,49,80,57" hai3="46,62,135,120,123,16,56,44,23,40,114,17,52"/><U66/><E66/><V61/><F112/><W113/><G135/><T111/><D119/><U38/><E38/><V59/><F69/><W64/><G114/><T14/><D104/><U91/><E3/><V98/><F110/><N who="0" m="42026" /><D126/><U39/><E39/><V71/><F80/><W129/><G113/><T118/><D118/><U18/><E4/><V75/><F13/><W103/><G103/><T89/><D79/><U124/><E107/><V95/><F105/><W2/><G2/><T115/><D115/><U51/><E77/><V131/><F131/><W22/><G129/><T82/><D55/><U37/><E37/><V74/><N who="2" m="18432" /><DORA hai="85" /><V96/><F96/><W33/><G33/><T19/><D41/><U25/><REACH who="1" step="1"/><E76/><REACH who="1" ten="250,240,240,260" step="2"/><V60/><REACH who="2" step="1"/><F71/><REACH who="2" ten="250,240,230,260" step="2"/><W30/><G123/><T50/><D130/><U83/><E83/><V42/><AGARI ba="0,2" hai="42,47,49,57,59,60,61,63,95,98,101" m="18432" machi="42" ten="60,8000,1" yaku="1,1,2,1,0,1,52,1,53,0" doraHai="43,85" doraHaiUra="7,10" who="2" fromWho="2" sc="250,-20,240,-40,230,100,260,-20" /><INIT seed="2,0,0,5,3,131" ten="230,200,330,240" oya="2" hai0="104,50,113,127,86,32,63,3,38,133,108,101,110" hai1="93,67,100,125,114,87,78,22,74,43,46,20,60" hai2="69,89,5,75,0,28,88,21,117,11,73,132,13" hai3="31,70,109,103,106,107,99,14,44,84,49,33,91"/><V112/><F112/><W81/><G70/><T95/><D32/><U97/><E114/><V66/><F117/><W82/><G33/><T30/><D3/><U39/><E125/><V2/><F2/><W35/><G35/><T15/><D30/><U61/><E61/><V42/><F42/><W130/><G31/><T115/><D38/><U27/><E74/><V36/><F75/><W29/><G29/><T129/><D63/><U41/><E43/><V10/><F73/><W26/><G26/><T54/><D15/><U85/><E78/><V102/><F102/><W123/><G123/><T64/><D64/><U4/><E4/><V79/><F79/><W72/><G130/><T96/><D129/><U1/><E1/><V51/><F51/><W68/><G68/><T52/><D127/><U94/><E94/><V118/><F118/><W40/><G109/><N who="0" m="42091" /><D54/><U34/><E34/><V92/><F36/><W19/><G72/><T83/><D104/><U116/><E116/><V48/><F48/><W47/><G44/><N who="0" m="27719" /><D133/><U23/><REACH who="1" step="1"/><E27/><REACH who="1" ten="230,190,330,240" step="2"/><V12/><F0/><W71/><G71/><AGARI ba="0,1" hai="20,22,23,39,41,46,60,67,71,85,87,93,97,100" machi="71" ten="40,2600,0" yaku="1,1,2,1,53,0" doraHai="131" doraHaiUra="126" who="1" fromWho="3" sc="230,0,190,36,330,0,240,-26" /><INIT seed="3,0,0,5,2,60" ten="230,226,330,214" oya="3" hai0="32,24,87,83,23,119,14,9,18,5,36,76,46" hai1="103,113,27,102,59,67,118,71,109,94,26,11,65" hai2="73,63,130,53,17,88,43,7,127,38,51,44,31" hai3="111,66,112,114,85,25,16,69,123,124,82,0,41"/><W6/><G123/><T97/><D119/><U34/><E71/><V122/><F73/><W22/><G41/><T49/><D36/><U89/><E113/><V62/><F127/><W61/><G124/><T19/><D97/><U80/><E34/><V70/><F130/><W91/><REACH who="3" step="1"/><G111/><REACH who="3" ten="230,226,330,204" step="2"/><T39/><D39/><U12/><E109/><V90/><F43/><W84/><G84/><T78/><D32/><U121/><E121/><V3/><F38/><W115/><G115/><T37/><D37/><U131/><E131/><V68/><F122/><W54/><G54/><N who="0" m="30007" /><D76/><U106/><E118/><V129/><F53/><W105/><G105/><T95/><D95/><U55/><E94/><V45/><F129/><W50/><G50/><T100/><D100/><U8/><E103/><V10/><F51/><W52/><G52/><T86/><D87/><U29/><E102/><V104/><F104/><W72/><G72/><T30/><AGARI ba="0,1" hai="5,9,14,18,19,23,24,30,78,83,86" m="30007" machi="30" ten="30,1100,0" yaku="8,1" doraHai="60" who="0" fromWho="0" sc="230,21,226,-3,330,-3,204,-5" /><INIT seed="4,0,0,2,0,62" ten="251,223,327,199" oya="0" hai0="7,100,126,57,32,59,87,49,106,6,42,128,79" hai1="16,111,28,91,118,127,124,34,61,85,44,83,76" hai2="4,29,129,20,81,41,135,121,50,95,12,99,37" hai3="74,105,39,40,43,60,63,116,117,45,77,69,133"/><T58/><D32/><U75/><E118/><V96/><F121/><W104/><G43/><T48/><D126/><U3/><E3/><V90/><F135/><W130/><G63/><T94/><D128/><U24/><E111/><V73/><F37/><W56/><G56/><T22/><D106/><U114/><E114/><V15/><F129/><W26/><G26/><T17/><D100/><U0/><E0/><V19/><F29/><W110/><G130/><T10/><D42/><U67/><E44/><V93/><F81/><N who="3" m="45239" /><G110/><T46/><D46/><U64/><E61/><V13/><F73/><W131/><G131/><T38/><D38/><U71/><E71/><V18/><F4/><N who="0" m="1578" /><D10/><U120/><E120/><V101/><F19/><W55/><G55/><T51/><D48/><U70/><E70/><V86/><F99/><W98/><G133/><T47/><D47/><AGARI ba="0,0" hai="12,13,15,18,20,41,47,50,86,90,93,95,96,101" machi="47" ten="40,1300,0" yaku="8,1" doraHai="62" who="2" fromWho="0" sc="251,-13,223,0,327,13,199,0" /><INIT seed="5,0,0,3,0,73" ten="238,223,340,199" oya="1" hai0="27,48,105,93,25,49,51,75,101,2,95,37,44" hai1="102,100,4,12,6,125,115,50,129,58,14,60,77" hai2="53,26,32,130,131,31,118,71,35,65,135,128,121" hai3="3,38,92,34,117,70,79,29,17,18,40,76,5"/><U91/><E125/><V30/><F118/><W111/><G70/><T84/><D75/><U132/><E132/><V106/><F106/><W72/><G111/><T16/><D2/><U124/><E124/><V9/><F135/><W103/><G117/><T114/><D114/><U113/><E91/><V59/><F121/><W96/><G72/><T23/><D105/><U33/><E50/><V89/><F9/><W99/><G99/><T119/><D119/><U42/><E42/><V110/><F110/><W97/><G97/><N who="0" m="59567" /><D37/><U47/><E47/><V55/><F89/><W22/><G34/><T43/><D27/><U1/><E1/><V36/><F36/><W63/><G63/><T123/><D123/><U46/><E46/><V45/><F45/><W64/><G64/><T87/><D87/><U83/><E129/><V85/><F85/><W98/><G98/><T56/><D56/><U28/><E33/><V74/><F74/><W109/><G109/><T94/><D94/><U104/><E104/><V82/><F71/><W19/><G40/><T24/><D25/><U133/><E133/><V127/><F26/><N who="3" m="16599" /><G38/><T86/><D86/><N who="1" m="48495" /><E115/><V13/><F127/><W126/><G126/><T11/><D11/><N who="1" m="4471" /><E113/><V120/><F35/><W7/><G3/><T112/><D112/><U61/><E28/><V116/><F32/><W88/><G103/><N who="1" m="39466" /><E58/><V10/><F116/><W67/><G67/><T21/><D21/><U57/><E57/><V0/><F120/><W15/><G15/><T54/><D43/><U68/><E68/><V108/><F0/><W107/><G107/><T134/><D134/><RYUUKYOKU ba="0,0" sc="238,10,223,10,340,-30,199,10" hai0="16,23,24,44,48,49,51,54,84,95" hai1="4,12,60,61" hai3="5,7,17,18,19,76,79,88,92,96" /><INIT seed="5,1,0,4,4,85" ten="248,233,310,209" oya="1" hai0="74,47,93,115,52,106,30,64,10,82,20,75,117" hai1="116,128,69,19,72,8,37,1,27,41,9,58,113" hai2="119,101,67,125,45,56,59,97,33,50,105,25,95" hai3="110,34,84,123,53,57,88,26,11,92,126,90,42"/><U99/><E69/><V86/><F119/><W134/><G110/><T130/><D117/><U81/><E116/><V18/><F125/><W121/><G126/><T3/><D106/><U13/><E113/><V22/><F33/><W36/><G36/><T49/><D64/><U96/><E128/><V40/><F67/><W118/><G118/><T65/><D65/><U35/><E58/><V104/><F104/><W15/><G42/><T16/><D115/><U0/><E72/><V32/><F32/><W94/><G134/><T83/><D30/><U61/><E61/><V103/><F103/><W23/><G34/><T39/><D39/><U48/><E81/><V29/><F29/><N who="3" m="17631" /><G121/><T68/><D68/><U78/><E78/><V21/><F21/><W79/><G79/><T132/><D132/><U17/><E37/><V70/><F70/><W73/><G73/><T14/><D130/><U63/><E63/><V6/><F6/><N who="3" m="3575" /><G123/><T38/><D38/><U5/><E1/><V114/><F114/><W7/><G7/><T98/><D74/><U111/><E111/><V135/><F135/><W80/><G80/><T71/><D75/><U133/><E133/><V66/><F66/><W51/><G84/><T46/><D71/><U112/><E112/><V107/><F107/><W43/><G43/><T28/><D3/><U87/><E87/><V12/><F86/><W122/><G122/><T129/><D129/><U24/><E35/><V62/><F105/><W100/><G94/><T44/><D83/><U2/><E2/><V89/><F95/><W31/><G31/><T91/><D82/><RYUUKYOKU ba="1,0" sc="248,15,233,-15,310,-15,209,15" hai0="10,14,16,20,28,44,46,47,49,52,91,93,98" hai3="51,53,57,88,90,92,100" /><INIT seed="6,2,0,2,0,14" ten="263,218,295,224" oya="2" hai0="93,26,41,124,69,83,132,62,44,67,66,23,74" hai1="100,109,21,89,48,121,122,57,19,87,37,2,75" hai2="120,7,97,85,34,9,47,113,11,3,4,102,68" hai3="129,79,30,77,38,18,116,88,106,17,90,126,108"/><V91/><F120/><N who="1" m="46185" /><E75/><V73/><F73/><W92/><G38/><T10/><D124/><U111/><E100/><V135/><F113/><W101/><G106/><T72/><D132/><U94/><E2/><V27/><F135/><W78/><G108/><T127/><D127/><U8/><E8/><V15/><F68/><W107/><G107/><T130/><D130/><U16/><E37/><V76/><F76/><W104/><G104/><T134/><D134/><U64/><E21/><V39/><F27/><W58/><G126/><T55/><D10/><U61/><E48/><V1/><F34/><W52/><G129/><T49/><D67/><U123/><N who="1" m="46193" /><U60/><DORA hai="110" /><E61/><V114/><F114/><W36/><G36/><T53/><D93/><U50/><E50/><V70/><F70/><W32/><G32/><T46/><D72/><U65/><E65/><V25/><F39/><W24/><G116/><T103/><D103/><U117/><E117/><V0/><F47/><W81/><G81/><T51/><D41/><U40/><E40/><V35/><F35/><W125/><G125/><T43/><D43/><U128/><E128/><V99/><F25/><W59/><G59/><T45/><D74/><U42/><E42/><V71/><F71/><W56/><G56/><T63/><D63/><U105/><E105/><V6/><F102/><W33/><G101/><T29/><REACH who="0" step="1"/><D83/><REACH who="0" ten="253,218,295,224" step="2"/><U84/><E111/><V13/><F0/><W86/><REACH who="3" step="1"/><G90/><REACH who="3" ten="253,218,295,214" step="2"/><T82/><D82/><N who="1" m="49399" /><E109/><V12/><F3/><W112/><G112/><T115/><D115/><U95/><E95/><N who="2" m="54767" /><F1/><W31/><G31/><RYUUKYOKU ba="2,2" sc="253,0,218,0,295,0,214,0" hai0="23,26,29,44,45,46,49,51,53,55,62,66,69" hai1="16,19,57,60,64,84,94" hai2="4,6,7,9,11,12,13,15,97,99" hai3="17,18,24,30,33,52,58,77,78,79,86,88,92" /><INIT seed="6,3,2,0,0,121" ten="253,218,295,214" oya="2" hai0="30,112,94,65,86,74,41,12,34,89,84,53,68" hai1="85,73,48,9,21,135,101,127,96,17,23,25,54" hai2="115,8,62,11,60,29,50,123,24,64,108,125,22" hai3="14,56,93,20,61,122,15,0,107,40,118,32,5"/><V106/><F123/><W134/><G122/><T131/><D112/><U71/><E73/><V87/><F115/><W104/><G32/><T103/><D74/><U72/><E72/><V63/><F106/><W109/><G118/><T133/><D133/><U69/><E135/><V31/><F125/><W80/><G0/><T28/><D131/><U130/><E130/><V99/><F64/><W2/><G2/><T97/><D41/><U51/><E51/><V52/><F99/><W124/><G134/><T3/><D3/><U37/><E37/><V120/><F108/><W35/><G35/><T55/><D34/><U59/><E9/><N who="2" m="3659" /><F87/><W82/><G5/><T19/><D84/><U47/><E127/><V4/><F4/><W38/><G124/><T49/><D55/><U100/><E101/><V76/><F76/><W78/><G109/><T66/><D68/><U1/><E1/><V90/><F90/><W113/><G113/><T98/><D98/><U46/><E71/><V128/><F128/><W44/><G93/><N who="0" m="54455" /><D65/><U18/><E69/><V33/><F33/><W79/><G104/><T16/><D66/><U110/><E85/><V75/><F75/><N who="3" m="43103" /><G107/><T92/><D94/><N who="1" m="58391" /><E110/><V88/><F88/><W116/><G116/><T42/><D42/><U10/><E10/><V43/><F43/><W83/><G20/><N who="0" m="11271" /><D19/><U119/><E119/><V6/><F6/><W105/><G105/><T111/><D111/><U39/><E39/><V77/><F77/><W45/><G79/><T36/><D36/><U129/><E129/><V81/><F120/><W91/><G38/><T58/><AGARI ba="3,2" hai="28,30,49,53,58,92,97,103" m="11271,54455" machi="58" ten="30,7900,0" yaku="5,1,25,1,8,1,54,1" doraHai="121" who="0" fromWho="0" sc="253,108,218,-23,295,-42,214,-23" /><INIT seed="7,0,0,4,2,80" ten="361,195,253,191" oya="3" hai0="6,65,12,91,85,115,73,76,78,112,31,19,84" hai1="52,4,23,54,25,66,87,47,104,102,109,55,125" hai2="100,11,30,56,69,40,118,133,93,94,75,16,98" hai3="15,96,5,127,44,130,119,111,90,39,82,27,1"/><W38/><G119/><T28/><D65/><U37/><E109/><V113/><F69/><W34/><G1/><T107/><D107/><U92/><E104/><V122/><F75/><W116/><G116/><T49/><D6/><U131/><E131/><V21/><F40/><W105/><G130/><T57/><D73/><U128/><E128/><V42/><F42/><W126/><G111/><T88/><D49/><U101/><E66/><V13/><F122/><W110/><G110/><T67/><D57/><U124/><E4/><V61/><F113/><N who="0" m="43594" /><D67/><U95/><E47/><V46/><F46/><W59/><G59/><T71/><D71/><U43/><E43/><V108/><F133/><W77/><G44/><T35/><D35/><U134/><E37/><V83/><F56/><W10/><G34/><T20/><D31/><N who="1" m="17855" /><E134/><V86/><F61/><W63/><G63/><T74/><D28/><U45/><E45/><V103/><F30/><W22/><G39/><T7/><D7/><U33/><E33/><V114/><F118/><W18/><G38/><T2/><D74/><U32/><E32/><V135/><F135/><W36/><G36/><T129/><D2/><U26/><E26/><V50/><F108/><W3/><G3/><T9/><D9/><U17/><E17/><V41/><F41/><W0/><G0/><T58/><D58/><U72/><E72/><V99/><F114/><W132/><G132/><T97/><D129/><U121/><E121/><V106/><F106/><W60/><G60/><T68/><D68/><U117/><E117/><V24/><F50/><W29/><G105/><RYUUKYOKU ba="0,0" sc="361,0,195,0,253,0,191,0" owari="361,46.1,195,-20.5,253,5.3,191,-30.9" /></mjloggm>