<mjloggm ver="2.3"><GO type="41" lobby="0"/><UN n0="%E2%93%9D%4C%75%63%6B%79%4A" n1="%42%72%75%73%73%65%6C%73" n2="%41%E7%9F%B3%E6%A9%8B" n3="%E3%83%AF%E3%83%8A%E3%81%A1%E3%82%83%E3%82%93" dan="18,14,15,14" rate="2170.01,1978.01,2087.30,2023.86" sx="M,M,M,M"/><TAIKYOKU oya="0"/><INIT seed="0,0,0,0,5,70" ten="250,250,250,250" oya="0" hai0="43,9,90,84,14,16,55,77,110,118,28,69,104" hai1="109,1,17,122,127,45,65,132,60,102,58,73,38" hai2="107,44,97,32,130,105,2,56,86,99,39,29,133" hai3="125,119,61,24,89,63,75,94,111,103,6,81,19"/><T50/><D118/><U96/><E109/><V22/><F2/><W87/><G119/><T35/><D69/><U71/><E122/><V46/><F32/><W33/><G111/><T30/><D110/><U101/><E1/><V4/><F133/><W37/><G6/><T40/><D104/><U52/><E132/><V27/><F130/><W0/><G0/><T67/><D67/><U53/><E73/><V120/><F120/><W78/><G37/><T114/><D77/><U21/><E127/><V82/><F4/><W5/><G5/><T91/><D91/><U79/><E79/><V36/><F56/><W121/><G121/><T112/><D114/><U48/><E96/><V74/><F74/><W135/><G135/><T41/><D35/><U83/><E83/><V108/><F108/><W93/><G125/><T95/><REACH who="0" step="1"/><D112/><REACH who="0" ten="240,250,250,250" step="2"/><U134/><E134/><V80/><F107/><W49/><G33/><T88/><D88/><U42/><REACH who="1" step="1"/><E53/><REACH who="1" ten="240,240,250,250" step="2"/><V62/><F105/><W76/><G78/><T117/><D117/><U34/><E34/><V25/><F82/><W128/><G81/><T64/><D64/><U18/><E18/><V59/><F80/><W113/><G76/><T10/><D10/><U54/><E54/><V12/><F86/><W100/><G87/><T13/><D13/><AGARI ba="0,2" hai="13,17,21,38,42,45,48,52,58,60,65,71,101,102" machi="13" ten="30,12000,2" yaku="1,1,7,1,24,2,52,1,54,1,53,1" doraHai="70" doraHaiUra="57" who="1" fromWho="0" sc="240,-120,240,140,250,0,250,0" /><INIT seed="1,0,0,0,2,76" ten="120,380,250,250" oya="1" hai0="18,20,47,111,98,38,59,96,103,27,117,112,2" hai1="22,33,49,114,135,9,1,66,104,129,11,108,39" hai2="88,21,85,94,14,109,58,0,119,102,131,57,34" hai3="128,70,116,55,54,78,120,72,92,43,101,122,97"/><U134/><E114/><V95/><F119/><W42/><G70/><T65/><D112/><U19/><E39/><V132/><F34/><W91/><G116/><T44/><D117/><U81/><E104/><V53/><F0/><W41/><G128/><T4/><D111/><U24/><E129/><V84/><F131/><W63/><G122/><T90/><D38/><U67/><E108/><V123/><F123/><W68/><G120/><T46/><D2/><U29/><E49/><V115/><F115/><W69/><G101/><T60/><D4/><N who="1" m="1167" /><E81/><V107/><F109/><W64/><REACH who="3" step="1"/><G68/><REACH who="3" ten="120,380,250,240" step="2"/><T74/><D103/><U16/><E67/><V30/><F102/><W31/><G31/><T45/><N who="0" m="11264" /><DORA hai="7" /><T71/><D71/><U86/><E66/><V89/><F30/><W6/><G6/><T32/><D65/><U121/><E121/><V8/><F107/><W118/><G118/><T80/><D32/><U17/><E33/><V99/><F132/><N who="1" m="50729" /><E86/><V106/><F106/><W50/><G50/><T37/><D37/><U35/><E35/><V133/><F133/><W10/><G10/><AGARI ba="0,1" hai="10,11,16,17,19,22,24,29" m="50729,1167" machi="10" ten="30,18000,2" yaku="20,1,34,2,52,3,54,1" doraHai="76,7" who="1" fromWho="3" sc="120,0,380,190,250,0,240,-180" /><INIT seed="1,1,0,2,5,92" ten="120,570,250,60" oya="1" hai0="43,10,77,60,20,53,23,133,102,24,81,18,55" hai1="68,5,114,112,101,88,16,27,104,72,111,108,34" hai2="56,7,49,126,127,74,89,35,85,87,50,9,116" hai3="39,51,58,37,12,64,125,109,29,110,121,6,131"/><U66/><E72/><V135/><F74/><W13/><G121/><T86/><D133/><U26/><E66/><V21/><F116/><W130/><G29/><T65/><D43/><U83/><E68/><V95/><F35/><W59/><G6/><T100/><D10/><U28/><E5/><V67/><F135/><W17/><G17/><T32/><D32/><U124/><E124/><N who="2" m="47659" /><F21/><W80/><G80/><T99/><D102/><U45/><E45/><V46/><F87/><W76/><G76/><T91/><D23/><N who="1" m="13671" /><E101/><V120/><F120/><W103/><G103/><T44/><D44/><U70/><E70/><V97/><F85/><W113/><G51/><T33/><D33/><U61/><E61/><N who="2" m="38311" /><F46/><W119/><G119/><T79/><D79/><U84/><E104/><V93/><F93/><W123/><G125/><T73/><D73/><U14/><E14/><AGARI ba="1,0" hai="7,9,14,49,50,89,95,97" m="38311,47659" machi="14" ten="30,2000,0" yaku="18,1,52,1" doraHai="92" who="2" fromWho="1" sc="120,0,570,-23,250,23,60,0" /><INIT seed="2,0,0,5,3,58" ten="120,547,273,60" oya="2" hai0="29,103,74,48,1,22,128,76,44,30,64,43,63" hai1="55,77,38,89,72,35,82,75,86,129,88,26,106" hai2="54,18,11,85,33,52,131,114,39,124,108,113,15" hai3="28,121,25,107,84,67,80,16,90,45,95,104,12"/><V132/><F39/><W87/><G121/><T50/><D1/><U56/><E38/><V23/><F33/><W71/><G45/><T123/><D123/><U60/><E106/><V94/><F131/><W49/><G49/><T21/><D128/><U34/><E129/><V7/><F132/><W111/><G111/><T134/><D134/><U40/><E40/><V91/><F124/><W46/><G46/><T101/><D76/><U133/><E133/><V120/><F120/><W96/><G87/><T102/><D74/><U122/><E122/><V112/><REACH who="2" step="1"/><F108/><REACH who="2" ten="120,547,263,60" step="2"/><W17/><G67/><T127/><D127/><U13/><E35/><V70/><F70/><W62/><G71/><T59/><REACH who="0" step="1"/><D50/><REACH who="0" ten="110,547,263,60" step="2"/><U73/><REACH who="1" step="1"/><E13/><AGARI ba="0,2" hai="7,11,13,15,18,23,52,54,85,91,94,112,113,114" machi="13" ten="40,3900,0" yaku="1,1,54,1,53,0" doraHai="58" doraHaiUra="42" who="2" fromWho="1" sc="110,0,547,-39,263,59,60,0" /><INIT seed="2,1,0,5,1,4" ten="110,508,322,60" oya="2" hai0="8,86,3,35,31,106,65,48,111,84,23,7,93" hai1="124,42,5,41,81,115,95,58,21,27,36,16,60" hai2="107,75,117,14,43,18,46,101,114,12,0,116,10" hai3="70,109,85,82,123,44,72,51,19,1,62,59,15"/><V80/><F114/><W79/><G123/><T66/><D106/><U122/><E122/><V73/><F0/><W2/><G109/><T47/><D35/><U119/><E115/><V103/><F101/><W131/><G70/><T135/><D111/><U38/><E119/><V121/><F121/><W92/><G131/><T22/><D135/><U56/><E124/><V102/><F107/><W125/><G125/><T9/><D3/><U97/><E81/><V113/><F113/><W77/><G92/><T83/><D7/><U34/><E34/><V32/><F32/><W89/><G72/><T110/><D110/><U104/><E104/><V105/><F105/><W76/><G1/><T55/><D93/><U68/><E68/><V52/><F52/><W74/><G2/><T88/><D86/><U6/><E38/><V33/><F33/><W118/><G118/><T24/><REACH who="0" step="1"/><D23/><REACH who="0" ten="100,508,322,60" step="2"/><U94/><E5/><V90/><F117/><W45/><G74/><T134/><D134/><U130/><E6/><V28/><F116/><W11/><REACH who="3" step="1"/><G51/><REACH who="3" ten="100,508,322,50" step="2"/><T39/><D39/><U25/><E36/><V126/><F75/><W128/><G128/><T50/><D50/><U49/><E49/><V26/><F73/><W61/><G61/><T91/><D91/><U71/><E60/><V53/><F90/><W129/><G129/><T40/><D40/><U96/><E130/><V30/><F43/><W13/><G13/><T63/><D63/><U17/><E42/><V98/><F12/><W100/><G100/><T127/><D127/><U99/><E41/><V69/><F103/><W120/><G120/><RYUUKYOKU ba="1,2" sc="100,15,508,-15,322,-15,50,15" hai0="8,9,22,24,31,47,48,55,65,66,83,84,88" hai3="11,15,19,44,45,59,62,76,77,79,82,85,89" /><INIT seed="3,2,2,3,5,49" ten="115,493,307,65" oya="3" hai0="105,95,84,121,88,64,83,103,122,5,104,29,99" hai1="50,107,76,68,21,43,85,101,118,36,62,94,82" hai2="96,37,129,92,2,73,61,16,6,4,60,39,8" hai3="93,45,58,18,25,13,27,70,7,33,67,117,26"/><W28/><G117/><T91/><D5/><U132/><E132/><V46/><F129/><W90/><G70/><T20/><D64/><U3/><E3/><V59/><F73/><W10/><G45/><T42/><D42/><U53/><E107/><N who="0" m="41033" /><D20/><U0/><E0/><V31/><F31/><W22/><G67/><T100/><D29/><U69/><E118/><V130/><F130/><W14/><G58/><T133/><D133/><U98/><E36/><V17/><F6/><W134/><REACH who="3" step="1"/><G134/><REACH who="3" ten="115,493,307,55" step="2"/><T72/><D72/><U81/><E69/><V75/><F75/><W65/><G65/><T23/><D23/><U74/><E68/><V15/><F46/><W119/><G119/><T106/><N who="0" m="41041" /><T108/><DORA hai="12" /><D108/><U115/><E21/><V102/><F61/><W55/><G55/><T86/><D99/><AGARI ba="2,3" hai="7,10,13,14,18,22,25,26,27,28,33,90,93,99" machi="99" ten="30,5800,0" yaku="1,1,7,1,52,1,53,0" doraHai="49,12" doraHaiUra="35,114" who="3" fromWho="0" sc="115,-64,493,0,307,0,55,94" /><INIT seed="3,3,0,1,2,114" ten="51,493,307,149" oya="3" hai0="116,79,107,69,80,129,135,68,126,76,84,52,43" hai1="34,19,47,70,87,98,104,46,33,9,103,124,22" hai2="45,53,117,13,122,99,127,90,73,59,1,71,105" hai3="94,77,8,112,6,27,109,31,81,101,133,26,97"/><W5/><G112/><T115/><D115/><U93/><E70/><V64/><F122/><W130/><G133/><T37/><D107/><U11/><E124/><V125/><F1/><W132/><G132/><T28/><D135/><U41/><E34/><V60/><F73/><W88/><G130/><T56/><D126/><N who="2" m="48138" /><F13/><W3/><G109/><T91/><D116/><U55/><E33/><V38/><F105/><W32/><G5/><T66/><D28/><U113/><E113/><V134/><F134/><W57/><G27/><T120/><D120/><U51/><E104/><V61/><F90/><W74/><REACH who="3" step="1"/><G57/><REACH who="3" ten="51,493,307,139" step="2"/><T25/><D25/><U10/><E47/><V92/><F59/><W121/><G121/><T85/><D56/><U96/><E46/><V39/><F71/><W89/><AGARI ba="3,1" hai="3,6,8,26,31,32,74,77,81,88,89,94,97,101" machi="89" ten="30,6000,0" yaku="1,1,0,1,54,1,53,0" doraHai="114" doraHaiUra="131" who="3" fromWho="3" sc="51,-23,493,-23,307,-23,139,79" /><INIT seed="3,4,0,4,3,86" ten="28,470,284,218" oya="3" hai0="134,29,119,123,44,69,93,61,110,47,87,23,64" hai1="72,18,105,80,88,7,71,126,98,92,107,20,38" hai2="41,28,50,26,95,124,75,120,35,122,25,112,68" hai3="55,73,39,27,97,43,70,32,109,11,19,125,133"/><W14/><G73/><T90/><D123/><N who="2" m="47146" /><F112/><W111/><G125/><T24/><D119/><U54/><E71/><V113/><F113/><W84/><G70/><T9/><D110/><N who="3" m="41993" /><G133/><T118/><D118/><U102/><E38/><V135/><F68/><W66/><G66/><T22/><D134/><U57/><E7/><V104/><F135/><W17/><G97/><T5/><REACH who="0" step="1"/><D23/><REACH who="0" ten="18,470,284,218" step="2"/><U65/><E126/><V78/><F124/><W127/><G127/><T30/><D30/><U94/><E65/><V51/><F28/><N who="3" m="19487" /><G55/><T101/><D101/><U96/><E107/><V108/><F104/><W36/><G84/><T59/><D59/><U58/><E105/><V103/><F103/><W56/><G56/><T85/><D85/><U76/><E54/><V21/><F21/><W74/><G74/><T131/><D131/><U117/><E117/><V129/><F129/><W48/><G43/><T8/><D8/><U89/><E102/><V67/><F41/><W4/><G48/><T132/><D132/><U34/><E34/><V83/><F35/><W16/><AGARI ba="4,1" hai="4,11,14,16,17,19,36,39" m="19487,41993" machi="16" ten="30,6000,0" yaku="14,1,10,1,54,1" doraHai="86" who="3" fromWho="3" sc="18,-24,470,-24,284,-24,218,82" owari="-6,-50.6,446,54.6,260,-14.0,300,10.0" /></mjloggm>