<mjloggm ver="2.3"><GO type="9" lobby="0"/><UN n0="%EF%BC%8D%E3%81%88%E3%82%80%E3%82%8F%E3%81%84%EF%BC%8D" n1="%E2%93%9D%4C%75%63%6B%79%4A" n2="%4D%4F%4D%4F%4E%54" n3="%E3%82%A6%E3%82%A8%E3%82%B9%E3%82%BF%E3%83%B3%54%2E%43" dan="11,5,11,11" rate="1487.47,1589.32,1512.59,1692.24" sx="F,M,M,M"/><TAIKYOKU oya="0"/><INIT seed="0,0,0,3,2,48" ten="250,250,250,250" oya="0" hai0="104,31,28,133,27,78,39,76,93,12,129,19,3" hai1="125,2,132,135,72,54,113,23,120,26,64,1,20" hai2="56,94,46,96,60,49,118,89,86,100,15,67,61" hai3="71,34,37,44,42,85,97,57,99,91,70,116,47"/><T98/><D39/><U87/><E72/><V111/><F111/><W75/><G75/><T66/><D3/><U30/><E64/><V22/><F61/><W124/><G124/><T103/><D129/><U38/><E38/><V127/><F127/><W24/><G116/><T40/><D40/><U121/><E87/><V101/><F118/><W8/><G99/><T4/><D4/><U16/><E54/><V81/><F101/><W112/><G112/><T102/><D102/><U68/><E68/><V107/><F107/><W11/><G8/><T62/><D31/><U92/><E92/><V131/><F131/><W6/><G97/><T84/><D133/><N who="1" m="51275" /><E113/><V65/><F22/><W122/><G122/><N who="1" m="47210" /><E125/><V90/><F15/><AGARI ba="0,0" hai="1,2,15,16,20,23,26,30" m="47210,51275" machi="15" ten="30,7700,0" yaku="20,1,34,2,54,1" doraHai="48" who="1" fromWho="2" sc="250,0,250,77,250,-77,250,0" /><INIT seed="1,0,0,0,4,132" ten="250,327,173,250" oya="1" hai0="124,128,109,85,71,122,102,73,135,12,48,24,134" hai1="118,104,27,57,65,21,26,96,47,17,9,83,126" hai2="29,7,52,55,100,31,4,84,114,54,69,28,88" hai3="103,34,32,8,95,101,16,61,3,87,0,97,35"/><U36/><E118/><V2/><F69/><W15/><G103/><T40/><D73/><U13/><E36/><V10/><F114/><W77/><G61/><T78/><D78/><U43/><E104/><V99/><F7/><W91/><G77/><T105/><D105/><U11/><E96/><V5/><F5/><W50/><REACH who="3" step="1"/><G50/><REACH who="3" ten="250,327,173,240" step="2"/><T33/><D102/><U1/><E27/><V117/><F117/><W58/><G58/><T111/><D48/><U123/><E57/><V19/><F19/><W116/><G116/><T113/><D71/><U14/><E17/><V106/><REACH who="2" step="1"/><F31/><REACH who="2" ten="250,327,163,240" step="2"/><W30/><G30/><N who="0" m="19655" /><D113/><U74/><E123/><V45/><F45/><W68/><G68/><T39/><D122/><U125/><E47/><V110/><F110/><W66/><G66/><T60/><D111/><U80/><E65/><V108/><F108/><W127/><G127/><T46/><D109/><U76/><E126/><V59/><F59/><W94/><AGARI ba="0,2" hai="0,3,8,15,16,32,34,35,87,91,94,95,97,101" machi="94" ten="30,4000,0" yaku="1,1,0,1,54,1,53,0" doraHai="132" doraHaiUra="41" who="3" fromWho="3" sc="250,-10,327,-20,163,-10,240,60" /><INIT seed="2,0,0,2,4,56" ten="240,307,153,300" oya="2" hai0="70,20,79,75,43,110,17,129,86,125,92,100,2" hai1="10,71,102,48,36,32,80,39,21,66,69,106,5" hai2="61,4,121,116,117,124,62,3,97,91,119,64,109" hai3="9,41,76,42,52,22,133,104,120,37,6,0,89"/><V84/><F121/><W46/><G120/><T24/><D2/><U18/><E48/><V45/><F124/><W25/><G133/><T72/><D125/><U87/><E32/><V26/><F109/><W88/><G104/><T57/><D70/><U83/><E83/><V65/><F97/><W30/><G42/><T50/><D110/><U98/><E71/><V114/><F114/><W111/><G111/><T115/><D115/><U112/><E112/><V55/><F4/><W90/><G76/><T105/><D105/><U23/><E23/><V54/><F3/><W113/><G113/><T68/><D68/><U58/><E58/><V35/><F26/><W127/><G127/><T130/><D79/><U13/><E66/><V31/><F31/><W33/><REACH who="3" step="1"/><G52/><REACH who="3" ten="240,307,153,290" step="2"/><T14/><D43/><U29/><E106/><V40/><F35/><AGARI ba="0,1" hai="0,6,9,22,25,30,33,35,37,41,46,88,89,90" machi="35" ten="40,5200,0" yaku="1,1,2,1,54,1,53,0" doraHai="56" doraHaiUra="95" who="3" fromWho="2" sc="240,0,307,0,153,-52,290,62" /><INIT seed="3,0,0,1,4,4" ten="240,307,101,352" oya="3" hai0="62,20,28,10,34,69,117,42,78,77,66,29,112" hai1="116,35,122,109,13,46,125,64,94,108,104,123,92" hai2="82,113,71,24,80,103,65,70,1,88,50,83,86" hai3="31,73,61,17,120,60,38,75,119,101,18,114,58"/><W2/><G120/><T74/><D117/><U134/><E35/><V129/><F1/><W27/><G119/><T54/><D34/><U111/><E116/><V11/><F129/><W89/><G114/><T49/><D42/><U133/><E64/><V67/><F103/><W128/><G128/><T127/><D112/><U95/><E46/><V53/><F113/><W72/><G2/><T9/><D74/><U79/><E13/><V106/><F106/><W45/><G101/><T22/><D127/><U107/><E79/><V96/><F24/><W102/><G102/><T121/><D121/><N who="1" m="46091" /><E125/><V56/><F70/><W39/><G60/><T68/><D62/><U63/><E63/><V105/><F71/><W0/><G0/><T14/><D66/><U7/><E7/><V57/><F105/><AGARI ba="0,0" hai="92,94,95,104,105,107,108,109,111,133,134" m="46091" machi="105" ten="50,8000,1" yaku="28,2,14,1,34,2" doraHai="4" who="1" fromWho="2" sc="240,0,307,80,101,-80,352,0" /><INIT seed="4,0,0,5,1,73" ten="240,387,21,352" oya="0" hai0="54,31,127,129,52,27,64,82,119,65,110,104,60" hai1="61,122,132,78,43,51,15,105,9,62,96,47,11" hai2="66,17,37,36,38,115,33,108,109,100,50,97,20" hai3="116,102,28,95,112,70,126,48,7,32,41,79,74"/><T72/><D119/><U53/><E122/><V83/><F33/><W87/><G74/><T14/><D104/><U29/><E11/><V19/><F115/><W75/><G75/><T128/><D65/><U12/><E15/><V67/><F109/><W55/><G116/><T99/><D99/><U24/><E132/><V56/><F108/><W46/><G112/><T6/><D110/><U89/><E43/><V30/><F83/><W69/><G126/><T92/><D92/><U58/><E78/><V101/><F30/><W49/><G7/><T117/><D117/><U16/><E58/><V125/><F125/><W0/><G0/><T91/><D127/><U26/><E26/><V2/><F2/><W123/><G123/><T111/><D111/><U68/><E68/><V107/><F101/><W8/><G8/><T130/><D14/><U34/><REACH who="1" step="1"/><E89/><REACH who="1" ten="240,377,21,352" step="2"/><V42/><F42/><W120/><G120/><T121/><D121/><U22/><E22/><V5/><F5/><W13/><G13/><T1/><D6/><U57/><E57/><V80/><F80/><W118/><G118/><T4/><D4/><U124/><E124/><V3/><F3/><W135/><G135/><T98/><D1/><U44/><E44/><V35/><F35/><W21/><G32/><N who="0" m="20607" /><D72/><U77/><E77/><V45/><F56/><W93/><G79/><T10/><D10/><U84/><E84/><V113/><F113/><W131/><G87/><N who="0" m="50679" /><D98/><U25/><E25/><V85/><F85/><W90/><G70/><AGARI ba="0,1" hai="52,54,60,64,70,128,129,130" m="50679,20607" machi="70" ten="30,2900,0" yaku="19,1,54,1" doraHai="73" who="0" fromWho="3" sc="240,39,377,0,21,0,352,-29" /><INIT seed="4,1,0,4,0,3" ten="279,377,21,323" oya="0" hai0="42,70,94,105,79,101,2,91,38,117,73,99,58" hai1="71,35,98,34,63,8,75,26,122,74,62,85,25" hai2="81,29,4,0,100,111,1,128,54,15,56,61,115" hai3="49,97,104,134,67,82,107,48,51,109,96,124,95"/><T92/><D70/><U86/><E8/><V106/><F111/><W120/><G109/><T31/><D2/><U50/><E98/><V126/><F126/><W24/><G124/><T114/><D31/><U80/><E80/><V135/><F135/><W72/><G134/><T119/><D38/><U17/><E50/><V28/><F128/><W125/><G125/><T6/><D42/><U102/><E102/><V108/><F108/><W132/><G132/><T37/><D37/><U11/><E11/><V60/><F115/><W36/><G36/><T110/><D58/><U123/><E17/><V88/><F0/><W66/><G120/><T112/><D110/><U52/><E71/><V133/><F1/><W84/><G72/><T12/><D12/><U20/><E20/><V87/><F133/><W65/><G97/><T90/><D6/><U13/><E13/><V45/><F106/><W77/><REACH who="3" step="1"/><G24/><REACH who="3" ten="279,377,21,313" step="2"/><T27/><D27/><U47/><E26/><V78/><F100/><AGARI ba="1,1" hai="48,49,51,65,66,67,77,82,84,95,96,100,104,107" machi="100" ten="40,2600,0" yaku="1,1,2,1,53,0" doraHai="3" doraHaiUra="23" who="3" fromWho="2" sc="279,0,377,0,21,-29,313,39" owari="279,-12.1,377,47.7,-8,-50.8,352,15.2" /></mjloggm>