<mjloggm ver="2.3"><GO type="41" lobby="0"/><UN n0="%E2%93%9D%4C%75%63%6B%79%4A" n1="%E3%81%BE%E3%81%98%E3%82%85%E3%81%AB%E3%81%82" n2="%4C%E3%82%AA%E3%83%97%E3%83%86%E3%82%A3%E3%82%B8%E3%83%B3%E3%82%AF" n3="%E4%B8%89%E5%85%83%E7%89%8C%E3%81%AE%E5%88%87%E3%82%8A%E9%A0%86" dan="17,13,15,14" rate="2178.07,1875.42,1967.71,1936.25" sx="M,M,M,M"/><TAIKYOKU oya="0"/><INIT seed="0,0,0,2,4,6" ten="250,250,250,250" oya="0" hai0="133,92,79,94,76,27,121,54,14,119,131,72,66" hai1="70,20,86,59,75,69,36,11,128,37,61,111,2" hai2="44,24,96,74,132,64,71,123,16,115,47,134,53" hai3="105,25,78,34,57,13,126,122,29,99,80,130,101"/><T8/><D121/><U3/><E111/><V4/><F123/><W22/><G122/><T103/><D119/><U49/><E75/><V127/><F115/><W30/><G130/><T89/><D131/><U82/><E128/><V9/><F74/><W84/><G57/><T33/><D133/><N who="2" m="51306" /><F127/><W68/><G126/><T67/><D33/><U65/><E69/><V125/><F125/><W12/><G30/><T26/><D54/><U28/><E3/><V135/><N who="2" m="51314" /><V113/><DORA hai="38" /><F113/><W51/><G22/><T7/><D103/><U116/><E116/><V23/><F53/><W129/><G129/><T77/><D94/><U0/><E0/><N who="2" m="135" /><F96/><W83/><G83/><T5/><D7/><U110/><E110/><V1/><F1/><W19/><G19/><T120/><D72/><U60/><E49/><V100/><F100/><W102/><G102/><T41/><D41/><U58/><E70/><V106/><F106/><W87/><G51/><T17/><D5/><U114/><E114/><V31/><F31/><W63/><REACH who="3" step="1"/><G87/><REACH who="3" ten="250,250,250,240" step="2"/><N who="0" m="52287" /><D120/><U42/><E28/><V35/><F35/><W112/><G112/><T50/><D50/><U46/><E20/><V107/><F107/><W91/><G91/><T104/><D104/><U95/><E95/><V48/><F48/><W21/><G21/><T98/><D98/><U62/><E37/><V124/><F124/><W39/><G39/><T52/><D79/><N who="1" m="46431" /><E65/><AGARI ba="0,1" hai="12,13,25,29,34,63,65,68,78,80,84,99,101,105" machi="65" ten="40,8000,1" yaku="1,1,25,2,53,2" doraHai="6,38" doraHaiUra="10,117" who="3" fromWho="1" sc="250,0,250,-80,250,0,240,90" /><INIT seed="1,0,0,1,3,110" ten="250,170,250,330" oya="1" hai0="31,49,66,132,13,63,75,117,94,129,40,76,68" hai1="81,89,111,35,19,128,126,101,53,71,10,121,43" hai2="84,79,87,82,90,26,97,23,109,100,47,60,64" hai3="4,130,127,77,5,107,34,8,106,123,118,69,74"/><U102/><E121/><V55/><F109/><W36/><RYUUKYOKU type="yao9" ba="0,0" sc="250,0,170,0,250,0,330,0" hai3="4,5,8,34,36,69,74,77,106,107,118,123,127,130" /><INIT seed="1,1,0,3,0,83" ten="250,170,250,330" oya="1" hai0="15,31,2,131,25,81,54,76,58,40,18,20,63" hai1="64,26,19,59,127,22,72,123,8,36,103,44,101" hai2="13,70,68,78,119,97,62,95,14,17,96,79,43" hai3="86,61,106,102,132,90,11,6,117,67,121,71,30"/><U42/><E123/><V124/><F119/><W122/><G117/><T65/><D131/><U35/><E127/><V89/><F124/><W47/><G132/><T110/><D110/><U94/><E72/><V129/><F129/><W0/><G47/><T38/><D2/><U39/><E39/><V45/><F14/><W3/><G0/><T128/><D128/><U34/><E8/><V118/><F118/><W88/><G90/><T105/><D105/><U60/><REACH who="1" step="1"/><E94/><REACH who="1" ten="250,160,250,330" step="2"/><V53/><F95/><W82/><G106/><T120/><D120/><U56/><E56/><V27/><F70/><W24/><REACH who="3" step="1"/><G102/><AGARI ba="1,1" hai="19,22,26,34,35,36,42,44,59,60,64,101,102,103" machi="102" ten="40,2000,0" yaku="1,1,53,0" doraHai="83" doraHaiUra="130" who="1" fromWho="3" sc="250,0,160,33,250,0,330,-23" /><INIT seed="1,2,0,4,3,113" ten="250,193,250,307" oya="1" hai0="27,58,114,48,79,44,17,102,85,18,54,25,80" hai1="37,89,93,86,97,122,107,131,62,132,128,3,12" hai2="43,87,67,133,23,66,109,112,88,75,121,53,77" hai3="34,10,45,127,98,101,1,94,134,38,118,119,103"/><U100/><E3/><V120/><F112/><W73/><G34/><T32/><D114/><U28/><E37/><V41/><F109/><W72/><G127/><T99/><D32/><U50/><E122/><V116/><F133/><W56/><G56/><T71/><D71/><U70/><E132/><V30/><F120/><W130/><G103/><T35/><D35/><U20/><E50/><V22/><F121/><W59/><G59/><T5/><D5/><U60/><E70/><V51/><F77/><W96/><G96/><T21/><D27/><U108/><E108/><V55/><F75/><W0/><G130/><N who="1" m="49706" /><E28/><V63/><F116/><N who="3" m="44587" /><G134/><T125/><D125/><U14/><E20/><V129/><F129/><W106/><G94/><N who="0" m="58743" /><D58/><U49/><E49/><V126/><F126/><W104/><G104/><T26/><D26/><U47/><E47/><V19/><F63/><AGARI ba="2,0" hai="12,14,60,62,63,86,89,93,97,100,107" m="49706" machi="63" ten="30,1500,0" yaku="19,1" doraHai="113" who="1" fromWho="2" sc="250,0,193,21,250,-21,307,0" /><INIT seed="1,3,0,1,2,60" ten="250,214,229,307" oya="1" hai0="115,13,25,51,22,121,3,134,11,48,28,1,101" hai1="127,37,52,23,10,42,81,20,103,108,126,114,26" hai2="77,111,31,89,62,117,14,100,49,6,34,70,82" hai3="129,17,79,93,5,38,36,113,72,19,97,30,0"/><U95/><E114/><V99/><F117/><W68/><G129/><T7/><D115/><U15/><E81/><V109/><F49/><W57/><G68/><T133/><D101/><U71/><E42/><V123/><F123/><W73/><G79/><T90/><D90/><U27/><E37/><V4/><F14/><W2/><G57/><T92/><D92/><U33/><E103/><V45/><F45/><W18/><G30/><T9/><D51/><U75/><E75/><N who="3" m="28746" /><G5/><N who="0" m="1471" /><D48/><U130/><E95/><V105/><F77/><W69/><G69/><T110/><D110/><N who="2" m="41994" /><F82/><W24/><G113/><T59/><D59/><U54/><E108/><V106/><F89/><W94/><G97/><T98/><D98/><U91/><E91/><V65/><F106/><W29/><G94/><T107/><D107/><U104/><E104/><V40/><F40/><W74/><G74/><T122/><D1/><N who="3" m="617" /><G93/><T21/><D22/><U44/><E71/><V56/><F56/><W125/><G29/><T41/><D41/><U58/><E130/><V128/><F128/><W124/><G124/><N who="1" m="47658" /><E33/><V46/><F46/><W39/><G125/><T84/><D84/><U12/><E44/><V47/><F47/><W119/><G119/><T53/><D53/><N who="1" m="20587" /><E58/><V96/><F96/><W132/><G132/><AGARI ba="3,0" hai="7,9,13,21,25,28,121,122,132,133,134" m="1471" machi="132" ten="30,3900,0" yaku="20,1,34,2" doraHai="60" who="0" fromWho="3" sc="250,48,214,0,229,0,307,-48" /><INIT seed="2,0,0,2,4,75" ten="298,214,229,259" oya="2" hai0="47,59,130,93,7,121,92,100,8,71,13,0,43" hai1="125,6,65,64,66,124,81,61,102,80,83,10,96" hai2="46,123,5,45,122,51,41,79,12,103,38,135,119" hai3="62,37,19,50,112,72,2,116,86,40,114,22,90"/><V14/><F119/><W84/><G2/><T120/><D71/><U21/><E21/><V88/><F135/><W109/><G37/><T133/><D133/><U28/><E28/><V42/><F103/><W52/><G116/><T76/><D130/><U70/><E70/><V104/><F104/><W94/><G109/><T115/><D115/><N who="3" m="44073" /><G72/><T31/><D31/><U44/><E61/><V85/><F79/><W111/><G111/><T33/><D33/><U54/><E54/><V63/><F63/><W101/><G101/><T32/><D32/><U17/><E17/><V105/><F105/><W36/><G36/><T132/><D59/><U89/><E44/><V87/><F87/><N who="3" m="52575" /><G40/><T27/><D43/><U16/><E89/><V60/><F60/><W118/><G118/><T25/><D100/><U110/><E110/><V24/><F24/><N who="3" m="14431" /><G62/><T55/><D27/><U113/><E113/><V117/><F117/><W131/><G131/><T129/><D129/><U56/><E56/><AGARI ba="0,0" hai="50,52,56,84,86" m="14431,52575,44073" machi="56" ten="30,2000,0" yaku="11,1,54,1" doraHai="75" who="3" fromWho="1" sc="298,0,214,-20,229,0,259,20" /><INIT seed="3,0,0,1,0,75" ten="298,194,229,279" oya="3" hai0="62,30,64,114,15,63,81,56,11,41,95,120,74" hai1="122,61,70,54,80,110,91,34,23,9,45,96,27" hai2="73,18,33,28,82,49,40,113,31,123,94,69,42" hai3="119,50,128,26,29,3,124,93,111,108,4,43,22"/><W57/><G119/><T68/><D120/><U134/><E110/><N who="3" m="42026" /><G124/><T25/><D41/><U117/><E122/><V76/><F113/><W60/><G128/><T104/><D104/><U109/><E117/><V16/><F123/><W58/><G93/><T53/><D114/><U121/><E134/><V71/><F33/><W98/><G98/><T72/><D95/><U83/><E121/><V106/><F106/><W79/><G4/><T65/><D65/><U38/><E109/><V5/><F5/><W86/><G60/><T129/><D129/><U2/><E34/><V17/><F94/><W12/><G12/><T46/><D15/><U85/><E96/><V52/><F40/><W48/><G3/><T77/><D11/><U105/><E105/><V59/><REACH who="2" step="1"/><F42/><REACH who="2" ten="298,194,219,279" step="2"/><W39/><G43/><T7/><D7/><U126/><E126/><V24/><F24/><W130/><G130/><T0/><D0/><U6/><E38/><V36/><F36/><W14/><G39/><T84/><REACH who="0" step="1"/><D46/><REACH who="0" ten="288,194,219,279" step="2"/><U135/><E80/><V8/><F8/><W99/><G14/><T100/><D100/><U47/><E9/><V125/><F125/><W133/><G26/><T115/><D115/><U1/><E6/><V66/><F66/><W116/><G116/><T19/><D19/><U88/><E2/><V20/><F20/><AGARI ba="0,2" hai="20,25,30,53,56,62,63,64,68,72,74,77,81,84" machi="20" ten="30,3900,0" yaku="1,1,7,1,52,1,53,0" doraHai="75" doraHaiUra="87" who="0" fromWho="2" sc="288,59,194,0,219,-39,279,0" /><INIT seed="4,0,0,5,5,124" ten="347,194,180,279" oya="0" hai0="44,94,100,50,41,30,85,89,69,45,42,12,82" hai1="62,16,115,128,98,111,55,104,107,58,17,126,28" hai2="116,97,51,74,27,54,80,39,20,93,76,118,103" hai3="70,122,125,127,48,6,59,64,66,133,13,1,10"/><T3/><D3/><U110/><E126/><N who="3" m="48138" /><G70/><T119/><D119/><U33/><E115/><V96/><F39/><W11/><G133/><T78/><D69/><U92/><E110/><V29/><REACH who="2" step="1"/><F96/><REACH who="2" ten="347,194,170,279" step="2"/><W35/><G122/><T63/><D100/><U109/><E111/><V120/><F120/><W5/><G35/><T34/><D34/><U67/><E109/><V38/><F38/><W2/><G1/><T77/><D12/><U23/><E33/><V132/><F132/><W72/><G72/><T36/><D30/><U105/><E28/><V0/><F0/><W22/><G22/><T113/><D113/><U129/><E23/><V79/><F79/><W71/><G71/><T47/><D78/><U49/><E98/><V112/><F112/><W43/><G59/><AGARI ba="0,1" hai="20,27,29,51,54,59,74,76,80,93,97,103,116,118" machi="59" ten="40,1300,0" yaku="1,1,53,0" doraHai="124" doraHaiUra="7" who="2" fromWho="3" sc="347,0,194,0,170,23,279,-13" /><INIT seed="5,0,0,1,4,120" ten="347,194,193,266" oya="1" hai0="37,97,124,95,94,80,50,57,113,18,106,135,16" hai1="56,69,38,3,109,81,128,126,127,62,23,12,4" hai2="59,32,60,100,119,102,47,30,73,91,116,53,84" hai3="25,66,118,26,29,0,24,39,77,133,36,114,72"/><U105/><E105/><V65/><F73/><W28/><G0/><T125/><D37/><U79/><E38/><V43/><F32/><W67/><G77/><T70/><D70/><U45/><E69/><V10/><F30/><W21/><G72/><T9/><D113/><U34/><E34/><V14/><F119/><W131/><G114/><T22/><D80/><U71/><E71/><V86/><F86/><W74/><G74/><T132/><D50/><U89/><E3/><V48/><F43/><W64/><G118/><T46/><D46/><U49/><E128/><V8/><F8/><W88/><G131/><T61/><D9/><U117/><E117/><V40/><F40/><W110/><G133/><N who="0" m="51275" /><D106/><U122/><E122/><V92/><REACH who="2" step="1"/><F116/><REACH who="2" ten="347,194,183,266" step="2"/><W107/><G29/><T41/><D41/><N who="1" m="24751" /><E89/><V51/><F51/><W99/><G88/><T103/><D103/><U130/><E130/><V85/><F85/><W54/><G28/><T115/><D115/><U78/><E109/><V108/><F108/><W6/><G110/><T87/><D87/><N who="1" m="48567" /><E79/><V1/><F1/><W20/><G39/><T82/><D82/><U121/><E121/><V75/><F75/><W111/><G36/><T83/><D83/><U104/><E104/><V112/><F112/><W11/><G107/><T27/><D95/><U90/><E90/><V5/><AGARI ba="0,1" hai="5,10,14,47,48,53,59,60,65,84,91,92,100,102" machi="5" ten="20,5200,0" yaku="1,1,0,1,7,1,8,1,53,0" doraHai="120" doraHaiUra="19" who="2" fromWho="2" sc="347,-13,194,-26,183,62,266,-13" /><INIT seed="6,0,0,1,4,54" ten="334,168,245,253" oya="2" hai0="99,18,90,77,126,46,3,79,123,29,108,56,122" hai1="124,69,97,8,95,11,31,135,34,40,103,25,21" hai2="70,115,132,89,22,27,2,55,134,6,128,102,52" hai3="51,35,57,10,131,84,5,83,13,23,80,33,59"/><V41/><F70/><W130/><G23/><T0/><D108/><U105/><E135/><N who="2" m="51755" /><F115/><W120/><G120/><T113/><D29/><U42/><E124/><V78/><F128/><N who="3" m="49195" /><G51/><T127/><D90/><U100/><E100/><V17/><F78/><N who="3" m="46103" /><G83/><T133/><D133/><U98/><E98/><V65/><F41/><W121/><G121/><T116/><D113/><U76/><E76/><V119/><F119/><W117/><G117/><T48/><D116/><U92/><E92/><V129/><F129/><W75/><G75/><T20/><D79/><U37/><E95/><V106/><F89/><W60/><G60/><T38/><D77/><U50/><E37/><V14/><F102/><W111/><G111/><T93/><D123/><U66/><E21/><V91/><F91/><W88/><G88/><T19/><D20/><U53/><E42/><V101/><F101/><W107/><G107/><T94/><D122/><U15/><E40/><V36/><F36/><W114/><G114/><T45/><D38/><U112/><E112/><V7/><F106/><W9/><G9/><T82/><D82/><U72/><E72/><V86/><F86/><W39/><G39/><T47/><D94/><U44/><E15/><V73/><F73/><W118/><G118/><T81/><D81/><U63/><AGARI ba="0,0" hai="8,11,25,31,34,44,50,53,63,66,69,97,103,105" machi="63" ten="30,4000,0" yaku="0,1,25,2" doraHai="54" who="1" fromWho="1" sc="334,-10,168,40,245,-20,253,-10" /><INIT seed="7,0,0,1,0,53" ten="324,208,225,243" oya="3" hai0="99,109,48,116,21,110,90,57,7,59,92,31,126" hai1="34,11,73,23,38,70,74,107,46,56,105,63,134" hai2="65,29,67,124,84,61,25,45,104,106,19,24,33" hai3="93,131,37,49,100,13,78,85,28,95,68,79,71"/><W20/><G37/><T113/><D116/><U81/><E134/><V108/><F108/><W98/><G71/><T91/><D7/><U82/><E34/><V17/><F124/><W40/><G68/><T55/><D126/><U69/><E23/><V22/><F19/><N who="3" m="10351" /><G28/><T5/><D5/><U75/><E11/><V114/><F114/><W111/><G131/><T42/><D42/><U10/><E10/><V4/><F4/><W50/><G111/><T121/><D121/><U94/><E94/><V44/><F67/><W96/><G85/><T88/><D113/><U133/><E133/><V87/><F106/><N who="1" m="40457" /><E38/><V86/><REACH who="2" step="1"/><F104/><REACH who="2" ten="324,208,215,243" step="2"/><W120/><G120/><T127/><D127/><U27/><E27/><V122/><F122/><W132/><G132/><T30/><D110/><U125/><E125/><V8/><F8/><W102/><G40/><T6/><D109/><U129/><E129/><V103/><F103/><W97/><G100/><T12/><D6/><U36/><E36/><V2/><F2/><W35/><G102/><T43/><D43/><U41/><E41/><V14/><F14/><W62/><G95/><T123/><D123/><U0/><E0/><V135/><F135/><W112/><G93/><T76/><D92/><U83/><E46/><V130/><F130/><W115/><G112/><T15/><D15/><U1/><E1/><V39/><F39/><W77/><G115/><T128/><D128/><U18/><E18/><V72/><F72/><W16/><G16/><T47/><D12/><U60/><E56/><AGARI ba="0,1" hai="17,22,24,25,29,33,44,45,56,61,65,84,86,87" machi="56" ten="40,5200,0" yaku="1,1,52,1,53,1" doraHai="53" doraHaiUra="26" who="2" fromWho="1" sc="324,0,208,-52,215,62,243,0" owari="324,42.4,156,-34.4,277,7.7,243,-15.7" /></mjloggm>