<mjloggm ver="2.3"><GO type="41" lobby="0"/><UN n0="%E2%93%9D%4C%75%63%6B%79%4A" n1="%E6%97%85%E8%80%85" n2="%E5%85%B8%E5%B9%B3" n3="%E3%83%9D%E3%83%9D%E3%83%9D%E3%83%B3%E5%A4%AA" dan="18,13,14,13" rate="2217.01,1893.14,1947.11,1855.77" sx="M,M,M,M"/><TAIKYOKU oya="0"/><INIT seed="0,0,0,2,1,36" ten="250,250,250,250" oya="0" hai0="69,49,92,130,122,124,41,80,73,46,48,43,51" hai1="72,62,110,111,6,94,21,19,113,85,112,135,131" hai2="132,117,123,8,128,82,5,76,7,35,83,54,121" hai3="61,45,52,104,56,60,9,31,134,126,116,96,57"/><T22/><D122/><U40/><E72/><V10/><F35/><W58/><G116/><T71/><D92/><U17/><E62/><V133/><F76/><W30/><G126/><T25/><D124/><U14/><E85/><V93/><F93/><W118/><G134/><N who="2" m="51817" /><F117/><W66/><G118/><T44/><D130/><U114/><E135/><V100/><F100/><W115/><G115/><T13/><D13/><U88/><E131/><V42/><F54/><W78/><G78/><T1/><D1/><U95/><E17/><V87/><F87/><W0/><G58/><T90/><D51/><U16/><E6/><N who="2" m="2059" /><F42/><W108/><G0/><T89/><D73/><U24/><E40/><V20/><F20/><W119/><G96/><T50/><D50/><U99/><E94/><V4/><N who="2" m="2067" /><V109/><DORA hai="59" /><F109/><W63/><G104/><T125/><D125/><U106/><E106/><V81/><F128/><W120/><G119/><T12/><D12/><U37/><E37/><V68/><F68/><W3/><G3/><T15/><D15/><U55/><E55/><V98/><F98/><W127/><G127/><T27/><REACH who="0" step="1"/><D22/><AGARI ba="0,0" hai="14,16,19,21,22,24,88,95,99,110,111,112,113,114" machi="22" ten="50,6400,0" yaku="11,1,54,2" doraHai="36,59" who="1" fromWho="0" sc="250,-64,250,64,250,0,250,0" /><INIT seed="1,0,0,4,5,18" ten="186,314,250,250" oya="1" hai0="117,8,25,130,28,64,38,48,95,43,87,131,68" hai1="17,75,135,20,51,41,35,9,21,7,116,97,125" hai2="112,27,47,0,113,88,49,132,1,2,103,69,32" hai3="6,93,80,92,34,62,5,110,36,37,82,46,67"/><U127/><E75/><V10/><F69/><W84/><G34/><T118/><D48/><U111/><E116/><N who="0" m="44649" /><D95/><U134/><E35/><V129/><F103/><W22/><G110/><T3/><D87/><U120/><E120/><V105/><F105/><W39/><G46/><N who="0" m="23927" /><D8/><U58/><E111/><V76/><F76/><W30/><G30/><T90/><D90/><U61/><E97/><V11/><F129/><N who="0" m="49162" /><D3/><N who="1" m="255" /><E51/><V33/><F132/><N who="1" m="50729" /><E17/><V50/><F27/><W23/><G5/><T99/><D99/><U114/><E41/><V44/><F2/><W98/><G6/><T100/><D100/><U108/><E108/><V81/><F81/><W104/><G93/><T57/><D28/><U83/><E83/><V13/><REACH who="2" step="1"/><F13/><REACH who="2" ten="186,314,240,250" step="2"/><W60/><G80/><T89/><D25/><U115/><E114/><V65/><F65/><W4/><G67/><T126/><D64/><N who="1" m="38967" /><E115/><V45/><F45/><W24/><G82/><T59/><D68/><U16/><E20/><V56/><F56/><W71/><G23/><T78/><D59/><U86/><E86/><V40/><F40/><W54/><G22/><T124/><D57/><U29/><E29/><V121/><F121/><W77/><G71/><T19/><D78/><U107/><E107/><V70/><F70/><W55/><G77/><T42/><D42/><U109/><E109/><V128/><F128/><W12/><G104/><T133/><D133/><U26/><AGARI ba="0,1" hai="16,21,26,125,127" m="38967,50729,255" machi="26" ten="30,6000,0" yaku="20,1,52,1,54,1" doraHai="18" who="1" fromWho="1" sc="186,-20,314,70,240,-20,250,-20" /><INIT seed="1,1,0,5,4,102" ten="166,384,220,230" oya="1" hai0="71,80,31,110,106,9,68,35,29,2,48,117,59" hai1="75,118,19,121,41,103,15,92,49,105,8,100,50" hai2="116,97,10,93,7,127,22,38,125,40,120,3,132" hai3="56,96,20,23,69,36,45,5,24,47,86,51,73"/><U11/><E118/><V21/><F120/><W6/><G69/><T70/><D117/><U122/><E75/><V16/><F116/><W77/><G73/><T128/><D110/><U114/><E114/><V25/><F132/><W83/><G36/><T107/><D59/><U113/><E113/><V109/><F109/><W98/><G56/><T28/><D35/><U99/><E8/><V53/><F40/><W79/><G79/><T74/><D48/><U112/><E112/><V26/><F53/><W66/><G66/><T134/><D134/><U63/><E63/><V67/><F67/><W32/><G32/><T84/><D74/><U82/><E82/><V30/><F38/><W130/><G130/><T119/><D119/><U57/><E49/><V72/><F72/><W133/><G45/><T78/><REACH who="0" step="1"/><D128/><REACH who="0" ten="156,384,220,230" step="2"/><U12/><E57/><V14/><F125/><W89/><G133/><T76/><D76/><U60/><E50/><V52/><F127/><W88/><G77/><T111/><D111/><U91/><E121/><V61/><F3/><W123/><G123/><T42/><D42/><U124/><E11/><V43/><F43/><N who="3" m="25087" /><G23/><T54/><D54/><U58/><E41/><V17/><F61/><W18/><G89/><T39/><D39/><U115/><E124/><V135/><F135/><W0/><G0/><T62/><D62/><U33/><E122/><V37/><F37/><W126/><G126/><T46/><D46/><U65/><E115/><V87/><F52/><W108/><G108/><T90/><D90/><U27/><E33/><V129/><F129/><W101/><G101/><RYUUKYOKU ba="1,1" sc="156,15,384,-15,220,-15,230,15" hai0="2,9,28,29,31,68,70,71,78,80,84,106,107" hai3="5,6,18,20,24,83,86,88,96,98" /><INIT seed="2,2,1,0,3,97" ten="171,369,205,245" oya="2" hai0="10,62,57,87,20,105,25,16,45,55,35,21,53" hai1="38,70,131,98,74,18,50,32,59,1,26,106,109" hai2="129,110,84,85,64,69,72,114,61,14,65,54,60" hai3="49,23,125,113,6,124,39,40,5,82,103,78,135"/><V122/><F114/><W76/><G39/><T41/><D35/><U133/><RYUUKYOKU type="yao9" ba="2,1" sc="171,0,369,0,205,0,245,0" hai1="1,18,26,32,38,50,59,70,74,98,106,109,131,133" /><INIT seed="2,3,1,1,4,131" ten="171,369,205,245" oya="2" hai0="70,106,6,90,86,129,40,50,31,75,87,52,71" hai1="43,7,72,76,19,130,88,127,22,23,98,65,68" hai2="33,113,21,53,14,16,28,3,18,83,85,101,103" hai3="44,62,5,29,66,47,8,111,36,93,4,112,100"/><V38/><F38/><W9/><G111/><T94/><D75/><U61/><E130/><V123/><F123/><W79/><G79/><T34/><D106/><U117/><E117/><V109/><F113/><W27/><G36/><T81/><D129/><U133/><E7/><V10/><F109/><W58/><G112/><T56/><D6/><U60/><E43/><V80/><F80/><W102/><G4/><T89/><REACH who="0" step="1"/><D40/><REACH who="0" ten="161,369,205,245" step="2"/><U99/><E72/><V0/><F0/><W48/><G5/><T110/><D110/><U26/><E127/><V91/><F3/><W125/><G125/><T17/><D17/><U82/><E19/><V73/><F73/><W45/><G29/><T37/><D37/><U30/><E30/><V13/><F28/><W128/><G128/><T115/><D115/><U20/><E26/><AGARI ba="3,2" hai="26,31,34,50,52,56,70,71,81,86,87,89,90,94" machi="26" ten="40,5200,0" yaku="1,1,54,1,53,1" doraHai="131" doraHaiUra="49" who="0" fromWho="1" sc="161,81,369,-61,205,0,245,0" /><INIT seed="3,0,0,5,4,15" ten="242,308,205,245" oya="3" hai0="16,93,63,71,44,41,3,8,128,131,135,118,116" hai1="133,75,132,73,43,51,79,2,48,95,57,11,9" hai2="72,10,91,78,64,22,61,24,125,1,6,45,81" hai3="0,68,54,69,77,13,114,76,34,124,49,115,80"/><W134/><G0/><T104/><D104/><U39/><E95/><V121/><F125/><W33/><G124/><T25/><D71/><U110/><E110/><V19/><F121/><W112/><G13/><N who="0" m="7207" /><D63/><U32/><E32/><V27/><F91/><W53/><G134/><T35/><D93/><U123/><E123/><V113/><F113/><W119/><G49/><T130/><D3/><U102/><E2/><V106/><F27/><W21/><G21/><T50/><D135/><U97/><E39/><V46/><REACH who="2" step="1"/><F106/><REACH who="2" ten="242,308,195,245" step="2"/><W28/><G115/><T55/><D41/><U101/><E43/><V5/><F5/><W108/><G112/><T74/><D74/><U20/><E73/><V56/><AGARI ba="0,1" hai="1,6,10,19,22,24,45,46,56,61,64,72,78,81" machi="56" ten="20,5200,0" yaku="1,1,0,1,7,1,52,1,53,0" doraHai="15" doraHaiUra="70" who="2" fromWho="2" sc="242,-13,308,-13,195,62,245,-26" /><INIT seed="4,0,0,1,1,59" ten="229,295,257,219" oya="0" hai0="79,56,95,29,117,24,46,81,69,49,72,122,94" hai1="88,61,8,125,10,36,84,101,127,128,131,126,35" hai2="105,91,75,113,48,4,129,70,25,51,97,3,100" hai3="82,43,31,76,0,38,2,47,87,71,77,60,50"/><T6/><D122/><U116/><E116/><V12/><F113/><W90/><G38/><T19/><D69/><U130/><E35/><V17/><F129/><W102/><G102/><T118/><D6/><U114/><E36/><V62/><F75/><W5/><G31/><T18/><D118/><U11/><E101/><V23/><F91/><W37/><G37/><T45/><D46/><U89/><E114/><V83/><F83/><W42/><G42/><T98/><D56/><U124/><E124/><V111/><F111/><W9/><G0/><T30/><D30/><U28/><E28/><V22/><F4/><W86/><G86/><T135/><D135/><U40/><E40/><V85/><F85/><W93/><G93/><T57/><D57/><U92/><E89/><V58/><F70/><W107/><REACH who="3" step="1"/><G107/><REACH who="3" ten="229,295,257,209" step="2"/><T20/><D117/><U104/><E104/><V106/><F105/><W1/><G1/><T121/><D121/><U34/><E34/><V7/><F3/><W67/><AGARI ba="0,1" hai="2,5,9,43,47,50,60,67,71,76,77,82,87,90" machi="67" ten="30,8000,1" yaku="1,1,0,1,52,1,53,2" doraHai="59" doraHaiUra="74" who="3" fromWho="3" sc="229,-40,295,-20,257,-20,209,90" /><INIT seed="5,0,0,2,4,97" ten="189,275,237,299" oya="1" hai0="21,49,50,0,42,37,65,95,36,92,59,121,104" hai1="26,19,1,7,103,15,86,76,11,41,82,47,114" hai2="43,63,2,48,134,125,34,101,110,28,22,108,105" hai3="6,51,78,80,55,91,31,27,120,13,72,102,135"/><U57/><E114/><V66/><F2/><W68/><G68/><T130/><D104/><U109/><E109/><V29/><F134/><W70/><G70/><T30/><D0/><U5/><E1/><V38/><F125/><W16/><G6/><T39/><D30/><U111/><E111/><V40/><F40/><W73/><G91/><T79/><D79/><U88/><E103/><V25/><F28/><W3/><G3/><T20/><D130/><U85/><E57/><V10/><F10/><W131/><G135/><T127/><D121/><U35/><E26/><V128/><F22/><W90/><G90/><T106/><D106/><U87/><E35/><V98/><F48/><W123/><G73/><T84/><D84/><U52/><E85/><V113/><F113/><W100/><G120/><T9/><D9/><U24/><E24/><V117/><F117/><W122/><G131/><T129/><D127/><U119/><E119/><V69/><F128/><W4/><G4/><T71/><D71/><U53/><E5/><V94/><F94/><N who="0" m="35882" /><D42/><U23/><E7/><V107/><F107/><W64/><G64/><T32/><D32/><U33/><E33/><V62/><F62/><W58/><G123/><T83/><D129/><U96/><E11/><V44/><AGARI ba="0,0" hai="25,29,34,38,43,44,63,66,69,98,101,105,108,110" machi="44" ten="30,12000,2" yaku="0,1,25,2,23,2,52,1" doraHai="97" who="2" fromWho="2" sc="189,-30,275,-60,237,120,299,-30" /><INIT seed="6,0,0,5,4,94" ten="159,215,357,269" oya="2" hai0="27,32,101,44,33,55,64,107,59,69,10,128,117" hai1="25,133,54,73,6,60,11,119,0,23,19,122,99" hai2="125,18,93,92,12,16,47,72,78,48,29,118,88" hai3="127,26,28,126,131,51,98,120,76,8,30,111,79"/><V123/><F118/><W97/><G120/><T38/><D117/><U132/><E119/><V109/><F123/><W74/><G74/><T14/><D69/><U53/><E122/><V114/><F114/><W124/><G111/><T42/><D64/><U67/><E73/><V104/><F104/><W4/><G51/><T135/><D135/><N who="1" m="51787" /><E99/><N who="3" m="37898" /><G131/><T75/><D75/><U34/><E34/><V113/><F109/><W58/><G58/><AGARI ba="0,0" hai="0,6,11,19,23,25,53,54,58,60,67" m="51787" machi="58" ten="30,1000,0" yaku="20,1" doraHai="94" who="1" fromWho="3" sc="159,0,215,10,357,0,269,-10" /><INIT seed="7,0,0,1,1,90" ten="159,225,357,259" oya="3" hai0="7,96,1,32,27,50,21,108,66,60,45,5,31" hai1="24,33,99,6,17,87,68,36,65,0,54,44,12" hai2="18,72,101,117,127,82,88,112,84,111,42,3,125" hai3="52,16,94,43,120,51,15,71,30,79,85,77,29"/><W97/><G71/><T107/><D108/><U134/><E134/><V132/><F112/><W73/><G73/><T41/><D1/><U67/><E68/><V135/><F117/><W113/><G43/><T80/><D80/><U92/><E17/><V121/><F3/><W78/><G85/><T58/><D107/><U83/><E0/><V100/><F42/><W22/><G113/><T126/><D126/><N who="2" m="48138" /><F111/><W81/><G81/><T46/><D32/><U119/><E119/><V53/><F72/><W19/><G19/><T114/><D114/><U69/><E69/><V109/><F109/><W123/><G120/><T61/><D61/><U39/><E36/><V23/><F53/><W38/><G38/><T75/><D75/><U55/><E39/><V37/><F37/><W34/><G34/><T122/><D122/><U35/><E33/><V10/><F10/><W62/><G62/><T28/><D31/><U104/><E104/><V76/><F76/><W91/><G123/><T105/><D105/><U129/><E83/><V25/><F121/><W118/><G118/><T63/><D63/><U11/><E35/><V98/><F101/><W89/><G89/><T110/><D110/><U86/><E65/><V4/><F4/><W93/><G93/><AGARI ba="0,0" hai="18,23,25,82,84,88,93,98,100,132,135" m="48138" machi="93" ten="30,3900,0" yaku="18,1,52,1,54,1" doraHai="90" who="2" fromWho="3" sc="159,0,225,0,357,39,259,-39" owari="159,-34.1,225,2.5,396,49.6,220,-18.0" /></mjloggm>