<mjloggm ver="2.3"><GO type="41" lobby="0"/><UN n0="%E5%AD%97%E7%89%8C%E6%95%B4%E7%90%86%E6%A5%AD" n1="%E5%B0%8F%E7%80%A7%E5%91%A8%E5%8A%A9" n2="%E3%82%B7%E3%82%B3%E3%82%B7%E3%82%B3%4A%50" n3="%E2%93%9D%4C%75%63%6B%79%4A" dan="15,13,14,18" rate="2061.15,1845.09,1837.57,2153.59" sx="M,M,M,M"/><TAIKYOKU oya="0"/><INIT seed="0,0,0,4,5,39" ten="250,250,250,250" oya="0" hai0="112,134,70,19,27,42,9,40,125,102,95,63,4" hai1="128,66,30,108,54,46,47,120,97,74,25,14,81" hai2="105,0,68,111,58,110,15,55,45,135,80,32,123" hai3="7,79,49,84,1,22,118,92,127,16,73,89,77"/><T126/><D112/><U65/><E120/><V130/><F123/><W18/><G118/><T98/><D134/><U29/><E97/><V31/><F130/><W93/><G73/><T121/><D121/><U3/><E14/><V122/><F135/><W28/><G127/><N who="0" m="48651" /><D70/><U109/><E54/><V12/><F105/><W104/><G104/><T13/><D63/><U6/><E74/><V37/><F68/><W44/><G7/><T75/><D75/><U41/><E6/><V51/><F37/><W11/><G1/><N who="0" m="143" /><D27/><U131/><E25/><V72/><F122/><W69/><G69/><T38/><D38/><U23/><E3/><V85/><F72/><W5/><G5/><T43/><D13/><U57/><E57/><V133/><F0/><W103/><G11/><T76/><D19/><N who="3" m="7209" /><G28/><T101/><D76/><U60/><E60/><V99/><F133/><W35/><G35/><T116/><D102/><U24/><E24/><V50/><F32/><W21/><G79/><T90/><D101/><U119/><E23/><V94/><F31/><W88/><G77/><T8/><D8/><U129/><E131/><V61/><F12/><W71/><G103/><T36/><D36/><U20/><E20/><V26/><F15/><W52/><G71/><T100/><D100/><U64/><E119/><AGARI ba="0,0" hai="40,42,43,90,95,98,116,119" m="143,48651" machi="119" ten="30,11600,0" yaku="18,1,52,3" doraHai="39" who="0" fromWho="1" sc="250,116,250,-116,250,0,250,0" /><INIT seed="0,1,0,0,5,121" ten="366,134,250,250" oya="0" hai0="34,131,101,6,104,31,94,32,85,89,43,65,44" hai1="39,47,19,103,7,86,106,107,112,50,93,134,73" hai2="125,69,33,9,66,126,60,53,90,17,80,56,72" hai3="67,92,29,55,70,115,113,135,8,78,46,109,57"/><T120/><D120/><U88/><E73/><V11/><F33/><W1/><G29/><T132/><D131/><U5/><E134/><V105/><F105/><W58/><G78/><T48/><D132/><U54/><E39/><V25/><F25/><W100/><G100/><T21/><D6/><U77/><E112/><V13/><F72/><W4/><G92/><T116/><D65/><U52/><E107/><V36/><F36/><W130/><G135/><T3/><D3/><U42/><E77/><V84/><REACH who="2" step="1"/><F9/><REACH who="2" ten="366,134,240,250" step="2"/><W79/><G8/><T35/><D104/><U37/><E37/><V45/><F45/><W124/><G46/><T68/><D32/><U108/><E106/><V24/><F24/><W18/><G115/><T128/><D34/><U27/><E27/><V30/><F30/><W62/><G113/><T14/><D35/><U20/><E20/><V87/><F87/><W81/><G130/><T129/><D31/><U71/><E86/><V59/><F59/><W97/><G58/><T98/><D128/><U122/><E47/><V16/><F16/><W49/><G18/><N who="0" m="10455" /><D129/><U114/><E19/><V83/><F83/><W95/><G81/><T127/><D85/><U123/><E114/><V15/><F15/><W26/><G26/><T28/><D28/><U110/><E122/><V82/><F82/><W61/><G57/><T118/><D44/><N who="1" m="25879" /><E71/><V74/><F74/><W111/><G70/><T0/><D68/><U40/><E123/><V64/><F64/><W76/><G67/><T119/><D94/><U63/><E93/><V22/><F22/><W51/><G95/><RYUUKYOKU ba="1,1" sc="366,-10,134,-10,240,30,250,-10" hai2="11,13,17,53,56,60,66,69,80,84,90,125,126" /><INIT seed="1,2,1,0,0,96" ten="356,124,270,240" oya="1" hai0="18,81,83,30,48,50,78,46,38,28,58,2,43" hai1="108,90,57,70,120,122,129,32,4,75,51,12,131" hai2="115,71,55,77,11,105,133,6,134,104,52,118,109" hai3="23,93,128,114,37,79,66,53,127,42,0,126,100"/><U82/><E32/><V1/><F118/><W130/><G114/><T39/><D2/><U33/><E33/><V21/><F109/><W40/><G0/><T34/><D18/><U68/><E75/><V59/><F115/><W113/><G66/><T67/><D83/><U22/><E108/><V60/><F77/><W25/><G53/><T72/><D50/><U88/><E22/><V92/><F92/><W41/><G79/><T101/><D101/><U10/><E57/><V116/><F116/><W89/><G37/><T111/><D111/><U124/><E51/><V121/><F121/><N who="1" m="46697" /><E82/><V3/><F71/><N who="1" m="27177" /><E124/><N who="3" m="47658" /><G113/><T123/><D123/><U73/><E73/><V117/><F117/><W87/><G100/><T9/><D34/><U19/><E4/><V45/><F1/><W107/><G107/><T65/><D39/><U102/><E102/><V7/><F21/><W95/><G95/><T5/><D38/><U47/><E47/><V103/><F7/><W110/><G110/><T54/><D65/><U20/><E20/><V91/><F105/><W36/><G36/><N who="0" m="21863" /><D67/><U106/><E106/><V135/><F104/><W61/><G61/><T69/><D69/><U44/><E44/><V62/><F103/><W29/><AGARI ba="2,1" hai="23,25,29,40,41,42,87,89,93,128,130" m="47658" machi="29" ten="40,1500,0" yaku="18,1" doraHai="96" who="3" fromWho="3" sc="356,-6,124,-9,270,-6,240,31" /><INIT seed="2,0,0,4,3,34" ten="350,115,264,271" oya="2" hai0="62,123,84,67,29,65,107,7,51,100,112,20,68" hai1="39,19,125,9,113,52,108,22,0,97,127,76,54" hai2="134,80,128,101,36,61,5,48,104,23,110,83,24" hai3="135,69,10,15,117,44,58,79,116,95,72,12,73"/><V46/><F128/><W11/><G69/><T6/><D123/><U13/><E113/><V38/><F110/><W91/><G44/><T50/><D112/><U99/><E39/><V130/><F134/><W85/><G58/><T115/><D115/><U86/><E76/><V81/><F130/><W37/><G37/><T1/><D67/><U56/><E86/><V126/><F126/><W71/><G71/><T66/><D65/><U102/><E108/><V90/><F61/><W45/><G45/><T111/><D111/><U60/><E54/><V88/><F5/><W131/><G79/><T42/><D42/><U98/><REACH who="1" step="1"/><E102/><REACH who="1" ten="350,105,264,271" step="2"/><V75/><F75/><W118/><G131/><T41/><D84/><U122/><E122/><V78/><F36/><W119/><G119/><T14/><D100/><U17/><E17/><V3/><F38/><W49/><G73/><T124/><D41/><U114/><E114/><V106/><F101/><W27/><G72/><T96/><D66/><U129/><E129/><V47/><F78/><W59/><G118/><T21/><D124/><U8/><E8/><V26/><F83/><W64/><G11/><T40/><D40/><U43/><E43/><V87/><F87/><W109/><G10/><T32/><D7/><AGARI ba="0,1" hai="0,7,9,13,19,22,52,56,60,97,98,99,125,127" machi="7" ten="40,5200,0" yaku="1,1,52,1,54,1,53,0" doraHai="34" doraHaiUra="74" who="1" fromWho="0" sc="350,-52,105,62,264,0,271,0" /><INIT seed="3,0,0,0,4,36" ten="298,167,264,271" oya="3" hai0="130,33,69,90,135,39,5,70,55,112,6,97,65" hai1="111,64,12,42,134,88,122,19,60,41,119,3,22" hai2="109,40,34,101,86,18,98,17,21,132,83,117,85" hai3="79,29,26,115,92,9,96,120,2,71,82,72,128"/><W0/><G120/><T45/><D33/><U10/><E122/><V8/><F117/><W95/><G115/><T27/><D112/><U102/><E102/><V127/><F109/><W104/><G128/><T93/><D130/><U28/><E111/><V47/><F132/><W53/><G95/><T106/><D135/><U62/><E134/><V43/><F34/><W73/><G71/><T108/><D108/><U59/><E62/><V74/><F74/><W81/><G53/><T23/><D106/><U24/><E119/><V76/><F127/><W114/><G9/><T13/><D65/><U7/><REACH who="1" step="1"/><E88/><REACH who="1" ten="298,157,264,271" step="2"/><V116/><F116/><W110/><G110/><T56/><D90/><U51/><E51/><V131/><F131/><W48/><G48/><T52/><D93/><U35/><AGARI ba="0,1" hai="3,7,10,12,19,22,24,28,35,41,42,59,60,64" machi="35" ten="20,12000,2" yaku="1,1,0,1,7,1,24,2,52,2,53,0" doraHai="36" doraHaiUra="87" who="1" fromWho="1" sc="298,-30,157,130,264,-30,271,-60" /><INIT seed="4,0,0,4,4,73" ten="268,287,234,211" oya="0" hai0="61,52,93,104,45,5,28,71,25,132,41,18,86" hai1="58,133,70,56,42,112,39,99,26,10,65,21,60" hai2="43,1,17,107,8,83,13,79,7,74,3,12,114" hai3="68,22,20,14,106,67,121,124,100,81,53,29,110"/><T130/><D104/><U38/><E133/><V82/><F114/><W129/><G110/><T11/><D132/><U27/><E27/><V105/><F43/><W128/><G53/><T2/><D130/><N who="3" m="50281" /><G67/><T123/><D123/><U116/><E116/><V63/><F63/><W6/><G68/><T75/><D75/><U76/><E112/><V80/><F80/><W33/><G100/><T59/><D71/><U49/><E10/><V50/><F83/><W122/><G106/><T127/><D127/><U92/><E76/><V40/><F1/><W88/><G33/><T48/><D18/><U115/><E115/><V44/><REACH who="2" step="1"/><F12/><REACH who="2" ten="268,287,224,211" step="2"/><W64/><G14/><T72/><D72/><U109/><E109/><V87/><F87/><W125/><G81/><T24/><D86/><U97/><E97/><V0/><F0/><W4/><G125/><T16/><D2/><U46/><E38/><V134/><F134/><W54/><G124/><T118/><D41/><U120/><E39/><V51/><F51/><W101/><G122/><T126/><D126/><U90/><E120/><V96/><F96/><W55/><G121/><T62/><D61/><U9/><E42/><V119/><F119/><W47/><G55/><T66/><D118/><U84/><E99/><V19/><F19/><W34/><G54/><T108/><D108/><U103/><E84/><V135/><F135/><W77/><G64/><T117/><D117/><U35/><E65/><V30/><F30/><W113/><G113/><T36/><D36/><U37/><E37/><V91/><F91/><W89/><G89/><T57/><D66/><RYUUKYOKU ba="0,1" sc="268,-10,287,-10,224,30,211,-10" hai2="3,7,8,13,17,40,44,50,74,79,82,105,107" /><INIT seed="5,1,1,3,5,65" ten="258,277,254,201" oya="1" hai0="4,62,1,18,36,108,88,75,42,134,104,23,6" hai1="34,132,107,91,44,17,37,20,112,128,48,96,111" hai2="28,72,123,58,93,39,118,78,84,115,116,22,129" hai3="67,102,131,52,100,95,19,87,68,43,57,0,35"/><U74/><E34/><V7/><F22/><W29/><G0/><T109/><D104/><U45/><E74/><V133/><F58/><W30/><G43/><T12/><D75/><U55/><E112/><V64/><F93/><W21/><G131/><T77/><D77/><U27/><E128/><V114/><F84/><W16/><G68/><T101/><D101/><N who="3" m="39017" /><G67/><T32/><D32/><U110/><E107/><V73/><F129/><W63/><G35/><T130/><D130/><U86/><E96/><V46/><F28/><N who="3" m="10859" /><G21/><T124/><D36/><U85/><E132/><V60/><F133/><W113/><G113/><N who="2" m="43017" /><F123/><W40/><G40/><T33/><D42/><N who="1" m="22607" /><E91/><AGARI ba="1,1" hai="16,19,52,57,63,87,91,95" m="10859,39017" machi="91" ten="30,3900,0" yaku="8,1,54,2" doraHai="65" who="3" fromWho="1" sc="258,0,277,-42,254,0,201,52" /><INIT seed="6,0,0,1,5,71" ten="258,235,254,253" oya="2" hai0="15,78,77,41,112,83,29,91,30,59,8,35,62" hai1="47,45,88,11,127,89,21,42,12,10,108,124,90" hai2="73,104,134,26,53,115,116,58,118,28,125,13,6" hai3="66,54,113,110,19,39,4,84,57,46,60,55,40"/><V67/><F73/><W87/><G110/><T0/><D0/><U32/><E108/><V64/><F104/><W2/><G113/><T95/><D112/><U79/><E32/><V119/><F115/><W7/><G19/><T129/><D129/><U74/><E21/><V63/><F134/><W38/><G87/><T68/><D68/><U17/><E47/><V99/><F125/><W48/><G84/><T128/><D41/><U97/><E97/><V14/><F99/><W33/><G33/><T56/><D56/><U126/><E79/><V103/><F103/><W109/><G7/><T1/><D1/><U3/><E74/><V16/><F6/><W27/><G27/><T81/><D78/><U52/><E3/><V123/><F13/><W20/><G20/><T94/><D128/><U34/><E34/><V117/><N who="2" m="29696" /><DORA hai="122" /><V44/><F44/><W70/><G109/><T23/><D23/><U65/><E11/><V61/><F123/><W43/><G4/><T107/><D107/><U98/><E65/><V105/><F105/><W9/><G9/><T37/><D35/><U132/><E132/><V82/><F82/><W102/><G102/><T31/><D81/><U133/><E133/><V101/><F101/><W106/><G106/><T80/><D83/><U121/><E121/><V50/><F63/><N who="3" m="40287" /><G2/><T76/><D80/><U18/><E98/><V130/><F130/><W25/><G25/><T5/><D95/><U22/><E22/><N who="2" m="15447" /><F61/><W69/><G69/><T24/><D24/><U100/><E100/><V96/><F96/><W111/><G111/><T72/><D72/><RYUUKYOKU ba="0,0" sc="258,-15,235,-15,254,15,253,15" hai2="14,16,50,53,58,64,67" hai3="38,39,40,43,46,48,54,55,57,60" /><INIT seed="6,1,0,0,2,24" ten="243,220,269,268" oya="2" hai0="118,116,98,92,108,135,42,15,114,77,95,5,8" hai1="62,87,124,134,16,10,56,80,90,3,122,43,29" hai2="46,131,88,133,83,66,31,38,54,99,51,120,34" hai3="106,57,52,44,86,79,67,93,110,36,127,26,60"/><V72/><F120/><W105/><G110/><T4/><D108/><U102/><E134/><V17/><F133/><W119/><G119/><N who="0" m="45611" /><D135/><U113/><E113/><V37/><F131/><W33/><G127/><T75/><D42/><U129/><E129/><V63/><F17/><W58/><G44/><T0/><D114/><U97/><E124/><V82/><F82/><W78/><G36/><T121/><D121/><U70/><E70/><V112/><F112/><W89/><G106/><T2/><D5/><U7/><E122/><V20/><F20/><W123/><G105/><T28/><D28/><U32/><E43/><V109/><F109/><W25/><G123/><T94/><D98/><U47/><E47/><V27/><F72/><W68/><G68/><T128/><D128/><U64/><E16/><V125/><F125/><W85/><G86/><T101/><D101/><U19/><E19/><V12/><F12/><W14/><G14/><T21/><D21/><U48/><E48/><V111/><F111/><W65/><G33/><T1/><D1/><U81/><E81/><AGARI ba="1,0" hai="0,2,4,8,15,75,77,81,92,94,95" m="45611" machi="81" ten="30,1000,0" yaku="12,1" doraHai="24" who="0" fromWho="1" sc="243,13,220,-13,269,0,268,0" /><INIT seed="7,0,0,0,0,128" ten="256,207,269,268" oya="3" hai0="1,121,3,17,135,37,38,48,67,94,40,111,34" hai1="46,91,61,119,4,57,123,130,79,32,51,6,120" hai2="63,64,72,95,73,18,8,92,86,85,14,55,47" hai3="116,103,83,58,125,108,106,26,7,24,74,118,105"/><W70/><G70/><T99/><D111/><U113/><E130/><V68/><F47/><W50/><G7/><T36/><D34/><U10/><E32/><V59/><F85/><W126/><G103/><T134/><D121/><U90/><E123/><V49/><REACH who="2" step="1"/><F86/><REACH who="2" ten="256,207,259,268" step="2"/><W28/><G126/><T101/><D37/><U43/><E120/><V124/><F124/><W107/><G125/><T112/><D36/><U30/><E113/><V60/><F60/><W131/><G131/><T104/><D38/><U84/><E119/><V5/><F5/><W69/><G118/><T11/><D112/><U89/><E4/><V100/><F100/><W71/><G116/><T80/><D101/><U127/><E127/><V129/><F129/><W110/><G110/><T133/><D48/><U27/><E79/><V87/><F87/><W75/><G50/><T21/><D99/><U2/><E84/><V0/><F0/><W97/><G97/><T81/><D1/><U41/><E91/><V45/><F45/><W115/><G108/><T39/><D3/><U9/><E2/><V56/><F56/><W82/><G58/><T54/><D39/><U53/><E6/><V96/><F96/><W122/><G122/><T102/><D102/><U88/><REACH who="1" step="1"/><E43/><REACH who="1" ten="256,197,259,268" step="2"/><V52/><F52/><W29/><G107/><T114/><D104/><U109/><E109/><V22/><F22/><W93/><G115/><T31/><D114/><U44/><E44/><V35/><F35/><W13/><G93/><AGARI ba="0,2" hai="8,14,18,49,55,59,63,64,68,72,73,92,93,95" machi="93" ten="40,1300,0" yaku="1,1,53,0" doraHai="128" doraHaiUra="78" who="2" fromWho="3" sc="256,0,197,0,259,33,268,-13" /><INIT seed="8,0,0,4,2,122" ten="256,197,292,255" oya="0" hai0="49,27,4,61,101,14,79,123,127,0,77,63,60" hai1="102,22,85,89,118,8,69,109,1,129,100,3,19" hai2="18,90,95,83,74,39,11,73,114,54,15,52,88" hai3="134,81,84,80,6,48,124,116,33,47,62,45,119"/><T12/><D123/><U34/><E34/><V131/><F114/><W113/><G113/><T70/><D70/><U40/><E69/><V130/><F39/><W98/><G33/><T17/><D0/><U43/><E8/><V64/><F64/><W46/><G81/><T135/><D135/><U51/><E129/><N who="2" m="49163" /><F83/><W86/><G86/><T112/><D112/><U103/><E118/><N who="3" m="45098" /><G62/><T72/><D72/><N who="2" m="27754" /><F90/><W20/><G6/><T107/><D4/><U65/><E65/><V92/><F92/><W38/><G38/><T55/><D107/><U125/><E125/><V108/><F108/><W87/><G87/><AGARI ba="0,0" hai="11,15,18,52,54,87,88,95" m="27754,49163" machi="87" ten="30,3900,0" yaku="19,1,54,2" doraHai="122" who="2" fromWho="3" sc="256,0,197,0,292,39,255,-39" owari="256,5.6,197,-30.3,331,43.1,216,-18.4" /></mjloggm>