<mjloggm ver="2.3"><GO type="41" lobby="0"/><UN n0="%E3%81%AE%E3%81%99%E3%81%AE%E3%81%99%E3%81%AE" n1="%E3%81%82%E3%81%A4%E3%81%97%E3%81%82%E3%81%A4%E3%81%97" n2="%E2%93%9D%4C%75%63%6B%79%4A" n3="%E9%A6%99%E8%8D%89%E7%BE%8A%E7%BE%8A" dan="15,13,18,15" rate="1986.52,1815.51,2211.54,1995.82" sx="M,M,M,M"/><TAIKYOKU oya="0"/><INIT seed="0,0,0,1,5,75" ten="250,250,250,250" oya="0" hai0="82,117,78,122,24,103,39,11,0,84,109,64,50" hai1="67,106,99,1,92,133,32,3,57,115,21,90,38" hai2="61,93,101,15,7,102,23,81,98,123,107,12,30" hai3="33,79,65,80,28,4,42,35,77,26,41,120,108"/><T71/><D117/><U51/><E38/><V36/><F123/><W37/><G120/><T17/><D122/><U58/><E115/><V88/><F36/><W134/><G108/><T121/><D121/><U56/><E32/><V126/><F126/><W69/><G33/><T73/><D39/><U94/><E106/><V112/><F112/><W86/><G4/><T124/><D124/><U135/><E67/><V132/><F132/><N who="1" m="50761" /><E51/><V27/><F107/><W91/><G134/><T131/><D131/><U52/><E21/><V19/><F61/><W119/><G119/><T96/><D109/><U31/><E31/><V129/><F129/><W25/><G25/><T113/><D113/><U83/><E83/><V59/><F59/><W62/><REACH who="3" step="1"/><G37/><REACH who="3" ten="250,250,250,240" step="2"/><T34/><D24/><U60/><E3/><V68/><F7/><W49/><G49/><T97/><D34/><U8/><E1/><V13/><F68/><W87/><G87/><T89/><D0/><U118/><E118/><V130/><F130/><W116/><G116/><T70/><D84/><N who="1" m="52295" /><E8/><V100/><REACH who="2" step="1"/><F81/><REACH who="2" ten="250,250,240,240" step="2"/><W46/><G46/><T85/><D82/><U54/><E60/><V72/><F72/><W127/><G127/><T18/><D73/><U114/><E114/><V95/><F95/><W22/><G22/><AGARI ba="0,2" hai="12,13,15,19,22,23,27,30,88,93,98,100,101,102" machi="22" ten="40,12000,2" yaku="1,1,8,1,54,1,53,3" doraHai="75" doraHaiUra="10" who="2" fromWho="3" sc="250,0,250,0,240,140,240,-120" /><INIT seed="1,0,0,2,3,6" ten="250,250,380,120" oya="1" hai0="66,46,74,43,100,10,105,87,20,52,58,48,31" hai1="84,78,33,13,23,128,44,92,88,30,34,38,79" hai2="85,131,107,73,25,89,117,2,101,22,69,71,77" hai3="19,109,97,53,17,42,40,116,27,49,134,114,21"/><U64/><E128/><V102/><F2/><W119/><G114/><T59/><D74/><U133/><E64/><V106/><F22/><W115/><G115/><T39/><D87/><U4/><E133/><V60/><F25/><W82/><G134/><T122/><D122/><U129/><E129/><V126/><F60/><W55/><G109/><T12/><D100/><N who="2" m="38506" /><F71/><W62/><G97/><T86/><D105/><N who="2" m="39946" /><F69/><W28/><G82/><T130/><D86/><U57/><E34/><V80/><F117/><N who="3" m="45131" /><G62/><T93/><D93/><U120/><E33/><V72/><F126/><W54/><G49/><T110/><D110/><U0/><E120/><V61/><F61/><W5/><G5/><T7/><D130/><U75/><E0/><V15/><F15/><W56/><G56/><T98/><D98/><U26/><E57/><V112/><F112/><W91/><G91/><T99/><D99/><U11/><REACH who="1" step="1"/><E75/><REACH who="1" ten="250,240,380,120" step="2"/><N who="2" m="28747" /><F131/><W29/><G27/><T111/><D59/><U108/><E108/><V24/><F24/><W18/><G21/><T37/><D111/><U63/><E63/><V113/><F113/><W81/><G28/><T90/><D66/><U96/><E96/><V123/><F123/><W51/><G29/><T32/><D20/><U95/><E95/><V9/><F9/><W65/><G65/><T67/><D67/><U76/><E76/><AGARI ba="0,1" hai="76,77,80,85,89" m="28747,39946,38506" machi="76" ten="40,8000,1" yaku="35,5" doraHai="6" who="2" fromWho="1" sc="250,0,240,-80,380,90,120,0" /><INIT seed="2,0,0,5,1,41" ten="250,160,470,120" oya="2" hai0="100,94,1,133,30,0,75,121,14,16,95,79,113" hai1="124,84,32,10,118,55,87,20,105,22,126,131,114" hai2="7,93,74,27,112,37,64,33,80,89,134,15,45" hai3="70,101,73,34,109,65,98,90,102,24,110,103,107"/><V61/><F112/><W66/><G73/><T68/><D121/><U92/><E32/><V132/><F7/><W52/><G90/><T96/><D113/><U60/><E105/><V25/><F15/><W46/><G34/><T129/><D68/><U106/><E106/><V78/><F33/><W4/><G4/><T86/><D133/><N who="2" m="51306" /><F89/><W31/><G66/><T111/><D111/><N who="3" m="42505" /><G65/><T42/><D129/><U36/><E114/><V28/><F93/><W26/><G70/><T13/><D30/><U135/><E118/><V21/><F27/><N who="3" m="10283" /><G31/><T71/><D71/><U58/><E131/><V125/><F64/><W23/><G23/><T123/><D123/><U49/><E135/><V116/><F116/><W88/><G88/><T29/><D29/><U97/><E36/><V128/><F128/><W5/><G5/><T69/><D69/><U35/><E35/><V115/><F115/><W57/><G57/><T99/><D75/><U44/><E10/><V81/><F81/><W63/><G63/><T76/><D1/><U59/><E58/><V108/><F61/><W19/><G19/><T43/><D0/><U85/><E124/><V51/><F108/><W54/><G54/><T62/><D62/><U130/><E126/><V9/><F125/><W53/><G53/><T39/><D16/><U17/><E17/><V91/><F9/><W117/><G117/><T83/><D13/><U122/><E122/><V48/><F91/><W6/><G6/><T8/><D14/><U104/><E130/><V47/><F37/><W38/><G38/><T127/><D39/><U11/><E11/><RYUUKYOKU ba="0,0" sc="250,-15,160,-15,470,15,120,15" hai2="21,25,28,45,47,48,51,74,78,80" hai3="46,52,98,101,102,103,107" /><INIT seed="2,1,0,1,3,126" ten="235,145,485,135" oya="2" hai0="63,5,65,36,31,122,4,96,23,53,118,106,3" hai1="81,128,134,77,7,42,57,58,17,133,71,27,51" hai2="20,114,21,16,38,50,72,87,14,95,86,62,25" hai3="75,49,104,12,111,94,26,90,34,19,98,1,68"/><V47/><F38/><W108/><G1/><T29/><D122/><U55/><E71/><V48/><F72/><W69/><G104/><T101/><D36/><U82/><E7/><V109/><F114/><W119/><G75/><T44/><D118/><U37/><E81/><V85/><F109/><N who="3" m="42059" /><G119/><T10/><D5/><U24/><E42/><V120/><F120/><W8/><G49/><T99/><D99/><U56/><E37/><V60/><F95/><W89/><G89/><T0/><D0/><U15/><E128/><V103/><F103/><W43/><G43/><T45/><D23/><N who="1" m="11711" /><E133/><V130/><F130/><W83/><G83/><T88/><D88/><U6/><E6/><V115/><F115/><W131/><G131/><T135/><D135/><U84/><E134/><V91/><F91/><W74/><G74/><T121/><D121/><U102/><E102/><V123/><F123/><W32/><G26/><AGARI ba="1,0" hai="24,26,27,51,55,56,57,58,77,82,84" m="11711" machi="26" ten="30,1000,0" yaku="8,1" doraHai="126" who="1" fromWho="3" sc="235,0,145,13,485,0,135,-13" /><INIT seed="3,0,0,4,2,50" ten="235,158,485,122" oya="3" hai0="25,43,70,98,51,57,45,103,8,24,34,117,76" hai1="85,81,1,47,54,21,125,61,67,135,121,97,9" hai2="39,86,48,29,56,72,123,77,62,36,38,63,3" hai3="133,18,128,109,116,28,0,94,102,91,69,13,113"/><W106/><G116/><T101/><D117/><U5/><E121/><V111/><F3/><W6/><G113/><T110/><D70/><U11/><E125/><V31/><F72/><W89/><G133/><T7/><D110/><U4/><E135/><V115/><F115/><W66/><G109/><T120/><D120/><U92/><E21/><V124/><F111/><W42/><G128/><T33/><D76/><U59/><E47/><V134/><F134/><W64/><G106/><T35/><D57/><U73/><E73/><V26/><F31/><W88/><G6/><N who="1" m="2666" /><E1/><V129/><F129/><W78/><G78/><T108/><D108/><U41/><E41/><V74/><F74/><W60/><G0/><T126/><D126/><U49/><E49/><V132/><F124/><W90/><N who="3" m="22528" /><DORA hai="107" /><W30/><G42/><T22/><D22/><U131/><E85/><V87/><F123/><W65/><G60/><T119/><D119/><U58/><E81/><V20/><F132/><W114/><G69/><T93/><REACH who="0" step="1"/><D103/><REACH who="0" ten="225,158,485,122" step="2"/><N who="1" m="60839" /><E131/><V12/><F77/><W10/><REACH who="3" step="1"/><G114/><REACH who="3" ten="225,158,485,112" step="2"/><T17/><D17/><U37/><E37/><V46/><F39/><W112/><G112/><T44/><D44/><U104/><E104/><V75/><F46/><W82/><G82/><T53/><D53/><U16/><E11/><V100/><F56/><W105/><G105/><T15/><AGARI ba="0,2" hai="7,8,15,24,25,33,34,35,43,45,51,93,98,101" machi="15" ten="30,2000,0" yaku="1,1,0,1,53,0" doraHai="50,107" doraHaiUra="14,130" who="0" fromWho="0" sc="225,40,158,-5,485,-5,112,-10" /><INIT seed="4,0,0,5,4,126" ten="265,153,480,102" oya="0" hai0="46,82,48,56,9,92,129,79,110,119,134,53,16" hai1="28,78,58,111,91,95,105,44,36,120,102,20,4" hai2="63,19,59,65,122,3,67,97,74,103,130,62,115" hai3="40,106,12,112,5,84,81,14,80,41,90,43,96"/><T127/><D119/><U1/><E111/><V18/><F122/><W125/><G112/><T23/><D127/><U99/><E120/><V37/><F3/><W60/><G125/><T61/><D110/><U54/><E4/><V93/><F74/><W83/><G106/><T69/><D134/><U32/><E1/><V124/><F124/><W71/><G71/><T118/><D118/><U64/><E32/><V132/><F37/><W49/><G60/><T8/><D69/><U86/><E64/><V94/><F115/><W31/><G96/><T85/><D92/><U117/><E117/><V30/><F30/><W55/><G31/><T17/><D129/><U21/><E44/><V128/><F94/><W2/><G2/><T66/><REACH who="0" step="1"/><D17/><REACH who="0" ten="255,153,480,102" step="2"/><U15/><E105/><V131/><F132/><W72/><G72/><T38/><D38/><U133/><E36/><V87/><F87/><W50/><G5/><T98/><D98/><U7/><E133/><V109/><F109/><W113/><G113/><T22/><D22/><U76/><E28/><V27/><F27/><AGARI ba="0,1" hai="8,9,16,23,27,46,48,53,56,61,66,79,82,85" machi="27" ten="30,11600,0" yaku="1,1,7,1,8,1,54,1,53,0" doraHai="126" doraHaiUra="24" who="0" fromWho="2" sc="255,126,153,0,480,-116,102,0" /><INIT seed="4,1,0,1,4,20" ten="381,153,364,102" oya="0" hai0="131,56,107,5,12,128,115,17,47,8,22,108,106" hai1="30,81,92,104,125,120,77,34,114,89,90,9,31" hai2="50,6,62,99,28,44,76,124,98,132,75,42,113" hai3="126,129,0,82,54,19,52,58,68,27,79,49,80"/><T103/><D115/><U11/><E120/><V130/><F113/><W123/><G123/><T110/><D47/><U74/><E114/><V117/><F6/><W127/><G0/><T121/><D56/><U10/><E125/><N who="3" m="47626" /><G68/><T53/><D53/><U88/><E104/><N who="0" m="39977" /><D103/><U21/><E34/><V73/><F44/><N who="3" m="27687" /><G129/><N who="0" m="49739" /><D121/><U16/><REACH who="1" step="1"/><E92/><REACH who="1" ten="381,143,364,102" step="2"/><V96/><F130/><W100/><G80/><T3/><AGARI ba="1,1" hai="3,5,8,12,17,22,108,110" m="49739,39977" machi="3" ten="40,2100,0" yaku="19,1" doraHai="20" who="0" fromWho="0" sc="381,34,143,-8,364,-8,102,-8" /><INIT seed="4,2,0,2,5,40" ten="415,135,356,94" oya="0" hai0="120,65,128,83,110,76,50,70,20,99,111,42,107" hai1="80,12,122,109,98,51,2,0,4,39,54,46,34" hai2="14,30,15,23,48,125,131,61,13,85,123,24,96" hai3="129,29,133,121,57,105,95,63,75,104,77,59,135"/><T22/><D120/><U7/><E34/><V9/><F123/><W114/><G121/><T62/><D128/><U26/><E109/><N who="0" m="41481" /><D107/><U126/><E122/><V67/><F125/><W8/><G129/><T47/><D99/><U44/><E126/><V64/><F131/><W45/><G114/><T53/><D42/><U115/><E115/><V86/><F67/><W90/><G29/><T113/><D113/><U68/><E68/><V78/><F78/><W117/><G117/><T10/><D10/><U17/><E26/><V84/><F96/><W79/><G8/><T60/><D60/><U93/><E80/><V119/><F119/><W43/><G75/><AGARI ba="2,0" hai="20,22,47,50,53,62,65,70,75,76,83" m="41481" machi="75" ten="30,2900,0" yaku="10,1,52,1" doraHai="40" who="0" fromWho="3" sc="415,35,135,0,356,0,94,-35" /><INIT seed="4,3,0,2,1,41" ten="450,135,356,59" oya="0" hai0="116,61,130,122,68,95,11,30,115,126,21,47,107" hai1="79,27,64,74,48,76,127,28,8,16,118,29,102" hai2="9,81,25,23,72,12,1,0,58,134,111,73,39" hai3="69,40,128,113,124,15,100,98,90,114,49,88,35"/><T57/><D116/><U106/><E118/><V108/><F58/><W52/><G40/><T56/><D122/><U78/><E74/><V117/><F81/><W37/><G37/><T96/><D107/><U83/><E83/><V121/><F39/><W44/><G69/><T5/><D115/><N who="3" m="44041" /><G128/><T101/><D130/><U10/><E127/><V65/><F65/><W87/><G124/><T32/><D32/><U112/><E112/><V42/><F42/><W4/><G35/><T67/><D126/><U45/><E64/><V3/><F73/><W103/><G87/><T105/><D47/><U55/><E29/><N who="2" m="17599" /><F72/><W17/><G4/><T84/><D84/><U99/><REACH who="1" step="1"/><E16/><REACH who="1" ten="450,125,356,59" step="2"/><N who="2" m="8207" /><F117/><W51/><G103/><T53/><D101/><U109/><E109/><N who="2" m="42059" /><F121/><W97/><G100/><T24/><D67/><U31/><E31/><V80/><F80/><W92/><G92/><T63/><D30/><U86/><E86/><V125/><F125/><W91/><G98/><T22/><D95/><U89/><E89/><N who="3" m="22786" /><W70/><DORA hai="6" /><G97/><T59/><D96/><U36/><E36/><V135/><AGARI ba="3,1" hai="0,1,3,134,135" m="42059,8207,17599" machi="135" ten="40,8000,1" yaku="34,2,52,1,54,1" doraHai="41,6" who="2" fromWho="2" sc="450,-43,125,-23,356,99,59,-23" /><INIT seed="5,0,0,3,2,109" ten="407,102,455,36" oya="1" hai0="33,50,114,80,9,12,21,46,28,113,40,36,101" hai1="95,19,55,20,23,53,110,102,39,24,8,14,38" hai2="35,34,98,30,94,75,90,48,120,37,62,65,86" hai3="130,60,18,41,54,106,103,17,125,97,5,11,63"/><U25/><E110/><V127/><F37/><W26/><G125/><T72/><D101/><U129/><E129/><V111/><F111/><W4/><G130/><T42/><D33/><U59/><E38/><V93/><F75/><W105/><G41/><T84/><D72/><U67/><E39/><V123/><F48/><W2/><G105/><T89/><D28/><N who="1" m="17415" /><E67/><V74/><F74/><W66/><G4/><T133/><D133/><U78/><E78/><V47/><F127/><W61/><G54/><N who="0" m="30039" /><D21/><U31/><E59/><V126/><F126/><W6/><G6/><N who="0" m="3127" /><D36/><U0/><E0/><V81/><F35/><W13/><G2/><T132/><D132/><U79/><E79/><V52/><F34/><W122/><G122/><T83/><D83/><U104/><E104/><V128/><F81/><W71/><G61/><T131/><D131/><U56/><E56/><V45/><F123/><W29/><REACH who="3" step="1"/><G63/><REACH who="3" ten="407,102,455,26" step="2"/><T7/><D7/><U115/><E115/><AGARI ba="0,1" hai="40,42,80,84,89,113,114,115" m="3127,30039" machi="115" ten="30,7700,0" yaku="15,1,52,3" doraHai="109" who="0" fromWho="1" sc="407,87,102,-77,455,0,26,0" /><INIT seed="6,0,0,4,2,20" ten="494,25,455,26" oya="2" hai0="92,95,113,5,67,49,118,89,69,52,25,134,35" hai1="100,54,132,104,24,23,82,129,99,16,26,62,120" hai2="51,133,41,19,75,29,107,96,0,108,103,128,78" hai3="65,7,85,114,39,34,4,53,112,130,45,123,30"/><V122/><F0/><W18/><G123/><T21/><D113/><N who="3" m="43625" /><G130/><T14/><D134/><U111/><E120/><V37/><F29/><W60/><G18/><T117/><D69/><U80/><E111/><V1/><F19/><W11/><G85/><T42/><D67/><U115/><E115/><V10/><F133/><W57/><G11/><T98/><D42/><U116/><E132/><V135/><F128/><W27/><G39/><T43/><D43/><U6/><E6/><N who="3" m="2090" /><G45/><T76/><D5/><U47/><E116/><V70/><F10/><W3/><G53/><T110/><D110/><U12/><E129/><V8/><F8/><W124/><G124/><T68/><D118/><U40/><E62/><V105/><F122/><W59/><G59/><T9/><D9/><U101/><E100/><V32/><F103/><W48/><G48/><T22/><D49/><U83/><REACH who="1" step="1"/><E54/><REACH who="1" ten="494,15,455,26" step="2"/><V131/><F131/><W2/><AGARI ba="0,1" hai="2,3,27,30,34,57,60,65" m="2090,43625" machi="2" ten="30,4000,0" yaku="15,1,11,1,52,1" doraHai="20" who="3" fromWho="3" sc="494,-10,15,-10,455,-20,26,50" /><INIT seed="7,0,0,2,5,114" ten="484,5,435,76" oya="3" hai0="130,82,68,24,34,95,87,91,116,88,109,16,30" hai1="59,126,53,133,112,66,6,127,56,38,17,9,121" hai2="125,43,115,18,89,52,98,3,102,97,29,21,86" hai3="96,13,60,69,12,113,79,111,110,83,135,118,49"/><W71/><G113/><T39/><D116/><U36/><E112/><V129/><F115/><W8/><G135/><T108/><D68/><U85/><E121/><V93/><F3/><W74/><G118/><T44/><D130/><U100/><E133/><V48/><F129/><W47/><G96/><T2/><D2/><U37/><E17/><V62/><F125/><W104/><G104/><T131/><D131/><U57/><E100/><V132/><F29/><W58/><G69/><T80/><D16/><U65/><E53/><V51/><F43/><W73/><G71/><T4/><D4/><U41/><E85/><V45/><F51/><W42/><G74/><T134/><D134/><U75/><E41/><V10/><F132/><W77/><G77/><T117/><D117/><U63/><E75/><V106/><F62/><W84/><G73/><T23/><D34/><U32/><E32/><V123/><F123/><W128/><G128/><T67/><D67/><N who="1" m="25611" /><E63/><V55/><F55/><N who="3" m="33887" /><G12/><T11/><D39/><N who="1" m="9987" /><U99/><DORA hai="46" /><E99/><V1/><F1/><W14/><G14/><T119/><D119/><U76/><E76/><V15/><F98/><W72/><G72/><T26/><D109/><N who="3" m="41481" /><G13/><T28/><D108/><U54/><E54/><V92/><F106/><W70/><G70/><T103/><D103/><U120/><E120/><V35/><F35/><W122/><G122/><T19/><D11/><AGARI ba="0,0" hai="10,11,15,18,21,45,48,52,86,89,92,93,97,102" machi="11" ten="40,5200,0" yaku="8,1,52,1,54,1" doraHai="114,46" who="2" fromWho="0" sc="484,-52,5,0,435,52,76,0" /><AGARI ba="0,0" hai="8,11,42,47,49,79,83,84" m="41481,33887" machi="11" ten="30,2900,0" yaku="10,1,52,1" doraHai="114,46" who="3" fromWho="0" sc="432,-29,5,0,487,0,76,29" /><INIT seed="7,1,0,0,4,89" ten="403,5,487,105" oya="3" hai0="17,7,126,51,121,77,56,113,91,66,5,118,24" hai1="47,31,43,54,104,10,101,134,50,2,20,84,73" hai2="30,115,119,19,96,114,15,82,55,93,90,63,38" hai3="11,109,100,8,36,78,16,53,13,6,106,97,33"/><W107/><G109/><T12/><D121/><U26/><E73/><V45/><F30/><W58/><G36/><T69/><D118/><U14/><E134/><V123/><F123/><W44/><G78/><T81/><D69/><U61/><E2/><V125/><F125/><W34/><G44/><T3/><D126/><U95/><E104/><V108/><F119/><W135/><G135/><T75/><D3/><U32/><E32/><V27/><F27/><W105/><G105/><T40/><D24/><U117/><E117/><V120/><F82/><W70/><G70/><T127/><D127/><U133/><E133/><V79/><F79/><W42/><G42/><T76/><D113/><N who="2" m="43018" /><F120/><W18/><G107/><T112/><D112/><U41/><E41/><N who="2" m="22711" /><F55/><W92/><G106/><T72/><D91/><N who="1" m="53735" /><E43/><V71/><F63/><W88/><G100/><T130/><D130/><U64/><E64/><V110/><F71/><W37/><G37/><T1/><D1/><U62/><E101/><V0/><F0/><W132/><G132/><T87/><D87/><U128/><E128/><V39/><F39/><W35/><G11/><AGARI ba="1,0" hai="11,15,19,90,93,96,108,110" m="22711,43018" machi="11" ten="30,2000,0" yaku="15,1,52,1" doraHai="89" who="2" fromWho="3" sc="403,0,5,0,487,23,105,-23" owari="403,20.3,5,-49.5,510,61.0,82,-31.8" /></mjloggm>