<mjloggm ver="2.3"><GO type="41" lobby="0"/><UN n0="%E5%82%80" n1="%E3%81%82%E3%81%91%E3%81%B3%E3%81%93%E3%81%BF%E3%81%A1" n2="%65%78%63%65%6C%2E" n3="%E2%93%9D%4C%75%63%6B%79%4A" dan="14,13,14,16" rate="1936.58,1838.03,1967.28,2162.56" sx="M,F,M,M"/><TAIKYOKU oya="0"/><INIT seed="0,0,0,2,3,107" ten="250,250,250,250" oya="0" hai0="39,44,99,53,67,134,29,9,14,118,64,125,70" hai1="109,74,22,56,96,55,133,10,54,76,3,1,123" hai2="98,73,8,31,11,83,23,114,110,119,27,38,79" hai3="52,0,59,12,108,116,105,126,65,30,62,122,100"/><T104/><D118/><U95/><E123/><V90/><F114/><W88/><G116/><T101/><D125/><U106/><E106/><V130/><F119/><W131/><G0/><T28/><D134/><U2/><E133/><V16/><F110/><W60/><G126/><T128/><D128/><U121/><E109/><V102/><F130/><W94/><G108/><T81/><D81/><U25/><E121/><V21/><F90/><W82/><G30/><T112/><D112/><U87/><E87/><V85/><F85/><W69/><G131/><T35/><D35/><U111/><E10/><V124/><F38/><W103/><G105/><T49/><D39/><U78/><E111/><V72/><F72/><W51/><G12/><T115/><D115/><U132/><E132/><V20/><F20/><W84/><G122/><T77/><D77/><U89/><E55/><V57/><F57/><W36/><G36/><T17/><REACH who="0" step="1"/><D64/><REACH who="0" ten="240,250,250,250" step="2"/><U50/><REACH who="1" step="1"/><E74/><REACH who="1" ten="240,240,250,250" step="2"/><V43/><F124/><W129/><G129/><T80/><D80/><U6/><E6/><V18/><F83/><W34/><G82/><T5/><D5/><U19/><AGARI ba="0,2" hai="1,2,3,19,22,25,50,54,56,76,78,89,95,96" machi="19" ten="30,4000,0" yaku="1,1,0,1,53,1" doraHai="107" doraHaiUra="15" who="1" fromWho="1" sc="240,-20,240,60,250,-10,250,-10" /><INIT seed="1,0,0,3,3,113" ten="220,300,240,240" oya="1" hai0="18,80,81,49,84,87,1,43,19,116,21,13,69" hai1="73,7,120,15,66,20,94,77,86,115,64,90,102" hai2="62,42,131,67,2,121,93,9,31,40,133,130,35" hai3="46,96,26,126,106,72,34,44,65,29,45,114,83"/><U108/><E120/><V97/><F121/><W110/><G114/><T63/><D1/><U22/><E115/><V55/><F55/><W6/><G110/><T122/><D122/><U0/><E0/><V123/><F133/><W52/><G126/><T27/><D69/><U53/><E108/><V14/><F2/><W58/><G65/><T11/><D63/><U89/><E73/><V95/><F95/><W75/><G6/><T132/><D132/><U109/><E109/><V111/><F123/><W103/><REACH who="3" step="1"/><G83/><REACH who="3" ten="220,300,240,230" step="2"/><T3/><D80/><N who="1" m="47375" /><E66/><V16/><F111/><W100/><G100/><T71/><D81/><U124/><E64/><V48/><F67/><W104/><G104/><T85/><D71/><U78/><E124/><V32/><F131/><W61/><AGARI ba="0,1" hai="26,29,34,44,45,46,52,58,61,72,75,96,103,106" machi="61" ten="30,7900,0" yaku="1,1,0,1,54,1,53,1" doraHai="113" doraHaiUra="99" who="3" fromWho="3" sc="220,-20,300,-39,240,-20,230,89" /><INIT seed="2,0,0,5,1,124" ten="200,261,220,319" oya="2" hai0="23,100,45,5,44,114,0,56,93,92,94,32,13" hai1="87,118,99,75,85,79,125,47,62,1,61,66,67" hai2="59,26,77,2,103,81,20,21,86,6,96,49,38" hai3="90,31,80,104,12,131,91,83,3,89,119,97,52"/><V48/><F38/><W71/><G3/><T74/><D114/><U135/><E118/><V102/><F21/><W7/><G71/><T53/><D32/><U9/><E125/><V40/><F49/><W27/><G104/><T107/><D74/><U34/><E34/><V63/><F6/><W22/><G119/><T17/><D0/><U98/><E75/><V113/><F2/><W54/><G97/><T15/><D100/><U76/><E1/><V132/><F132/><W55/><REACH who="3" step="1"/><G131/><REACH who="3" ten="200,261,220,309" step="2"/><T69/><D107/><U126/><E126/><V19/><F96/><W64/><G64/><T112/><D69/><U36/><E135/><V4/><F113/><W117/><G117/><T33/><D112/><U105/><E105/><V57/><F4/><W123/><G123/><T30/><D33/><U134/><E134/><V72/><F72/><W41/><G41/><T10/><REACH who="0" step="1"/><D30/><REACH who="0" ten="190,261,220,309" step="2"/><U51/><E36/><V25/><F103/><W108/><G108/><T11/><D11/><AGARI ba="0,2" hai="7,11,12,22,27,31,52,54,55,80,83,89,90,91" machi="11" ten="40,5200,0" yaku="1,1,8,1,54,1,53,0" doraHai="124" doraHaiUra="130" who="3" fromWho="0" sc="190,-52,261,0,220,0,309,72" /><INIT seed="3,0,0,3,3,99" ten="138,261,220,381" oya="3" hai0="59,102,114,86,78,30,129,64,53,81,91,112,127" hai1="3,65,1,21,126,45,55,131,47,19,26,12,54" hai2="122,93,107,58,39,74,7,130,22,4,25,16,103" hai3="79,125,2,98,135,33,109,11,71,77,48,75,43"/><W84/><G33/><T6/><D127/><U128/><E65/><V23/><F39/><W70/><G125/><T37/><D37/><U44/><E126/><V68/><F68/><W51/><G75/><T18/><D129/><U41/><E41/><V83/><F107/><W73/><G73/><T15/><D64/><U113/><E113/><N who="0" m="43625" /><D30/><U132/><E132/><V124/><F124/><W46/><G109/><T95/><D6/><U101/><E26/><V105/><F105/><W100/><G135/><T20/><D78/><U133/><E133/><V40/><F40/><W80/><G79/><T76/><D76/><U63/><E63/><V108/><F83/><W69/><G51/><N who="0" m="31167" /><D81/><U106/><E1/><V121/><F74/><W92/><REACH who="3" step="1"/><G11/><REACH who="3" ten="138,261,220,371" step="2"/><T5/><D5/><U134/><E134/><V116/><F108/><W17/><G17/><T0/><D0/><AGARI ba="0,1" hai="0,2,43,46,48,69,70,71,77,80,84,92,98,100" machi="0" ten="40,3900,0" yaku="1,1,52,1,53,0" doraHai="99" doraHaiUra="119" who="3" fromWho="0" sc="138,-39,261,0,220,0,371,49" /><INIT seed="3,1,0,0,2,72" ten="99,261,220,420" oya="3" hai0="47,15,41,32,55,86,37,135,71,43,113,8,128" hai1="16,103,115,130,51,53,60,25,85,98,122,13,117" hai2="87,73,96,17,66,93,94,68,57,38,11,1,48" hai3="107,82,21,109,120,35,74,36,44,67,12,19,54"/><W59/><G120/><T92/><D128/><U118/><E115/><V69/><F73/><W116/><G35/><T42/><D135/><U78/><E122/><V127/><F38/><W40/><G107/><T110/><D110/><U27/><E60/><V111/><F111/><W33/><G33/><T20/><D71/><U97/><E130/><V83/><F127/><W39/><G109/><T24/><D32/><U121/><E121/><V52/><F94/><W112/><G39/><T101/><D113/><U46/><E118/><V131/><F66/><W133/><G133/><T88/><D101/><U119/><E119/><V77/><F131/><W14/><G67/><T114/><D55/><U108/><E108/><V26/><F26/><N who="1" m="9737" /><E103/><V102/><REACH who="2" step="1"/><F17/><REACH who="2" ten="99,261,210,420" step="2"/><W7/><G19/><T75/><D75/><U6/><E117/><V104/><F104/><W84/><G74/><T56/><D114/><U79/><E6/><AGARI ba="1,1" hai="1,6,11,48,52,57,68,69,77,83,87,93,96,102" machi="6" ten="40,8000,1" yaku="1,1,52,1,54,1,53,1" doraHai="72" doraHaiUra="34" who="2" fromWho="1" sc="99,0,261,-83,210,93,420,0" /><INIT seed="4,0,0,4,0,58" ten="99,178,303,420" oya="0" hai0="20,103,31,69,55,27,43,105,108,76,63,68,87" hai1="59,130,2,116,66,41,40,81,24,86,93,100,54" hai2="110,17,6,7,120,128,32,3,118,15,35,61,132" hai3="64,46,74,18,73,121,113,65,51,52,37,123,4"/><T23/><D108/><U88/><E2/><V124/><F120/><N who="3" m="46155" /><G4/><T38/><D105/><U95/><E116/><V91/><F110/><W79/><G79/><T135/><D135/><U36/><E36/><V114/><F114/><W62/><G65/><T78/><D78/><U92/><E66/><V117/><F128/><W119/><G119/><T10/><D10/><U127/><E130/><V94/><F132/><W101/><G101/><T71/><D103/><U89/><E127/><V84/><F124/><W115/><G18/><T56/><D20/><U107/><E24/><V9/><F7/><W48/><G51/><T122/><D122/><U99/><REACH who="1" step="1"/><E89/><REACH who="1" ten="99,168,303,420" step="2"/><V44/><F118/><W109/><G37/><T106/><D106/><U60/><AGARI ba="0,1" hai="40,41,54,59,60,81,86,88,92,93,95,99,100,107" machi="60" ten="30,8000,1" yaku="1,1,2,1,0,1,52,1,54,1,53,0" doraHai="58" doraHaiUra="112" who="1" fromWho="1" sc="99,-40,168,90,303,-20,420,-20" /><INIT seed="5,0,0,4,2,33" ten="59,258,283,400" oya="1" hai0="73,44,0,60,130,37,90,105,1,123,49,126,85" hai1="56,25,6,103,111,102,39,95,84,104,70,17,88" hai2="125,110,12,32,50,7,82,92,59,74,36,72,41" hai3="46,63,62,18,31,117,120,108,107,53,52,16,2"/><U75/><E70/><V124/><F110/><W116/><G108/><T76/><D105/><U45/><E111/><V51/><F32/><W122/><G107/><T78/><D37/><U9/><E75/><V26/><F26/><W48/><G31/><T3/><D126/><U47/><E104/><V67/><F92/><W109/><G109/><T61/><D73/><U77/><E77/><V81/><F12/><W112/><G2/><T5/><D5/><U68/><E68/><V15/><F15/><W40/><G112/><T66/><D130/><U134/><E134/><V101/><F59/><N who="3" m="35311" /><G18/><T13/><D13/><U30/><E39/><V79/><F7/><W83/><G83/><T106/><D106/><U132/><E132/><V27/><F36/><W115/><G16/><T86/><D86/><U14/><E56/><V87/><F87/><W65/><G40/><T94/><D123/><N who="3" m="47145" /><G115/><T114/><D114/><U43/><E43/><V118/><F41/><W28/><G28/><T97/><D97/><U129/><E129/><V35/><F27/><W99/><G99/><T29/><D29/><U91/><E91/><V89/><F89/><W131/><G131/><T38/><D38/><U19/><E19/><V96/><F96/><W69/><AGARI ba="0,0" hai="46,48,52,62,65,69,116,117" m="47145,35311" machi="69" ten="30,4000,0" yaku="34,2,54,1" doraHai="33" who="3" fromWho="3" sc="59,-10,258,-20,283,-10,400,40" /><INIT seed="6,0,0,3,2,82" ten="49,238,273,440" oya="2" hai0="85,32,5,16,59,132,122,109,70,126,71,90,65" hai1="81,134,113,19,13,123,63,18,89,91,114,56,78" hai2="76,33,116,54,101,98,17,42,46,20,52,87,61" hai3="110,105,53,108,45,99,3,36,31,84,97,51,57"/><V107/><F116/><W131/><G3/><T135/><D32/><U15/><E123/><V23/><F33/><W117/><G117/><T26/><D122/><U34/><E34/><V22/><F17/><W111/><G131/><T43/><D109/><U25/><E25/><V9/><F9/><W125/><G125/><T47/><D126/><U62/><E134/><N who="0" m="51241" /><D5/><U121/><E121/><V120/><F120/><W94/><G105/><T80/><D59/><U40/><E40/><V12/><F12/><W10/><G31/><T6/><D6/><U44/><E44/><V14/><F14/><W129/><G129/><T118/><D65/><U127/><E127/><V24/><F24/><W27/><G27/><T1/><D1/><U38/><E38/><V67/><F76/><W66/><G36/><N who="0" m="21991" /><D118/><U55/><E78/><V69/><REACH who="2" step="1"/><F87/><REACH who="2" ten="49,238,263,440" step="2"/><W29/><G84/><T75/><D75/><U112/><E15/><V7/><F7/><W39/><G111/><T86/><D86/><U95/><E13/><V58/><F58/><W77/><G57/><T102/><D102/><U8/><E8/><V106/><F106/><W74/><G10/><T37/><D37/><AGARI ba="0,1" hai="20,22,23,37,42,46,52,54,61,67,69,98,101,107" machi="37" ten="40,7700,0" yaku="1,1,54,1,53,1" doraHai="82" doraHaiUra="64" who="2" fromWho="0" sc="49,-77,238,0,263,87,440,0" owari="-28,-52.8,238,-16.2,350,15.0,440,54.0" /></mjloggm>