<mjloggm ver="2.3"><GO type="41" lobby="0"/><UN n0="%E2%93%9D%4C%75%63%6B%79%4A" n1="%64%65%66%65%61%74" n2="%E8%BF%91%E6%89%80%E3%81%AE%E3%83%8F%E3%83%88" n3="%E9%9B%85%E5%B9%B8%34%E5%8F%B7%E5%B8%AB%E5%8C%A0" dan="15,14,14,13" rate="2141.14,1928.67,1877.45,1843.17" sx="M,M,M,M"/><TAIKYOKU oya="0"/><INIT seed="0,0,0,4,1,45" ten="250,250,250,250" oya="0" hai0="43,126,115,82,121,95,125,64,11,128,49,32,57" hai1="92,69,112,127,10,2,72,38,14,76,129,59,6" hai2="111,3,9,60,103,71,101,47,83,51,0,73,134" hai3="12,37,44,7,113,35,23,109,89,107,65,58,22"/><T4/><D121/><U131/><E69/><V116/><F111/><W86/><G107/><T70/><D32/><U26/><E38/><V75/><F134/><W54/><G113/><T118/><D115/><U18/><E112/><V24/><F24/><W68/><G35/><T84/><D118/><U106/><E106/><V33/><F33/><W91/><G91/><T61/><D95/><U16/><E127/><N who="0" m="48649" /><D128/><N who="1" m="49227" /><E92/><V50/><F116/><W80/><G12/><N who="0" m="5223" /><D43/><U74/><E76/><V56/><F71/><W114/><G7/><T132/><D132/><U67/><E26/><V29/><F29/><W108/><G114/><T17/><D17/><N who="1" m="6763" /><E14/><V100/><F47/><W124/><G124/><T62/><D70/><U102/><E102/><V8/><F3/><W94/><G94/><T46/><D64/><U40/><E40/><V105/><F0/><W25/><G65/><T63/><D57/><U133/><E133/><V28/><F105/><W119/><G68/><T66/><D66/><U135/><E135/><V117/><F117/><W41/><G119/><T104/><D104/><U96/><E96/><V99/><F99/><W34/><G54/><N who="0" m="30007" /><D82/><U78/><E78/><V20/><F83/><W110/><G58/><T5/><D5/><U90/><E90/><V53/><F9/><W48/><G37/><T1/><D1/><U30/><E30/><AGARI ba="0,0" hai="22,23,25,30,34,41,44,48,80,86,89,108,109,110" machi="30" ten="40,2600,0" yaku="14,1,52,1" doraHai="45" who="3" fromWho="1" sc="250,0,250,-26,250,0,250,26" /><INIT seed="1,0,0,1,0,43" ten="250,224,250,276" oya="1" hai0="1,46,13,18,53,58,102,117,61,19,17,42,14" hai1="0,107,7,31,76,11,57,111,131,93,66,72,109" hai2="122,101,92,105,15,79,63,80,59,24,97,135,108" hai3="2,6,103,40,123,67,45,65,27,129,91,100,3"/><U21/><E107/><V94/><F122/><W38/><G123/><T68/><D117/><U82/><E131/><V32/><F135/><W110/><G129/><T64/><D1/><U44/><E93/><V133/><F108/><W89/><G27/><T51/><REACH who="0" step="1"/><D102/><REACH who="0" ten="240,224,250,276" step="2"/><U119/><E119/><V49/><F133/><W81/><G103/><T78/><D78/><U75/><E75/><V124/><F101/><W4/><G100/><T69/><D69/><U62/><E31/><V5/><F105/><W126/><G3/><T39/><AGARI ba="0,1" hai="13,14,17,18,19,39,42,46,51,53,58,61,64,68" machi="39" ten="30,8000,1" yaku="1,1,0,1,24,2,52,1,53,0" doraHai="43" doraHaiUra="134" who="0" fromWho="0" sc="240,90,224,-40,250,-20,276,-20" /><INIT seed="2,0,0,2,4,104" ten="330,184,230,256" oya="2" hai0="66,80,119,77,71,53,108,64,117,112,74,68,47" hai1="114,84,62,37,129,41,113,2,19,34,8,106,128" hai2="76,51,97,6,58,83,65,102,57,42,20,91,115" hai3="3,16,89,28,10,134,110,54,17,22,39,13,103"/><V81/><F115/><W90/><G39/><T105/><D112/><U29/><E106/><V52/><F6/><W86/><G110/><T69/><D105/><U33/><E62/><V32/><F32/><N who="1" m="12393" /><E84/><V133/><F133/><W30/><G103/><T59/><D47/><U132/><E41/><V35/><F35/><W43/><G43/><T31/><D31/><U9/><E29/><V70/><F70/><W50/><G3/><T111/><D53/><U26/><E37/><V55/><F42/><W92/><G90/><T36/><D59/><U75/><E75/><V99/><F20/><W135/><G135/><T94/><D94/><U18/><E132/><V72/><F65/><N who="0" m="25194" /><D36/><U73/><E73/><V24/><F24/><N who="3" m="14415" /><G134/><T1/><D1/><U79/><E79/><V88/><F102/><W60/><G60/><T130/><D130/><N who="1" m="50283" /><E26/><V25/><F25/><W125/><G125/><T109/><AGARI ba="0,0" hai="68,69,71,74,77,80,108,109,111,117,119" m="25194" machi="109" ten="50,3200,0" yaku="14,1,52,1" doraHai="104" who="0" fromWho="0" sc="330,32,184,-8,230,-16,256,-8" /><INIT seed="3,0,0,5,1,53" ten="362,176,214,248" oya="3" hai0="101,13,62,32,96,16,15,98,65,127,132,82,0" hai1="93,17,85,28,134,129,128,131,64,109,100,71,56" hai2="111,94,106,87,70,40,26,34,97,135,11,63,51" hai3="104,6,84,77,9,121,50,5,108,86,125,118,66"/><W120/><G104/><T35/><D0/><U78/><E109/><V83/><F135/><W126/><G66/><T27/><D132/><U69/><E134/><V91/><F106/><W110/><G50/><T7/><D127/><N who="3" m="48649" /><G77/><T107/><D7/><N who="3" m="2569" /><G9/><T47/><D98/><U22/><E28/><V31/><F11/><W95/><G95/><T103/><D103/><U46/><E46/><V90/><F111/><N who="3" m="42539" /><G118/><T88/><D47/><U30/><E78/><V57/><F70/><W20/><G20/><T130/><D65/><U114/><E71/><V2/><F2/><W76/><G76/><T113/><D107/><U19/><E69/><V122/><F51/><W4/><N who="3" m="2577" /><W80/><DORA hai="43" /><G80/><T115/><D82/><U54/><E64/><V23/><F40/><W102/><G102/><T58/><D101/><U74/><E100/><V105/><F23/><W42/><G42/><T24/><D62/><U99/><E99/><V33/><F105/><W44/><G44/><T59/><D96/><U39/><E93/><V8/><F8/><W14/><G14/><T48/><D48/><U49/><E22/><V45/><F45/><W89/><G89/><T3/><D88/><U1/><E49/><V36/><F90/><W112/><G112/><T10/><D10/><U37/><E114/><V12/><F83/><W119/><G119/><T61/><D61/><U38/><E1/><V92/><F63/><W21/><G21/><T18/><D3/><U123/><E39/><V124/><F36/><W52/><G52/><T116/><D116/><U117/><E117/><V29/><F124/><RYUUKYOKU ba="0,0" sc="362,15,176,-15,214,-15,248,15" hai0="13,15,16,18,24,27,32,35,58,59,113,115,130" hai3="84,86,120,121" /><INIT seed="3,1,0,4,1,2" ten="377,161,199,263" oya="3" hai0="48,45,43,90,115,55,101,125,41,130,0,11,82" hai1="118,126,12,67,132,106,17,42,127,44,69,123,86" hai2="92,18,27,105,93,120,66,116,40,39,122,22,78" hai3="76,77,5,119,95,65,32,131,28,79,58,49,56"/><W88/><G119/><T24/><D115/><U74/><E123/><N who="2" m="47147" /><F105/><W60/><G32/><T9/><D130/><U62/><E74/><V111/><F78/><W96/><G28/><T19/><D125/><U47/><E106/><V3/><F3/><W114/><G131/><T46/><D101/><U33/><E33/><V54/><F116/><W85/><G114/><T14/><D24/><U133/><E118/><V1/><F66/><W117/><G117/><T38/><D0/><U61/><E86/><V103/><F111/><W99/><G5/><T70/><D70/><N who="1" m="42351" /><E17/><V98/><F1/><W75/><G75/><T97/><D11/><U51/><E12/><V87/><F54/><AGARI ba="1,0" hai="49,54,56,58,60,65,76,77,79,85,88,95,96,99" machi="54" ten="40,3900,0" yaku="8,1,54,1" doraHai="2" who="3" fromWho="2" sc="377,0,161,0,199,-42,263,42" /><INIT seed="3,2,0,1,1,129" ten="377,161,157,305" oya="3" hai0="126,123,52,105,1,118,104,59,27,53,63,30,80" hai1="92,61,96,84,73,28,119,46,41,15,78,8,14" hai2="31,51,121,36,45,89,110,91,67,114,112,75,20" hai3="6,4,5,81,65,42,62,120,97,49,71,10,50"/><W76/><G120/><T21/><D123/><U29/><E119/><V33/><F33/><W16/><G97/><T79/><D118/><U122/><E73/><V106/><F106/><W38/><G38/><T35/><D1/><U44/><E15/><V57/><F75/><W113/><G42/><T102/><D126/><U55/><E46/><V101/><F110/><W17/><G113/><T131/><D131/><U128/><E122/><V34/><F34/><W93/><G93/><T37/><D37/><U85/><E85/><V47/><F114/><W90/><G90/><T99/><D35/><U54/><E128/><V74/><F74/><W87/><REACH who="3" step="1"/><G10/><REACH who="3" ten="377,161,157,295" step="2"/><T124/><D124/><U9/><E9/><V22/><F36/><W94/><G94/><T77/><D105/><U135/><E92/><V100/><F112/><W98/><G98/><T24/><D99/><U58/><E96/><V19/><F121/><W69/><G69/><T7/><D104/><U48/><E54/><V86/><F67/><W127/><G127/><T103/><D53/><U70/><E70/><V107/><F107/><W88/><G88/><T125/><D125/><U3/><E3/><V68/><F68/><W26/><G26/><T108/><D27/><U2/><E2/><V134/><F91/><W60/><G60/><T82/><D63/><U12/><E12/><N who="2" m="9319" /><F100/><W11/><G11/><T0/><D103/><U109/><E8/><V13/><F101/><W32/><G32/><T23/><D102/><U39/><E39/><V64/><F13/><W25/><G25/><T72/><D24/><U40/><E14/><RYUUKYOKU ba="2,1" sc="377,-10,161,-10,157,-10,295,30" hai3="4,5,6,16,17,49,50,62,65,71,76,81,87" /><INIT seed="3,3,1,5,3,79" ten="367,151,147,325" oya="3" hai0="122,18,5,49,65,19,100,134,80,102,94,70,128" hai1="9,41,95,40,73,125,76,129,57,110,74,118,0" hai2="120,28,92,32,66,133,47,11,4,7,93,86,68" hai3="72,78,15,60,116,46,36,26,51,13,121,103,106"/><W33/><G121/><T130/><D122/><U117/><E110/><V8/><F133/><W112/><G36/><T22/><D5/><N who="1" m="1191" /><E129/><N who="0" m="49769" /><D94/><U55/><E125/><V17/><F120/><W113/><G116/><N who="1" m="44650" /><E95/><V38/><F38/><W115/><G60/><N who="0" m="40231" /><D19/><U42/><E76/><V111/><F111/><W67/><G67/><T45/><D80/><U99/><E99/><V58/><F68/><W91/><G91/><T29/><D29/><U39/><E39/><V63/><F47/><W14/><G103/><T53/><D134/><U124/><E124/><V127/><F127/><W1/><G106/><T23/><D23/><U104/><E104/><V30/><F32/><W105/><G105/><T27/><AGARI ba="3,1" hai="18,22,27,45,49,53,100,102" m="40231,49769" machi="27" ten="30,1100,0" yaku="19,1" doraHai="79" who="0" fromWho="0" sc="367,30,151,-6,147,-6,325,-8" /><INIT seed="4,0,0,5,5,61" ten="397,145,141,317" oya="0" hai0="8,60,30,116,29,83,133,26,81,35,114,102,12" hai1="39,24,78,113,90,122,84,104,40,49,48,119,45" hai2="16,5,37,93,77,22,10,98,74,71,46,28,94" hai3="32,42,109,11,121,108,50,67,120,91,117,132,134"/><T34/><D116/><U65/><E119/><V86/><F74/><W79/><G79/><T112/><D102/><U92/><E122/><N who="3" m="47210" /><G32/><T110/><D60/><U54/><E104/><V13/><F28/><W25/><G25/><N who="0" m="18895" /><D83/><U82/><E24/><V51/><F71/><W124/><G11/><T36/><D36/><U14/><E113/><N who="0" m="43625" /><D81/><U125/><E125/><V80/><F37/><W18/><G91/><T131/><D131/><U99/><E39/><V85/><F85/><W118/><G18/><N who="0" m="8455" /><D133/><N who="3" m="51305" /><G42/><T57/><D57/><U63/><E14/><N who="2" m="9495" /><F98/><W75/><G50/><T100/><D100/><U55/><REACH who="1" step="1"/><E49/><REACH who="1" ten="397,135,141,317" step="2"/><V31/><F31/><W70/><G124/><T69/><D69/><AGARI ba="0,1" hai="40,45,48,54,55,63,65,69,78,82,84,90,92,99" machi="69" ten="30,8000,1" yaku="1,1,2,1,7,1,52,1,53,1" doraHai="61" doraHaiUra="64" who="1" fromWho="0" sc="397,-80,135,90,141,0,317,0" /><INIT seed="5,0,0,3,5,78" ten="317,225,141,317" oya="1" hai0="93,125,70,113,133,6,65,116,85,17,7,26,75" hai1="92,24,67,82,63,60,0,76,114,4,64,123,109" hai2="12,42,45,44,131,61,49,73,95,110,25,132,35" hai3="68,66,16,53,79,90,38,9,34,62,77,3,5"/><U13/><E123/><V94/><F110/><W128/><G38/><T43/><D75/><U104/><E104/><V88/><F131/><W33/><G128/><T18/><D43/><U11/><E109/><V32/><F132/><W15/><G90/><T124/><D65/><U134/><E134/><V89/><F73/><W29/><G53/><T96/><D70/><U117/><E117/><V28/><F61/><W39/><G39/><T56/><D56/><U54/><E0/><V21/><F45/><W8/><REACH who="3" step="1"/><G29/><REACH who="3" ten="317,225,141,307" step="2"/><T101/><D133/><U115/><E54/><V91/><REACH who="2" step="1"/><F12/><REACH who="2" ten="317,225,131,307" step="2"/><W83/><G83/><T10/><D116/><U120/><E63/><V103/><F103/><W102/><G102/><T71/><D101/><U122/><E122/><V22/><F22/><W58/><G58/><T36/><D71/><U98/><E120/><V80/><F80/><W2/><G2/><T118/><D118/><U59/><E67/><V72/><F72/><W84/><G84/><T47/><D85/><U20/><E82/><V74/><F74/><W130/><G130/><T37/><D37/><U112/><E76/><AGARI ba="0,2" hai="3,5,8,9,15,16,33,34,62,66,68,76,77,79" machi="76" ten="40,2600,0" yaku="1,1,54,1,53,0" doraHai="78" doraHaiUra="99" who="3" fromWho="1" sc="317,0,225,-26,131,0,307,46" /><INIT seed="6,0,0,4,2,104" ten="317,199,131,353" oya="2" hai0="20,5,93,36,35,115,49,30,4,88,125,132,41" hai1="87,11,96,72,129,7,103,123,0,15,82,43,18" hai2="106,56,110,75,135,69,109,67,114,28,86,45,42" hai3="94,97,26,124,92,39,21,108,84,120,1,9,126"/><V83/><F106/><W23/><G39/><T55/><D35/><U113/><E113/><V130/><F114/><W100/><G120/><T31/><D115/><U95/><E129/><V33/><F130/><W32/><G108/><N who="2" m="41577" /><F135/><W121/><G121/><T57/><D125/><N who="3" m="48233" /><G92/><T22/><D36/><U34/><E123/><V77/><F56/><W107/><G1/><T66/><D41/><U62/><E43/><V52/><F52/><W12/><G107/><T70/><D70/><U47/><E47/><V48/><F67/><W98/><G98/><T19/><D66/><U25/><E62/><V61/><F61/><W71/><G84/><N who="0" m="52359" /><D132/><U29/><E87/><V76/><F69/><W102/><G102/><T90/><D90/><U85/><E85/><V119/><F119/><W118/><G118/><T128/><D128/><U2/><REACH who="1" step="1"/><E7/><REACH who="1" ten="317,189,131,353" step="2"/><N who="0" m="2633" /><D19/><U80/><E80/><N who="2" m="45087" /><F28/><AGARI ba="0,1" hai="20,22,28,30,31,49,55,57" m="2633,52359" machi="28" ten="30,2000,0" yaku="8,1,54,1" doraHai="104" who="0" fromWho="2" sc="317,30,189,0,131,-20,353,0" /><INIT seed="7,0,0,5,2,85" ten="347,189,111,353" oya="3" hai0="70,49,43,83,13,74,131,63,16,12,98,46,2" hai1="92,5,59,23,66,19,104,132,53,110,113,99,1" hai2="28,97,60,40,8,95,32,73,94,116,7,61,4" hai3="11,14,41,62,126,123,30,87,112,55,34,75,22"/><W25/><G123/><T44/><D2/><U128/><E110/><V100/><F73/><W117/><G75/><T36/><D131/><U118/><E128/><V103/><F116/><W18/><G117/><T26/><D70/><U91/><E118/><V125/><F125/><W6/><G126/><T67/><D98/><U68/><E113/><V54/><F32/><W90/><G41/><T39/><D26/><U102/><E132/><V96/><F40/><W37/><G37/><T48/><D13/><U101/><E5/><V51/><F28/><W15/><G112/><T134/><D134/><U121/><E1/><V45/><REACH who="2" step="1"/><F7/><REACH who="2" ten="347,189,101,353" step="2"/><W57/><G34/><T108/><D108/><U106/><E121/><V10/><F10/><W76/><G30/><T3/><D74/><U69/><E106/><V122/><F122/><W17/><G6/><T86/><D3/><U105/><E105/><V64/><F64/><W109/><G109/><T72/><D72/><U65/><E65/><V31/><F31/><W47/><G11/><T29/><D29/><U107/><E107/><V115/><F115/><W79/><G18/><T88/><D39/><U127/><E127/><V80/><F80/><N who="3" m="49511" /><G15/><T35/><D35/><U52/><E104/><V133/><F133/><W120/><G14/><T114/><D114/><U38/><E38/><V0/><AGARI ba="0,1" hai="0,4,8,45,51,54,60,61,94,95,96,97,100,103" machi="0" ten="20,8000,1" yaku="1,1,0,1,7,1,9,1,53,1" doraHai="85" doraHaiUra="50" who="2" fromWho="2" sc="347,-20,189,-20,101,90,353,-40" owari="327,42.7,169,-33.1,191,-20.9,313,11.3" /></mjloggm>