<mjloggm ver="2.3"><GO type="137" lobby="0"/><UN n0="%E5%A4%9C%E3%81%AE%E5%B8%B3" n1="%70%65%61%73%6B%65" n2="%E5%85%83%E3%83%8B%E3%83%BC%31%E5%8F%B7" n3="%E2%93%9D%4C%75%63%6B%79%4A" dan="11,13,11,12" rate="1583.84,1716.70,1699.73,1867.67" sx="M,F,M,M"/><TAIKYOKU oya="0"/><INIT seed="0,0,0,0,2,16" ten="250,250,250,250" oya="0" hai0="61,29,36,78,44,56,88,129,117,82,131,39,76" hai1="108,72,93,95,90,103,22,120,122,12,107,19,17" hai2="118,123,25,96,13,51,46,73,49,55,1,54,41" hai3="23,38,9,75,48,94,65,111,68,133,43,116,11"/><T30/><D117/><U42/><E72/><V59/><F73/><W74/><G116/><T110/><D44/><U124/><E107/><V69/><F118/><W79/><G133/><T134/><D134/><U18/><E124/><V113/><F123/><W92/><G65/><T135/><D135/><U28/><E28/><V125/><F113/><W106/><G106/><T80/><D56/><U15/><E103/><V98/><F125/><W104/><G104/><T62/><D110/><U57/><E95/><V2/><F69/><W97/><G68/><T6/><D6/><U102/><E102/><V32/><F13/><W50/><G43/><T37/><D37/><U128/><E19/><V114/><F114/><W52/><G38/><T121/><D121/><U126/><E42/><V24/><F41/><W26/><G79/><T47/><D47/><U70/><E70/><V81/><F81/><W101/><G111/><T130/><D130/><U31/><E31/><V115/><F115/><W27/><G101/><T100/><D100/><U8/><E128/><V20/><F32/><W127/><G97/><T112/><D112/><U0/><E126/><V4/><F4/><W3/><G127/><T7/><D7/><U35/><E35/><V66/><F66/><W119/><G119/><T45/><D45/><U85/><E108/><V87/><F87/><W10/><G11/><T132/><D132/><U5/><E57/><V67/><F67/><W14/><G3/><T53/><D53/><U63/><E63/><V58/><F46/><W34/><G52/><T60/><D60/><U89/><E89/><AGARI ba="0,0" hai="29,30,36,39,61,62,76,78,80,82,88,89,129,131" machi="89" ten="25,9600,0" yaku="6,1,22,2,54,1" doraHai="16" who="0" fromWho="1" sc="250,96,250,-96,250,0,250,0" /><INIT seed="0,1,0,1,2,113" ten="346,154,250,250" oya="0" hai0="79,36,112,27,114,2,89,134,17,18,110,12,6" hai1="45,71,65,22,53,37,50,111,25,59,77,56,34" hai2="75,120,57,40,9,78,60,48,103,99,87,11,105" hai3="82,8,55,52,4,33,104,123,46,81,95,38,88"/><T121/><D36/><U49/><E34/><V98/><F75/><W102/><G33/><T93/><D79/><U14/><E77/><V62/><F120/><W35/><G35/><T97/><D121/><U16/><E111/><V116/><F98/><W72/><G104/><T5/><D110/><U47/><E37/><V76/><F76/><W24/><G102/><T7/><D134/><U58/><E71/><V32/><F32/><W31/><G72/><T101/><D2/><U117/><E117/><V61/><F116/><W73/><G73/><T30/><D101/><U133/><E133/><V67/><F67/><W51/><G55/><T15/><D15/><U108/><E108/><V69/><F69/><W92/><G95/><T43/><D43/><U119/><E119/><V106/><F106/><W94/><G94/><T66/><D66/><U127/><E127/><V70/><F70/><W80/><G38/><T20/><REACH who="0" step="1"/><D18/><REACH who="0" ten="336,154,250,250" step="2"/><U13/><REACH who="1" step="1"/><E65/><REACH who="1" ten="336,144,250,250" step="2"/><V126/><F126/><W68/><G123/><T54/><D54/><AGARI ba="1,2" hai="13,14,16,22,25,45,47,49,50,53,54,56,58,59" machi="54" ten="40,8000,1" yaku="1,1,2,1,9,1,8,1,54,1,53,0" doraHai="113" doraHaiUra="90" who="1" fromWho="0" sc="336,-83,144,103,250,0,250,0" /><INIT seed="1,0,0,5,0,4" ten="253,247,250,250" oya="1" hai0="41,6,99,95,47,127,18,96,53,37,97,57,21" hai1="82,88,90,52,69,12,59,80,65,91,124,20,66" hai2="123,15,101,134,71,33,38,102,78,74,114,106,45" hai3="7,17,48,111,39,76,49,83,129,85,107,0,34"/><U13/><E69/><V120/><F101/><W77/><G34/><T64/><D64/><N who="1" m="24683" /><E124/><V63/><F63/><W35/><G39/><T46/><D46/><U44/><E44/><V31/><F15/><N who="1" m="5705" /><E20/><V75/><F45/><W135/><G35/><T30/><D30/><U72/><E72/><V109/><F31/><W42/><G42/><T55/><D127/><U8/><E8/><V43/><F43/><W25/><G7/><T113/><D113/><U118/><E118/><V79/><F79/><W67/><G77/><T1/><D55/><U2/><E2/><V125/><F78/><W58/><G76/><T133/><D6/><U117/><E117/><V10/><F102/><W5/><G5/><T32/><D32/><U29/><E29/><V122/><F75/><W3/><G3/><T19/><D19/><U62/><AGARI ba="0,0" hai="52,59,62,80,82,88,90,91" m="5705,24683" machi="62" ten="30,6000,0" yaku="8,1,54,2" doraHai="4" who="1" fromWho="1" sc="253,-20,247,60,250,-20,250,-20" /><INIT seed="1,1,0,2,0,117" ten="233,307,230,230" oya="1" hai0="91,47,85,15,123,65,24,42,103,34,17,89,126" hai1="95,22,5,57,6,49,130,19,75,132,73,61,64" hai2="101,97,76,122,16,2,25,116,55,44,119,66,39" hai3="11,0,110,68,8,92,50,121,56,71,77,38,87"/><U79/><E130/><V80/><F2/><W43/><G0/><T105/><D126/><U9/><E132/><V40/><F66/><W102/><G38/><T30/><D85/><U36/><E36/><V33/><F55/><W113/><G113/><T78/><D78/><U7/><E79/><V82/><F82/><W135/><G110/><T29/><D29/><U81/><E81/><V58/><F58/><W109/><G121/><T20/><D123/><U131/><E131/><V23/><F33/><W124/><G71/><T127/><D65/><U84/><E9/><V125/><F125/><W59/><G68/><T74/><D74/><U67/><E67/><V104/><REACH who="2" step="1"/><F122/><REACH who="2" ten="233,307,220,230" step="2"/><W90/><G59/><T48/><D127/><U115/><E115/><V46/><F46/><W100/><G56/><T133/><D133/><U88/><REACH who="1" step="1"/><E49/><REACH who="1" ten="233,297,220,230" step="2"/><V53/><F53/><W28/><G124/><T94/><D48/><U134/><E134/><V32/><F32/><W27/><G135/><T118/><D34/><U112/><E112/><V10/><F10/><W3/><G11/><T18/><D20/><U35/><E35/><V60/><F60/><W26/><G8/><T72/><D42/><U52/><E52/><V93/><F93/><W106/><G92/><T83/><D94/><U4/><N who="1" m="1024" /><DORA hai="37" /><U1/><E1/><V120/><F120/><W108/><G3/><T114/><D114/><U45/><E45/><V107/><F107/><W14/><G106/><T63/><D83/><U111/><E111/><V98/><F98/><W12/><G109/><T86/><D47/><U41/><E41/><RYUUKYOKU ba="1,2" sc="233,-15,297,15,220,15,230,-15" hai1="19,22,57,61,64,73,75,84,88,95" hai2="16,23,25,39,40,44,76,80,97,101,104,116,119" /><INIT seed="1,2,2,5,0,87" ten="218,312,235,215" oya="1" hai0="90,53,77,23,119,17,123,10,109,9,98,103,130" hai1="114,37,65,134,62,74,31,55,104,86,34,4,96" hai2="85,42,44,129,7,61,39,16,25,92,105,22,1" hai3="75,112,80,27,64,13,118,70,115,8,91,88,68"/><U83/><E74/><V107/><F61/><W76/><G27/><T2/><D119/><U29/><E114/><V60/><F129/><W89/><G118/><T111/><D130/><U5/><E37/><V54/><F7/><W6/><REACH who="3" step="1"/><G64/><REACH who="3" ten="218,312,235,205" step="2"/><T72/><D123/><U100/><E134/><V132/><F132/><W40/><G40/><T97/><D111/><U125/><E125/><V32/><F32/><W15/><G15/><T67/><D109/><U28/><E34/><V51/><F1/><W52/><G52/><T113/><D67/><U35/><E35/><V46/><REACH who="2" step="1"/><F60/><REACH who="2" ten="218,312,225,205" step="2"/><W79/><G79/><T73/><D2/><U3/><E3/><V93/><F93/><W131/><G131/><T135/><D135/><U101/><E55/><V48/><F48/><W18/><G18/><T84/><D53/><U38/><E38/><V128/><F128/><W50/><G50/><T124/><D17/><U47/><E4/><V81/><F81/><W120/><G120/><T102/><D124/><U82/><E5/><V117/><F117/><W24/><G24/><T122/><D122/><U43/><E83/><V30/><F30/><W58/><G58/><T0/><D0/><U57/><E28/><V21/><F21/><W106/><G106/><T121/><D23/><U69/><E29/><V110/><F110/><W126/><G126/><T116/><D121/><U71/><E31/><V45/><F45/><W36/><G36/><T11/><D116/><U66/><E47/><V26/><F26/><W95/><G95/><T78/><D10/><U14/><E104/><V19/><F19/><RYUUKYOKU ba="2,4" sc="218,-15,312,-15,225,15,205,15" hai2="16,22,25,39,42,44,46,51,54,85,92,105,107" hai3="6,8,13,68,70,75,76,80,88,89,91,112,115" /><INIT seed="2,3,4,3,2,57" ten="203,297,240,220" oya="2" hai0="0,3,94,130,105,45,77,101,79,69,68,31,26" hai1="121,97,16,60,93,116,123,88,40,34,100,41,92" hai2="109,17,120,54,80,128,119,84,6,66,61,122,133" hai3="108,10,46,35,103,56,78,20,67,7,42,13,90"/><V106/><F106/><W22/><G35/><T21/><D105/><U118/><E34/><V50/><F119/><W71/><G71/><T114/><D114/><U39/><E39/><V104/><F104/><W75/><G103/><T64/><D130/><U4/><E4/><V51/><F128/><W125/><G108/><T112/><D112/><U62/><E16/><V127/><F109/><W33/><G33/><T28/><D45/><U76/><E76/><V98/><F6/><W30/><G125/><T2/><D69/><U131/><E131/><V9/><F127/><W99/><G30/><T82/><D31/><U32/><E32/><V117/><F98/><W74/><G78/><T107/><D107/><U72/><E72/><V29/><F29/><W44/><G75/><T8/><D82/><U36/><E36/><V135/><F117/><W58/><G74/><T124/><D124/><U47/><E47/><N who="3" m="17962" /><G42/><N who="1" m="16490" /><E116/><V23/><F54/><W134/><G134/><N who="2" m="51209" /><F9/><W24/><G10/><T110/><D8/><U49/><E49/><V53/><F53/><W27/><G7/><T5/><D5/><U73/><E73/><V25/><F122/><N who="1" m="46601" /><E118/><V102/><F120/><W96/><G22/><T12/><D12/><U19/><E19/><V52/><F102/><W91/><G13/><T43/><D43/><U37/><E37/><V83/><F52/><W132/><G132/><T87/><D110/><U65/><E65/><V15/><F15/><W63/><G67/><T113/><D113/><U111/><E111/><V126/><F126/><W86/><G20/><T48/><D21/><U115/><E115/><RYUUKYOKU ba="3,4" sc="203,-10,297,30,240,-10,220,-10" hai1="60,62,88,92,93,97,100" /><INIT seed="3,4,4,1,2,125" ten="193,327,230,210" oya="3" hai0="41,64,104,89,62,100,23,135,18,107,66,31,13" hai1="74,115,87,45,22,106,55,67,32,24,65,34,12" hai2="131,43,26,54,59,21,73,118,27,35,10,8,78" hai3="84,15,132,20,96,14,90,6,16,86,79,33,42"/><W57/><G33/><T11/><D135/><U60/><E74/><V124/><F43/><W101/><G132/><T93/><D66/><U88/><E106/><V80/><F118/><W47/><G79/><T30/><D41/><U38/><E115/><V95/><F124/><W77/><G77/><T91/><D91/><U36/><E65/><V0/><F95/><W109/><G109/><T121/><D121/><U70/><E36/><V58/><F0/><W52/><G6/><T2/><D100/><U129/><E12/><V37/><F37/><W51/><G15/><T48/><D48/><U1/><E129/><V72/><F35/><W126/><G126/><T39/><D39/><U111/><E1/><V83/><F78/><W112/><G112/><T63/><D63/><U75/><E75/><V61/><F61/><W105/><REACH who="3" step="1"/><G90/><REACH who="3" ten="193,327,230,200" step="2"/><T134/><D134/><U128/><E111/><V94/><F72/><W56/><G56/><T82/><D2/><U76/><E76/><V116/><F73/><W19/><G19/><T4/><D31/><U69/><E70/><V50/><F116/><W108/><G108/><T117/><D117/><U29/><E38/><AGARI ba="4,5" hai="14,16,20,38,42,47,51,52,57,84,86,96,101,105" machi="38" ten="30,11600,0" yaku="1,1,7,1,54,2,53,0" doraHai="125" doraHaiUra="130" who="3" fromWho="1" sc="193,0,327,-128,230,0,200,178" /><INIT seed="3,5,0,2,1,48" ten="193,199,230,378" oya="3" hai0="100,81,29,74,2,83,95,94,40,84,46,44,71" hai1="117,129,99,26,80,101,115,61,112,30,58,105,5" hai2="120,16,130,11,134,56,131,116,93,125,75,114,27" hai3="33,79,103,53,62,69,96,86,22,17,102,4,25"/><W43/><G33/><T123/><D123/><U8/><E129/><V39/><F93/><W18/><G43/><T73/><D100/><U110/><E80/><V3/><F27/><W9/><G69/><T36/><D71/><U122/><E110/><V59/><F16/><W106/><G103/><T7/><D29/><U109/><E109/><V57/><F11/><W119/><G119/><T70/><D70/><U10/><E10/><V42/><F42/><W47/><G79/><T121/><D121/><U89/><E89/><V41/><F41/><W113/><G113/><T128/><D128/><U12/><E122/><V15/><F15/><W126/><G126/><T23/><D74/><U1/><E1/><V60/><F60/><W37/><G37/><T98/><D98/><U90/><E90/><V111/><F56/><W45/><G86/><T13/><D46/><U52/><REACH who="1" step="1"/><E117/><REACH who="1" ten="193,189,230,378" step="2"/><V67/><F131/><W77/><G9/><N who="0" m="2295" /><D83/><U97/><E97/><V34/><F130/><W91/><G96/><T107/><D107/><U51/><E51/><V104/><F111/><W124/><G106/><T135/><D135/><U19/><E19/><V49/><F134/><W50/><G18/><N who="0" m="10703" /><D84/><U88/><E88/><V0/><F3/><W82/><G91/><T24/><D24/><U85/><E85/><V20/><F120/><W68/><G25/><T127/><D95/><U92/><E92/><V35/><F114/><W118/><G118/><T87/><D94/><U14/><E14/><V65/><F116/><W78/><G82/><T76/><D87/><U66/><E66/><V21/><F67/><RYUUKYOKU ba="5,1" sc="193,15,189,15,230,-15,378,-15" hai0="36,40,44,73,76,81,127" hai1="5,8,12,26,30,52,58,61,99,101,105,112,115" /><INIT seed="4,6,1,0,0,7" ten="208,204,215,363" oya="0" hai0="80,39,125,92,50,134,90,47,68,124,133,29,27" hai1="26,9,56,24,35,11,114,70,83,42,31,37,131" hai2="40,129,79,16,58,85,43,13,104,62,22,118,44" hai3="99,21,86,61,65,36,55,66,94,121,59,18,15"/><T110/><D80/><U117/><E70/><V0/><F104/><W127/><G36/><T64/><D39/><U81/><E117/><V52/><F0/><W88/><G121/><T102/><D102/><U78/><E131/><V97/><F118/><W71/><G127/><N who="0" m="48715" /><D64/><U73/><E83/><N who="2" m="47359" /><F129/><W98/><REACH who="3" step="1"/><G66/><REACH who="3" ten="208,204,215,353" step="2"/><T49/><D110/><U38/><E37/><V77/><F77/><W107/><G107/><T57/><D68/><U119/><E119/><V76/><F76/><W100/><G100/><T53/><D49/><AGARI ba="6,2" hai="15,18,21,49,55,59,61,65,71,86,88,94,98,99" machi="49" ten="30,8000,1" yaku="1,1,7,1,25,2,54,1,53,0" doraHai="7" doraHaiUra="106" who="3" fromWho="0" sc="208,-98,204,0,215,0,353,118" /><INIT seed="5,0,0,5,5,123" ten="110,204,215,471" oya="1" hai0="96,50,26,12,34,61,112,133,69,134,14,28,127" hai1="11,60,118,88,75,59,16,39,83,95,18,43,68" hai2="79,57,5,49,35,91,38,77,121,103,99,124,64" hai3="55,115,54,32,46,131,20,74,48,82,132,76,9"/><U25/><E118/><V23/><F35/><W84/><G32/><T63/><D50/><U116/><E116/><V102/><F38/><W125/><G131/><T66/><D63/><U106/><E106/><V47/><F121/><W22/><G132/><T17/><D127/><U78/><E68/><V128/><F124/><W65/><G115/><T13/><D112/><U36/><E43/><V42/><F128/><W89/><G65/><T90/><D90/><U27/><E18/><V113/><F113/><W53/><G125/><T117/><D117/><U114/><E27/><V37/><F5/><W85/><G74/><T87/><D87/><U93/><E93/><V100/><F37/><W21/><REACH who="3" step="1"/><G9/><REACH who="3" ten="110,204,215,461" step="2"/><T104/><REACH who="0" step="1"/><D17/><REACH who="0" ten="100,204,215,461" step="2"/><U73/><E114/><V81/><F23/><W29/><G29/><T107/><D107/><U40/><E73/><V6/><F6/><W24/><G24/><T56/><D56/><U51/><E39/><V8/><F8/><W108/><G108/><T92/><D92/><AGARI ba="0,2" hai="20,21,22,46,48,53,54,55,76,82,84,85,89,92" machi="92" ten="40,2600,0" yaku="1,1,8,1,53,0" doraHai="123" doraHaiUra="111" who="3" fromWho="0" sc="100,-26,204,0,215,0,461,46" /><INIT seed="6,0,0,0,0,21" ten="74,204,215,507" oya="2" hai0="120,26,83,19,9,115,63,123,133,33,125,20,43" hai1="46,119,105,92,84,38,103,60,6,30,55,41,56" hai2="7,135,75,25,16,134,13,81,96,106,42,95,10" hai3="129,58,90,122,57,109,8,110,39,14,28,15,32"/><V65/><F106/><W29/><G39/><T73/><D73/><U40/><E119/><V79/><F65/><W62/><G122/><T71/><D43/><U88/><E6/><V72/><F42/><W44/><G90/><T67/><D115/><U127/><E40/><V85/><F96/><W18/><G129/><T102/><D125/><U51/><E127/><V17/><F17/><W118/><G44/><T114/><D114/><U111/><E30/><V112/><F112/><W108/><G118/><T45/><D45/><U53/><E111/><V12/><F12/><W48/><G48/><T70/><D70/><U22/><E105/><V23/><REACH who="2" step="1"/><F95/><REACH who="2" ten="74,204,205,507" step="2"/><W49/><G15/><T74/><D9/><U66/><E103/><V80/><F80/><W116/><G14/><T78/><D102/><U101/><E101/><V132/><AGARI ba="0,1" hai="7,10,13,16,23,25,72,75,79,81,85,132,134,135" machi="132" ten="30,12000,1" yaku="1,1,0,1,20,1,52,1,54,1,53,0" doraHai="21" doraHaiUra="113" who="2" fromWho="2" sc="74,-40,204,-40,205,130,507,-40" /><INIT seed="6,1,0,0,2,26" ten="34,164,335,467" oya="2" hai0="85,13,20,0,31,40,124,45,41,100,87,23,135" hai1="81,6,73,118,99,94,90,82,32,25,10,125,79" hai2="62,64,65,24,19,70,133,115,5,51,54,46,132" hai3="36,21,28,113,43,80,68,7,127,130,75,95,9"/><V114/><F5/><W12/><G68/><T14/><D0/><U3/><E118/><V89/><F89/><W117/><G127/><T105/><D124/><U74/><E125/><V47/><F19/><W129/><G43/><T15/><D45/><U55/><E55/><V97/><F97/><W111/><G36/><T106/><D15/><U102/><E25/><V44/><F24/><N who="3" m="16399" /><G95/><T104/><D104/><U58/><E58/><N who="2" m="33119" /><F65/><W112/><G117/><T76/><D135/><U98/><E32/><V110/><F110/><W103/><G103/><T107/><D107/><U108/><E108/><V92/><F92/><W42/><G111/><T96/><D76/><U34/><E34/><V16/><F16/><W120/><G80/><T67/><D67/><U119/><E119/><V123/><F123/><W116/><G120/><T52/><D52/><U84/><REACH who="1" step="1"/><E81/><REACH who="1" ten="34,154,335,467" step="2"/><V131/><F131/><W78/><G116/><T83/><D83/><U17/><E17/><V29/><F29/><W22/><G130/><T49/><D49/><U61/><E61/><V63/><F63/><W1/><G129/><T56/><D56/><U93/><AGARI ba="1,1" hai="3,6,10,73,74,79,82,84,90,93,94,98,99,102" machi="93" ten="20,2700,0" yaku="1,1,0,1,7,1,53,0" doraHai="26" doraHaiUra="109" who="1" fromWho="1" sc="34,-8,154,40,335,-14,467,-8" /><INIT seed="7,0,0,4,0,78" ten="26,194,321,459" oya="3" hai0="26,24,58,127,18,50,85,95,59,111,66,89,42" hai1="32,116,49,75,87,30,100,20,67,98,109,33,65" hai2="129,131,97,68,119,19,123,76,12,48,64,90,135" hai3="132,51,27,103,17,99,40,101,107,70,79,113,94"/><W108/><G70/><T54/><D111/><U56/><E75/><V133/><F64/><W44/><G108/><T11/><D127/><U23/><E109/><V16/><F68/><W102/><G107/><T92/><D42/><U80/><E116/><V105/><F76/><W77/><G113/><T96/><D66/><U115/><E115/><V14/><F105/><W124/><G132/><T6/><D59/><U128/><E128/><V29/><F97/><W15/><G27/><T47/><D6/><U53/><E33/><V0/><F90/><N who="3" m="55767" /><G124/><T110/><D58/><U28/><E32/><V121/><F48/><W63/><G63/><T86/><D110/><U25/><E20/><AGARI ba="0,0" hai="15,17,20,40,44,51,77,79,101,102,103" m="55767" machi="20" ten="30,1500,0" yaku="8,1" doraHai="78" who="3" fromWho="1" sc="26,0,194,-15,321,0,459,15" owari="26,-47.4,179,-22.1,321,12.1,474,57.4" /></mjloggm>