<mjloggm ver="2.3"><GO type="41" lobby="0"/><UN n0="%73%77%65%65%74%39%31" n1="%50%69%69%63%68%61%6E" n2="%E2%93%9D%4C%75%63%6B%79%4A" n3="%4D%6F%63%68%69%37" dan="14,14,18,13" rate="1960.32,1818.33,2213.43,1877.49" sx="M,M,M,M"/><TAIKYOKU oya="0"/><INIT seed="0,0,0,2,1,5" ten="250,250,250,250" oya="0" hai0="48,123,121,113,38,114,93,9,7,92,10,73,15" hai1="94,86,99,80,17,35,96,12,27,130,131,57,18" hai2="58,69,129,25,105,42,39,55,14,59,36,115,28" hai3="126,40,4,84,122,116,76,87,67,3,117,32,100"/><T24/><D73/><U103/><E99/><V53/><F105/><W78/><G32/><T41/><D38/><U19/><E35/><V112/><F14/><W16/><G126/><T81/><D81/><U30/><E30/><V68/><F28/><W63/><G122/><N who="0" m="46603" /><D41/><U127/><E127/><V20/><F20/><W88/><G40/><T70/><D70/><U52/><E27/><V51/><F25/><W46/><G46/><T72/><D72/><U102/><E102/><V26/><F26/><W1/><G100/><T50/><D24/><U85/><E85/><V89/><F89/><W135/><G88/><T62/><D62/><U134/><E134/><V60/><F129/><W91/><G91/><T97/><D15/><U75/><E75/><V77/><F77/><W90/><G63/><T71/><D7/><U119/><E119/><V45/><F39/><W106/><G76/><T13/><D13/><U65/><E65/><V107/><F107/><W108/><G78/><T43/><D43/><U104/><E104/><V83/><F83/><W11/><G106/><T29/><D29/><U132/><E132/><V47/><F47/><W125/><G135/><T61/><D61/><N who="1" m="36007" /><E131/><V23/><F23/><W74/><G74/><T54/><D71/><AGARI ba="0,0" hai="36,42,45,51,53,55,58,59,60,68,69,71,112,115" machi="71" ten="40,5200,0" yaku="34,3" doraHai="5" who="2" fromWho="0" sc="250,-52,250,0,250,52,250,0" /><INIT seed="1,0,0,5,2,106" ten="198,250,302,250" oya="1" hai0="110,77,134,35,101,45,31,84,43,89,103,63,130" hai1="131,39,7,88,135,69,72,37,62,105,79,38,58" hai2="95,15,18,65,115,119,42,8,133,91,12,0,48" hai3="83,85,66,73,55,49,129,23,71,41,78,53,75"/><U128/><E69/><V32/><F119/><W126/><G41/><T6/><D110/><U118/><E118/><V11/><F133/><W108/><G108/><T20/><D134/><U14/><E105/><V67/><F0/><W60/><G129/><N who="1" m="49738" /><E135/><V64/><F32/><W74/><G126/><T116/><D130/><U124/><E124/><V44/><F115/><W19/><REACH who="3" step="1"/><G49/><REACH who="3" ten="198,250,302,240" step="2"/><N who="0" m="26815" /><D116/><U111/><E111/><V112/><F112/><W98/><G98/><T36/><D36/><U81/><E39/><V28/><F28/><W22/><G22/><T21/><D35/><U34/><E34/><V107/><F107/><W24/><AGARI ba="0,1" hai="19,23,24,53,55,60,66,71,73,74,75,78,83,85" machi="24" ten="30,8000,1" yaku="1,1,0,1,52,3,53,0" doraHai="106" doraHaiUra="90" who="3" fromWho="3" sc="198,-20,250,-40,302,-20,240,90" /><INIT seed="2,0,0,1,0,98" ten="178,210,282,330" oya="2" hai0="121,122,108,48,37,64,116,117,24,40,113,103,86" hai1="36,19,32,77,132,65,15,35,135,111,85,54,127" hai2="49,59,5,52,2,94,58,92,38,82,79,9,18" hai3="43,12,80,90,29,133,106,68,17,1,119,63,20"/><V13/><F38/><W44/><G1/><T96/><D24/><U81/><E111/><V115/><F115/><W134/><G119/><N who="0" m="45643" /><D48/><U51/><E65/><V89/><F89/><W11/><G106/><N who="0" m="63847" /><D64/><U4/><E4/><V70/><F70/><W87/><G68/><T78/><D40/><U73/><E73/><V83/><F83/><W130/><G130/><T26/><D37/><U100/><E100/><V131/><F131/><W120/><G120/><N who="0" m="46187" /><D26/><U53/><E36/><V72/><REACH who="2" step="1"/><F59/><REACH who="2" ten="178,210,272,330" step="2"/><W16/><G44/><T22/><D113/><U42/><E81/><V67/><F67/><W41/><G80/><N who="0" m="47383" /><D22/><AGARI ba="0,1" hai="2,5,9,13,18,22,49,52,58,72,79,82,92,94" machi="22" ten="30,5800,0" yaku="1,1,7,1,54,1,53,0" doraHai="98" doraHaiUra="128" who="2" fromWho="0" sc="178,-58,210,0,272,68,330,0" /><INIT seed="2,1,0,4,3,129" ten="120,210,340,330" oya="2" hai0="8,112,22,37,77,126,69,58,133,98,120,42,86" hai1="132,33,108,44,66,117,87,131,57,0,121,99,85" hai2="84,127,105,68,74,38,65,89,122,103,72,10,34" hai3="88,92,50,94,46,48,35,130,32,5,119,47,51"/><V53/><F38/><W39/><G119/><T59/><D69/><U12/><E108/><V45/><F34/><W73/><G130/><T116/><D120/><U104/><E0/><V61/><F122/><W135/><G73/><T118/><D112/><U75/><E75/><V70/><F70/><W1/><G135/><T52/><D98/><U82/><E117/><N who="0" m="45161" /><D8/><U21/><E33/><V78/><F127/><W123/><G123/><T95/><D22/><U113/><E113/><V114/><F78/><W49/><G94/><T7/><D7/><U20/><E131/><V106/><F103/><W67/><G39/><T13/><D13/><U97/><E104/><V29/><F29/><W101/><G101/><T134/><D126/><U18/><E132/><N who="0" m="50793" /><D37/><U31/><E121/><V81/><F106/><W93/><G5/><T27/><D27/><U60/><E44/><V40/><F45/><W9/><G9/><T54/><D42/><U55/><E66/><V62/><F40/><W2/><G67/><T80/><D95/><U125/><E125/><V6/><F105/><W24/><G24/><T56/><AGARI ba="1,0" hai="52,54,56,58,59,77,80,86" m="50793,45161" machi="56" ten="40,12000,2" yaku="12,1,20,1,52,3,54,1" doraHai="129" who="0" fromWho="0" sc="120,123,210,-31,340,-61,330,-31" /><INIT seed="3,0,0,0,2,98" ten="243,179,279,299" oya="3" hai0="38,92,48,46,80,12,63,40,50,16,111,91,97" hai1="84,69,52,85,122,15,112,11,78,74,65,82,104" hai2="117,113,13,75,39,49,45,56,90,105,135,79,14" hai3="101,99,124,88,71,81,126,5,93,19,61,106,44"/><W30/><G5/><T6/><D111/><U2/><E122/><V58/><F39/><W76/><G30/><T34/><D34/><U27/><E112/><V53/><F105/><W70/><G19/><T55/><D6/><U103/><E2/><V31/><F117/><W114/><G114/><T47/><D80/><U33/><E33/><V51/><F135/><W23/><G23/><N who="0" m="11655" /><D38/><U123/><E27/><V94/><F75/><N who="3" m="43167" /><G44/><T77/><D77/><U4/><E123/><V43/><F79/><W118/><G118/><T120/><D120/><U87/><E65/><V109/><F109/><W128/><G128/><T127/><D127/><N who="3" m="48681" /><G61/><AGARI ba="0,0" hai="40,46,47,48,50,55,61,63,91,92,97" m="11655" machi="61" ten="30,2000,0" yaku="8,1,54,1" doraHai="98" who="0" fromWho="3" sc="243,20,179,0,279,0,299,-20" /><INIT seed="4,0,0,3,0,73" ten="263,179,279,279" oya="0" hai0="100,40,112,79,117,111,134,59,34,109,95,102,55" hai1="101,62,69,84,91,0,2,92,38,130,97,12,56" hai2="8,103,128,47,50,129,33,113,4,18,116,43,119" hai3="11,67,52,58,106,21,125,7,105,115,98,9,121"/><T80/><D34/><U54/><E130/><N who="2" m="50283" /><F103/><W27/><G115/><T29/><D117/><N who="2" m="45130" /><F33/><W49/><G125/><T114/><D40/><U88/><E38/><V99/><F99/><W13/><G121/><T126/><D29/><U5/><E69/><V81/><F18/><W37/><G37/><T76/><D134/><U41/><E41/><V15/><F81/><W60/><G11/><T3/><D3/><U35/><E35/><V61/><F61/><W6/><G6/><T90/><D126/><U48/><E62/><V71/><F71/><W23/><G98/><N who="0" m="57719" /><D80/><U82/><E5/><V1/><F113/><N who="0" m="43626" /><D102/><U96/><REACH who="1" step="1"/><E12/><AGARI ba="0,0" hai="1,4,8,12,15,43,47,50" m="45130,50283" machi="12" ten="30,2000,0" yaku="19,1,12,1" doraHai="73" who="2" fromWho="1" sc="263,0,179,-20,279,20,279,0" /><INIT seed="5,0,0,1,2,124" ten="263,159,299,279" oya="1" hai0="74,66,126,91,51,104,114,76,94,25,135,38,24" hai1="59,57,122,8,42,111,98,18,121,127,118,4,47" hai2="12,120,105,55,100,2,58,36,129,32,71,119,82" hai3="50,30,83,113,79,5,108,112,132,52,93,31,103"/><U29/><E118/><V33/><F119/><W3/><G108/><T16/><D38/><U99/><E127/><V21/><F71/><W70/><G70/><T85/><D126/><U106/><E111/><V10/><F36/><W15/><G3/><T130/><D104/><U65/><E29/><V13/><F82/><W77/><G132/><T95/><D66/><U109/><E109/><V110/><F100/><W107/><G107/><T134/><D51/><U20/><E122/><V96/><F96/><N who="3" m="59791" /><G5/><T128/><D114/><N who="3" m="44137" /><G15/><T34/><D74/><U84/><E121/><V23/><F105/><W97/><G97/><T67/><D67/><U46/><E106/><V90/><F13/><W125/><G125/><T14/><D76/><N who="3" m="29257" /><G83/><N who="0" m="49599" /><D34/><U7/><E65/><V87/><F33/><W28/><G28/><T92/><D25/><U35/><E35/><V44/><F32/><W45/><AGARI ba="0,0" hai="30,31,45,50,52" m="29257,44137,59791" machi="45" ten="30,2000,0" yaku="15,1,54,1" doraHai="124" who="3" fromWho="3" sc="263,-5,159,-10,299,-5,279,20" /><INIT seed="6,0,0,0,4,96" ten="258,149,294,299" oya="2" hai0="113,67,70,133,49,63,120,98,71,130,27,107,125" hai1="121,105,56,69,15,132,102,54,43,112,80,52,119" hai2="45,5,128,76,2,88,62,99,95,66,31,123,35" hai3="86,46,79,44,127,26,53,40,60,118,39,72,33"/><V30/><F123/><W65/><G72/><T73/><D120/><U10/><E119/><V97/><F128/><W77/><G118/><T58/><D130/><U22/><E69/><V109/><F109/><W0/><G0/><T16/><D73/><U29/><E121/><V108/><F108/><W47/><G127/><T34/><D125/><U131/><E131/><V117/><F117/><W94/><G53/><T122/><D122/><U42/><E112/><V114/><F76/><W110/><G110/><T111/><D111/><U37/><E132/><V25/><F31/><W55/><G55/><T57/><D113/><U21/><E80/><V4/><F114/><W85/><G85/><T75/><D75/><U48/><E37/><V17/><F17/><W91/><G79/><T134/><D71/><U89/><E89/><V103/><F45/><W1/><G1/><T129/><D129/><U41/><E54/><V92/><REACH who="2" step="1"/><F2/><REACH who="2" ten="258,149,284,299" step="2"/><W101/><G77/><T115/><D115/><U59/><E29/><V36/><F36/><W12/><G47/><T87/><D134/><U93/><E56/><AGARI ba="0,1" hai="4,5,25,30,35,56,62,66,88,92,95,97,99,103" machi="56" ten="30,11600,0" yaku="1,1,7,1,52,1,54,1,53,0" doraHai="96" doraHaiUra="9" who="2" fromWho="1" sc="258,0,149,-116,284,126,299,0" /><INIT seed="6,1,0,0,1,84" ten="258,33,410,299" oya="2" hai0="1,108,50,99,21,45,30,121,23,28,29,66,22" hai1="60,117,113,43,14,76,31,11,4,19,94,111,93" hai2="85,105,122,135,16,41,119,24,0,6,36,26,123" hai3="106,73,53,65,100,118,70,12,62,49,116,109,7"/><V2/><F105/><W37/><G73/><T129/><D121/><N who="2" m="46090" /><F41/><W9/><G109/><T104/><D108/><U97/><E111/><V101/><F101/><W44/><G100/><T39/><D104/><U52/><E113/><V132/><F36/><W20/><G106/><T79/><D39/><U42/><E117/><V126/><F85/><W8/><G20/><T33/><D33/><U86/><E31/><V88/><F6/><W81/><G81/><T17/><D1/><N who="2" m="618" /><F126/><W5/><G37/><T110/><D110/><U127/><E127/><V102/><F102/><W61/><G61/><T131/><D99/><U133/><E133/><N who="2" m="51275" /><F119/><W125/><G125/><T120/><D120/><U3/><E3/><AGARI ba="1,0" hai="3,5,7,8,9,12,44,49,53,62,65,70,116,118" machi="3" ten="30,1000,0" yaku="7,1" doraHai="84" who="3" fromWho="1" sc="258,0,33,-13,410,0,299,13" /><INIT seed="7,0,0,5,2,127" ten="258,20,410,312" oya="3" hai0="7,72,88,119,121,19,83,67,61,122,91,60,94" hai1="97,40,15,39,117,76,120,110,13,96,82,116,36" hai2="46,93,47,8,124,0,80,22,81,105,28,106,90" hai3="56,58,108,99,51,33,63,32,17,129,70,59,111"/><W113/><G113/><T125/><D7/><U16/><E110/><N who="3" m="42026" /><G51/><T48/><D119/><U38/><E120/><V62/><F106/><W2/><G2/><T27/><D125/><U107/><E40/><V128/><F105/><W95/><G17/><T68/><D60/><U34/><E34/><N who="3" m="13418" /><G70/><T6/><D6/><U9/><E13/><V23/><F124/><W35/><N who="3" m="13426" /><W84/><DORA hai="4" /><G84/><T12/><D27/><U26/><E26/><V21/><F62/><W104/><G104/><T1/><D1/><U66/><E66/><V73/><F0/><W11/><G11/><T118/><D118/><N who="1" m="45675" /><E107/><V3/><F8/><W53/><G129/><T130/><D48/><U50/><E50/><V86/><F128/><W133/><G133/><T134/><D134/><U24/><E24/><V114/><F114/><W123/><G123/><T30/><D30/><U79/><E79/><N who="2" m="44271" /><F28/><W54/><G63/><T44/><D44/><U100/><E100/><V131/><F131/><W18/><G18/><T112/><D130/><U115/><E115/><V45/><F3/><W126/><G126/><T109/><D109/><U5/><E5/><V37/><F37/><N who="1" m="9473" /><U29/><DORA hai="74" /><E29/><V64/><F64/><W92/><G99/><N who="0" m="57799" /><D112/><U49/><E49/><V87/><F47/><W25/><G25/><T41/><D41/><U75/><AGARI ba="0,0" hai="9,15,16,75,76,82,96,97" m="9473,45675" machi="75" ten="50,8000,1" yaku="12,1,52,2,54,1" doraHai="127,4,74" who="1" fromWho="1" sc="258,-20,20,80,410,-20,312,-40" owari="238,-16.2,100,-40.0,390,49.0,272,7.2" /></mjloggm>