<mjloggm ver="2.3"><GO type="41" lobby="0"/><UN n0="%E3%83%9E%E3%83%AA%E3%83%83%E3%82%B5%E3%82%AF%E3%83%BC%E3%83%91%E3%83%BC" n1="%E2%93%9D%4C%75%63%6B%79%4A" n2="%43%55%4B%45%59" n3="%E5%A4%A9%E5%92%8C%E3%81%BE%E3%81%A0%E3%83%BC%EF%BC%9F" dan="15,18,15,15" rate="1951.73,2166.50,2031.56,2017.41" sx="M,M,M,F"/><TAIKYOKU oya="0"/><INIT seed="0,0,0,3,2,94" ten="250,250,250,250" oya="0" hai0="48,132,80,49,33,6,97,115,98,0,104,51,43" hai1="22,131,105,110,72,77,113,16,81,133,54,130,88" hai2="45,67,17,13,109,36,108,14,68,112,40,28,76" hai3="79,74,83,3,46,120,114,103,18,71,69,126,122"/><T1/><D115/><U135/><E113/><V41/><F112/><W117/><G114/><RYUUKYOKU type="kaze4" ba="0,0" sc="250,0,250,0,250,0,250,0" /><INIT seed="0,1,0,2,4,74" ten="250,250,250,250" oya="0" hai0="52,113,86,8,99,0,46,2,131,124,47,58,123" hai1="127,15,62,29,104,10,45,132,36,122,98,114,92" hai2="64,121,118,76,1,95,100,126,69,63,89,135,44" hai3="129,70,43,67,102,26,80,21,51,22,105,79,116"/><T88/><D123/><U14/><E122/><V31/><F121/><W35/><G129/><T71/><D113/><U53/><E104/><V27/><F1/><W93/><G43/><T108/><D131/><U66/><E114/><V39/><F126/><W112/><G93/><T111/><D124/><U87/><E29/><V34/><F118/><W115/><G51/><N who="0" m="31007" /><D71/><U4/><E132/><V68/><F135/><W109/><G109/><N who="0" m="42059" /><D99/><U38/><E53/><V119/><F119/><W133/><G133/><T54/><D54/><U130/><E130/><V82/><F69/><W32/><G116/><T117/><D117/><U103/><E127/><V57/><F68/><W3/><G3/><N who="0" m="1067" /><D8/><U5/><E45/><V83/><F44/><W84/><G115/><T77/><D77/><U75/><E98/><V81/><F100/><W59/><G59/><T33/><D33/><U110/><E103/><V78/><REACH who="2" step="1"/><F39/><REACH who="2" ten="250,250,240,250" step="2"/><W13/><G112/><T25/><D25/><U30/><E110/><V24/><F24/><W17/><G102/><T134/><D134/><U23/><E38/><V41/><F41/><W28/><G105/><T65/><D65/><U106/><E66/><V125/><F125/><W101/><G101/><T49/><D49/><U18/><E106/><V96/><AGARI ba="1,1" hai="27,31,34,57,63,64,76,78,81,82,83,89,95,96" machi="96" ten="30,7900,0" yaku="1,1,0,1,52,2,53,0" doraHai="74" doraHaiUra="16" who="2" fromWho="2" sc="250,-40,250,-21,240,92,250,-21" /><INIT seed="1,0,0,5,5,56" ten="210,229,332,229" oya="1" hai0="26,133,5,2,72,54,28,89,19,129,49,83,12" hai1="135,7,94,44,41,95,40,81,101,124,73,45,110" hai2="52,13,120,112,84,92,11,63,70,102,67,96,86" hai3="37,80,98,75,33,118,130,61,91,25,18,78,17"/><U82/><E124/><V79/><F120/><W121/><G130/><T55/><D129/><U38/><E135/><V3/><F112/><W53/><G121/><T123/><D133/><U31/><E31/><V108/><F108/><W21/><G33/><T119/><D123/><U34/><E34/><V8/><F79/><W88/><G37/><T134/><D119/><U24/><E24/><V105/><F3/><W32/><G32/><T64/><D64/><U4/><E101/><V42/><F42/><W106/><G18/><T128/><D128/><U51/><E110/><V97/><F52/><W107/><G91/><T117/><D55/><U57/><E57/><V23/><F23/><W100/><G118/><T0/><D5/><U50/><E73/><V115/><F8/><W113/><G113/><T22/><D134/><U68/><REACH who="1" step="1"/><E38/><REACH who="1" ten="210,219,332,229" step="2"/><V116/><F115/><W93/><G100/><T132/><D132/><U30/><E30/><V35/><F116/><W9/><G9/><N who="0" m="6543" /><D72/><U15/><E15/><V16/><F35/><W99/><G107/><T36/><D36/><U66/><E66/><V127/><F127/><W62/><G106/><T71/><D117/><U122/><E122/><V77/><F77/><W10/><G10/><T6/><D71/><AGARI ba="0,1" hai="4,7,40,41,44,45,50,51,68,71,81,82,94,95" machi="71" ten="25,12000,1" yaku="1,1,22,2,53,2" doraHai="56" doraHaiUra="65" who="1" fromWho="0" sc="210,-120,219,130,332,0,229,0" /><INIT seed="1,1,0,3,0,117" ten="90,349,332,229" oya="1" hai0="24,75,94,28,35,27,106,58,62,97,101,63,83" hai1="64,12,104,123,98,76,81,20,126,36,19,65,23" hai2="52,116,108,42,47,102,32,90,88,1,127,100,40" hai3="107,30,103,71,38,95,14,54,114,68,110,99,133"/><U34/><E34/><V78/><F116/><W122/><G110/><T113/><D113/><U25/><E36/><V51/><F1/><W48/><G38/><T111/><D111/><U124/><E104/><V4/><F32/><W74/><G114/><T2/><D2/><U129/><E98/><V61/><F108/><W67/><G74/><T29/><D106/><U105/><E105/><V128/><F4/><W57/><G133/><T41/><D41/><N who="2" m="15978" /><F127/><N who="1" m="48681" /><E129/><V44/><F128/><W89/><G122/><T6/><D6/><U135/><E123/><V80/><F61/><W109/><G67/><T9/><D9/><U84/><E135/><V119/><F47/><W43/><G43/><T26/><D26/><U3/><E3/><V91/><F119/><W0/><G0/><T18/><D18/><AGARI ba="1,0" hai="12,18,19,20,23,25,64,65,76,81,84" m="48681" machi="18" ten="30,1500,0" yaku="18,1" doraHai="117" who="1" fromWho="0" sc="90,-18,349,18,332,0,229,0" /><INIT seed="1,2,0,3,2,2" ten="72,367,332,229" oya="1" hai0="14,36,61,87,7,72,131,73,125,105,100,6,134" hai1="76,25,101,77,92,44,57,69,135,103,111,49,27" hai2="33,122,67,79,120,96,133,85,41,63,71,68,18" hai3="24,59,98,74,38,109,29,107,102,121,42,60,84"/><U75/><E69/><V62/><F33/><W108/><G121/><T80/><D36/><U3/><E3/><V12/><F133/><W58/><G74/><T13/><D134/><U65/><E135/><V126/><F126/><W54/><G42/><T86/><D125/><U31/><E75/><N who="0" m="28745" /><D80/><U78/><E111/><N who="3" m="42570" /><G84/><N who="0" m="32299" /><D100/><N who="1" m="38475" /><E31/><V106/><F41/><W32/><G59/><T130/><D105/><U82/><E82/><V34/><F106/><W28/><G28/><T37/><D37/><AGARI ba="2,0" hai="24,29,32,37,38,54,58,60,98,102,107" m="42570" machi="37" ten="30,1000,0" yaku="14,1" doraHai="2" who="3" fromWho="0" sc="72,-16,367,0,332,0,229,16" /><INIT seed="2,0,0,3,1,111" ten="56,367,332,245" oya="2" hai0="63,33,2,76,133,72,100,129,99,17,12,125,3" hai1="81,102,97,37,60,79,48,0,64,66,9,75,19" hai2="32,44,88,41,28,38,115,34,87,43,128,6,68" hai3="120,36,61,101,46,15,84,52,73,1,110,131,85"/><V25/><F128/><W78/><G110/><T5/><D129/><U22/><E37/><V104/><F68/><W135/><G135/><T121/><D121/><U49/><E9/><V83/><F104/><W16/><G1/><T130/><D130/><U109/><E0/><V55/><F43/><W31/><G120/><T91/><D133/><U82/><E82/><V54/><F34/><W119/><G119/><T69/><D125/><U14/><E109/><V127/><F127/><W108/><G108/><T105/><D33/><U20/><E22/><V58/><F6/><W96/><G36/><T7/><D2/><U113/><E113/><V47/><F115/><W114/><G114/><T24/><D24/><U118/><E66/><V8/><F8/><W86/><G31/><T42/><D42/><U45/><E45/><V74/><F44/><W117/><G117/><T112/><D3/><U123/><E123/><V39/><F39/><W59/><G46/><T132/><D132/><U106/><REACH who="1" step="1"/><E118/><REACH who="1" ten="56,357,332,245" step="2"/><V134/><F134/><W62/><G131/><T21/><D112/><U56/><AGARI ba="0,1" hai="14,19,20,48,49,56,60,64,75,79,81,97,102,106" machi="56" ten="20,8000,1" yaku="1,1,2,1,0,1,7,1,53,1" doraHai="111" doraHaiUra="11" who="1" fromWho="1" sc="56,-20,357,90,332,-40,245,-20" /><INIT seed="3,0,0,3,0,60" ten="36,447,292,225" oya="3" hai0="20,78,18,41,36,97,26,79,94,81,44,82,133" hai1="105,124,132,121,25,96,1,16,33,6,104,125,0" hai2="28,103,115,100,107,75,63,47,7,72,27,5,46" hai3="29,9,71,77,15,70,127,66,93,122,50,109,117"/><W101/><G117/><T52/><D133/><U135/><E96/><V83/><F115/><W119/><G119/><T48/><D81/><U108/><E6/><V10/><F107/><N who="1" m="41033" /><E121/><V128/><F128/><W73/><G122/><T23/><D82/><U24/><E33/><V17/><F63/><W102/><G109/><T91/><REACH who="0" step="1"/><D20/><REACH who="0" ten="26,447,292,225" step="2"/><N who="1" m="13447" /><E108/><V110/><F83/><W57/><G73/><T21/><D21/><U55/><E24/><V99/><F27/><W65/><G77/><T111/><D111/><U53/><E135/><V130/><F75/><W129/><G129/><T106/><D106/><U84/><E132/><V43/><F72/><W37/><G93/><T95/><D95/><U19/><E125/><V2/><F130/><W69/><G127/><T114/><D114/><U131/><E124/><V39/><F110/><W92/><G92/><T123/><D123/><U64/><E131/><V58/><F103/><W86/><G101/><T8/><D8/><U112/><E112/><V113/><F113/><W62/><G102/><T56/><AGARI ba="0,1" hai="18,23,26,36,41,44,48,52,56,78,79,91,94,97" machi="56" ten="20,5200,0" yaku="1,1,0,1,7,1,54,1,53,0" doraHai="60" doraHaiUra="80" who="0" fromWho="0" sc="26,62,447,-13,292,-13,225,-26" /><INIT seed="4,0,0,1,4,3" ten="88,434,279,199" oya="0" hai0="68,33,41,19,107,85,17,73,66,27,89,58,134" hai1="129,22,20,53,55,117,135,109,0,44,120,111,56" hai2="124,81,9,8,112,102,110,125,34,29,96,122,132" hai3="50,99,72,80,92,48,113,130,39,133,13,79,70"/><T76/><D134/><U12/><E0/><V62/><F132/><W121/><G113/><T43/><D68/><U35/><E135/><V87/><F122/><W98/><G130/><T30/><D107/><U77/><E77/><V103/><F110/><W74/><G39/><T7/><D7/><U123/><E44/><V83/><F112/><W90/><G72/><T37/><D76/><U31/><E56/><V21/><F34/><W15/><G70/><T97/><D97/><U119/><E31/><V69/><F62/><W16/><G15/><T2/><D2/><U75/><E12/><V82/><F69/><W71/><G71/><T127/><D127/><N who="2" m="48714" /><F87/><W57/><G121/><T32/><D32/><U46/><E46/><V40/><F40/><W63/><G99/><T131/><D131/><U11/><E35/><V94/><F103/><W108/><G108/><T100/><D100/><U114/><E114/><V128/><F128/><W104/><G104/><T67/><D73/><U59/><E129/><V5/><F5/><W26/><G26/><AGARI ba="0,0" hai="8,9,21,26,29,81,82,83,94,96,102" m="48714" machi="26" ten="30,1000,0" yaku="18,1" doraHai="3" who="2" fromWho="3" sc="88,0,434,0,279,10,199,-10" /><INIT seed="5,0,0,3,2,95" ten="88,434,289,189" oya="1" hai0="114,133,72,34,45,83,53,113,88,76,86,60,55" hai1="93,71,27,0,79,30,48,81,99,134,36,135,131" hai2="2,67,5,106,87,123,57,120,1,49,84,39,117" hai3="24,12,77,21,52,112,33,122,65,15,89,94,32"/><U41/><E71/><V17/><F17/><W31/><G112/><T4/><D34/><U6/><E36/><V42/><F57/><W47/><G65/><T46/><D133/><N who="1" m="50699" /><E131/><V100/><F49/><N who="3" m="28735" /><G32/><T25/><D25/><U74/><E6/><V19/><F19/><W14/><G33/><T116/><D116/><U28/><E0/><V62/><F117/><W61/><G122/><T16/><D4/><U101/><E27/><V96/><F87/><N who="3" m="52543" /><G61/><T54/><D60/><U69/><E69/><N who="2" m="42231" /><F84/><W64/><G77/><T18/><D46/><AGARI ba="0,0" hai="28,30,41,46,48,74,79,81,93,99,101" m="50699" machi="46" ten="30,2900,0" yaku="20,1,52,1" doraHai="95" who="1" fromWho="0" sc="88,-29,434,29,289,0,189,0" /><INIT seed="5,1,0,2,0,4" ten="59,463,289,189" oya="1" hai0="62,48,119,118,107,49,0,90,12,88,125,135,114" hai1="52,100,87,51,109,42,72,121,77,32,122,68,95" hai2="39,35,37,103,55,61,65,29,96,85,50,46,36" hai3="83,16,31,124,97,25,82,40,106,102,130,86,38"/><U54/><E32/><V69/><F85/><W60/><G124/><T41/><D125/><U26/><E68/><V10/><F29/><W24/><G130/><T64/><D114/><U15/><E72/><V113/><F35/><W63/><G83/><T89/><D135/><U99/><E109/><V1/><F1/><W19/><G40/><T58/><D0/><U18/><E26/><V115/><F96/><W78/><G38/><T71/><D107/><U128/><E128/><V67/><F103/><W93/><G106/><T3/><D3/><U131/><E131/><V75/><F75/><W132/><G132/><T116/><D71/><U120/><E77/><V123/><F10/><W127/><G127/><T59/><D41/><U73/><E73/><V27/><F27/><N who="3" m="10315" /><G31/><T5/><REACH who="0" step="1"/><D59/><REACH who="0" ten="49,463,289,189" step="2"/><U8/><E42/><V101/><F123/><W9/><G19/><T70/><D70/><U92/><E122/><V81/><F69/><W47/><G47/><T74/><D74/><U13/><E121/><V133/><F133/><W112/><G112/><T20/><D20/><U76/><E120/><V66/><F115/><W57/><G57/><T22/><D22/><U111/><E111/><V126/><F113/><W44/><G44/><T129/><D129/><U91/><E51/><V110/><F126/><W11/><G16/><T104/><D104/><U84/><E15/><V56/><F110/><W17/><G17/><T7/><D7/><U2/><E2/><V14/><F14/><W134/><G134/><T43/><D43/><U105/><E105/><V79/><F56/><W80/><G80/><AGARI ba="1,1" hai="8,13,18,52,54,76,80,84,87,91,92,95,99,100" machi="80" ten="40,12000,1" yaku="6,1,8,1,52,1,54,1" doraHai="4" who="1" fromWho="3" sc="49,0,463,133,289,0,189,-123" /><INIT seed="5,2,0,1,3,22" ten="49,596,289,66" oya="1" hai0="53,3,114,14,64,31,19,125,124,100,36,95,47" hai1="132,91,122,15,78,106,90,41,93,6,101,30,94" hai2="49,50,110,107,0,46,8,23,11,108,65,29,57" hai3="103,18,48,38,7,1,120,104,2,123,26,42,119"/><U115/><E122/><V128/><F107/><W79/><G38/><T54/><D114/><U56/><E115/><V9/><F128/><W118/><G79/><T61/><D3/><N who="3" m="1033" /><G103/><T5/><D5/><U89/><E30/><V131/><F131/><W86/><G86/><T25/><D100/><U34/><E34/><V28/><F65/><W10/><G42/><T51/><D95/><U76/><E132/><V97/><F97/><W82/><G82/><T70/><D36/><U32/><E32/><V68/><F68/><W33/><G48/><T45/><D45/><U60/><E41/><V35/><F57/><W59/><G59/><T134/><D134/><U66/><E106/><V58/><F58/><W116/><G104/><T73/><D73/><U72/><E72/><V121/><F46/><W39/><G39/><T67/><D67/><U102/><E102/><V99/><F99/><W4/><G33/><T96/><D96/><N who="1" m="59543" /><E93/><V117/><F121/><N who="3" m="46667" /><G10/><AGARI ba="2,0" hai="6,10,15,56,60,66,76,78,89,90,91" m="59543" machi="10" ten="30,1500,0" yaku="8,1" doraHai="22" who="1" fromWho="3" sc="49,0,596,21,289,0,66,-21" /><INIT seed="5,3,0,1,2,84" ten="49,617,289,45" oya="1" hai0="55,79,105,93,80,126,90,47,2,50,116,32,23" hai1="114,46,30,48,54,77,132,16,92,117,59,0,63" hai2="66,106,97,113,7,12,104,120,135,60,14,96,24" hai3="27,119,25,78,42,53,121,19,91,17,51,34,133"/><U111/><E117/><V87/><F120/><W100/><G121/><T43/><D116/><U95/><E0/><V112/><F135/><W36/><G133/><T44/><D32/><U28/><E132/><V67/><F60/><W64/><G78/><T81/><D105/><U49/><E114/><V26/><F87/><W72/><G72/><T89/><D126/><U85/><E49/><V40/><F40/><W99/><G64/><T41/><D2/><U129/><E129/><V20/><F20/><W102/><G42/><N who="0" m="15883" /><D44/><U101/><E111/><V131/><REACH who="2" step="1"/><F7/><REACH who="2" ten="49,617,279,45" step="2"/><W29/><G119/><T4/><D4/><U62/><E63/><V37/><F37/><W110/><G36/><T122/><D122/><U5/><E5/><V69/><F69/><W57/><G110/><T125/><D125/><U52/><E62/><V10/><F10/><W76/><G76/><T65/><D79/><U15/><E77/><V118/><F118/><W109/><G109/><T35/><D65/><U103/><E54/><V31/><F31/><W22/><REACH who="3" step="1"/><G17/><REACH who="3" ten="49,617,279,35" step="2"/><T71/><D71/><U75/><E16/><V123/><F123/><W107/><G107/><T33/><D50/><U130/><E48/><V58/><F58/><W9/><G9/><T8/><D8/><U3/><E59/><V18/><F18/><W86/><G86/><T83/><D47/><U56/><E46/><V108/><F108/><W115/><G115/><T128/><D128/><AGARI ba="3,2" hai="12,14,24,26,66,67,96,97,104,106,112,113,128,131" machi="128" ten="25,3200,0" yaku="1,1,22,2,53,0" doraHai="84" doraHaiUra="73" who="2" fromWho="0" sc="49,-41,617,0,279,61,35,0" /><INIT seed="6,0,0,3,4,38" ten="8,617,340,35" oya="2" hai0="92,108,123,119,26,126,50,33,76,67,60,24,102" hai1="28,58,5,57,56,109,90,133,72,100,61,19,59" hai2="88,7,66,75,65,111,36,134,25,10,51,37,8" hai3="113,77,104,34,86,54,32,22,132,23,103,87,83"/><V128/><F75/><W29/><G132/><T79/><D108/><U94/><E109/><V81/><F111/><W127/><G127/><T107/><D123/><U42/><E72/><V89/><F134/><W80/><G113/><T96/><D126/><U12/><E28/><V3/><F128/><W105/><G54/><T101/><D119/><U110/><E5/><V14/><F25/><W47/><G47/><T78/><D33/><U55/><E100/><V49/><F81/><W9/><G9/><T46/><D102/><U13/><E133/><V52/><F14/><W116/><G103/><T97/><D97/><U30/><E30/><V35/><F7/><W64/><G29/><T63/><D107/><U120/><E120/><V17/><F17/><W114/><G114/><T84/><D84/><U130/><E130/><V21/><F21/><W117/><REACH who="3" step="1"/><G77/><REACH who="3" ten="8,617,340,25" step="2"/><N who="0" m="19715" /><T121/><DORA hai="43" /><D121/><U44/><E110/><V2/><REACH who="2" step="1"/><F35/><REACH who="2" ten="8,617,330,25" step="2"/><W18/><G18/><T71/><D101/><U85/><REACH who="1" step="1"/><E19/><REACH who="1" ten="8,607,330,25" step="2"/><V70/><F70/><W125/><G125/><T6/><D71/><U4/><E4/><V53/><AGARI ba="0,3" hai="2,3,8,10,36,37,49,51,52,53,65,66,88,89" machi="53" ten="25,18000,2" yaku="1,1,0,1,22,2,54,2,53,0" doraHai="38,43" doraHaiUra="93,11" who="2" fromWho="2" sc="8,-60,607,-60,330,210,25,-60" owari="-52,-55.2,547,64.7,540,34.0,-35,-43.5" /></mjloggm>