<mjloggm ver="2.3"><GO type="41" lobby="0"/><UN n0="%79%79%68%31%65%73" n1="%E9%BA%BB%E9%9B%80%E3%81%93%E3%82%93%E3%81%95%E3%82%8B" n2="%4D%6F%6E%61%73%63%75%73" n3="%E2%93%9D%4C%75%63%6B%79%4A" dan="14,13,13,17" rate="1918.37,1904.39,1914.71,2143.50" sx="M,M,M,M"/><TAIKYOKU oya="0"/><INIT seed="0,0,0,3,0,104" ten="250,250,250,250" oya="0" hai0="23,59,20,82,112,95,17,107,61,108,121,123,46" hai1="74,120,21,124,97,9,66,67,48,49,40,111,47" hai2="72,55,103,26,54,42,62,110,52,27,43,29,127" hai3="88,75,84,71,51,65,78,44,89,3,92,116,64"/><T58/><D112/><U39/><E120/><V28/><F110/><W133/><G116/><T94/><D107/><U128/><E111/><V130/><F130/><W132/><G3/><T10/><D108/><U8/><E128/><V105/><F127/><W37/><G89/><T96/><D46/><U25/><E124/><V45/><F62/><W63/><G65/><T100/><D82/><U1/><E39/><V113/><F113/><W101/><G101/><T30/><D10/><U22/><E97/><V77/><F105/><W53/><REACH who="3" step="1"/><G37/><REACH who="3" ten="250,250,250,240" step="2"/><T0/><D0/><U114/><E1/><V36/><F103/><W34/><G34/><T98/><D100/><U18/><E114/><V57/><F36/><W69/><G69/><T13/><D61/><U70/><E70/><V91/><F91/><W60/><G60/><T2/><D2/><U131/><E131/><V118/><F118/><W32/><G32/><T14/><REACH who="0" step="1"/><D17/><REACH who="0" ten="240,250,250,240" step="2"/><U6/><E18/><V15/><F29/><AGARI ba="0,2" hai="13,14,20,23,29,30,58,59,94,95,96,98,121,123" machi="29" ten="25,18000,2" yaku="1,1,2,1,22,2,53,2" doraHai="104" doraHaiUra="19" who="0" fromWho="2" sc="240,200,250,0,250,-180,240,0" /><INIT seed="0,1,0,1,4,6" ten="440,250,70,240" oya="0" hai0="33,69,67,24,106,133,127,43,94,57,68,96,58" hai1="122,88,22,129,114,23,3,118,132,113,130,32,52" hai2="128,16,7,50,73,2,42,90,111,9,104,61,126" hai3="36,108,72,125,93,48,47,15,79,41,51,80,37"/><T83/><D127/><U56/><E32/><V74/><F126/><W110/><G125/><T62/><D133/><U12/><E3/><V81/><F111/><N who="3" m="42539" /><G93/><T124/><D124/><U85/><E12/><V26/><F128/><N who="1" m="49257" /><E118/><V134/><F104/><W49/><G37/><T13/><D69/><U76/><E76/><V14/><F26/><W8/><G36/><T135/><D135/><U116/><E116/><V82/><F61/><W121/><G121/><T131/><D131/><U4/><E4/><AGARI ba="1,0" hai="4,8,15,41,47,48,49,51,72,79,80" m="42539" machi="4" ten="30,2000,0" yaku="14,1,52,1" doraHai="6" who="3" fromWho="1" sc="440,0,250,-23,70,0,240,23" /><INIT seed="1,0,0,5,2,16" ten="440,227,70,263" oya="1" hai0="40,0,64,116,65,117,49,63,59,84,43,61,15" hai1="60,104,106,94,12,130,48,115,6,24,31,77,128" hai2="17,112,67,95,58,98,23,27,78,11,124,133,25" hai3="46,66,107,44,114,80,91,38,74,10,7,127,93"/><U120/><E115/><V118/><F133/><W83/><G114/><T132/><D0/><U35/><E120/><V41/><F124/><W85/><G107/><T1/><D1/><U108/><E77/><V87/><F118/><W19/><G66/><T33/><D33/><U86/><E108/><V68/><F68/><W21/><G127/><T123/><D84/><U18/><E6/><V51/><F11/><W34/><G34/><T3/><D3/><U96/><E86/><V125/><F125/><W129/><G129/><N who="1" m="49770" /><E60/><V89/><F112/><W100/><G38/><T90/><D90/><N who="1" m="55383" /><E48/><V55/><F67/><W88/><G100/><T37/><D15/><U20/><AGARI ba="0,0" hai="12,18,20,24,31,35,104,106" m="55383,49770" machi="20" ten="30,3000,0" yaku="19,1,52,1" doraHai="16" who="1" fromWho="1" sc="440,-10,227,30,70,-10,263,-10" /><INIT seed="1,1,0,3,3,1" ten="430,257,60,253" oya="1" hai0="34,13,97,41,66,120,131,64,94,49,40,96,71" hai1="17,128,60,89,105,37,73,11,115,118,8,67,123" hai2="4,112,80,12,52,5,2,56,36,24,58,59,32" hai3="98,86,54,27,134,129,72,22,117,106,57,6,25"/><U127/><E37/><V93/><F36/><W133/><G72/><T78/><D34/><U74/><E115/><V130/><F2/><W92/><G106/><T110/><D110/><U26/><E105/><V125/><F112/><W30/><G86/><T65/><D71/><U79/><E118/><V63/><F125/><W0/><G27/><T81/><D131/><U102/><E102/><V84/><F32/><W69/><G69/><T119/><D119/><U104/><E104/><V101/><F24/><W111/><G111/><T46/><D120/><U10/><E123/><V31/><F31/><W43/><G43/><T113/><D113/><U88/><E127/><V132/><F132/><W87/><G87/><T107/><D107/><U75/><E79/><V91/><F130/><W29/><G30/><T100/><D13/><U48/><E48/><V77/><F101/><W45/><G45/><T15/><D15/><U21/><REACH who="1" step="1"/><E128/><REACH who="1" ten="430,247,60,253" step="2"/><V62/><F12/><W23/><G117/><T95/><D49/><U108/><E108/><V55/><REACH who="2" step="1"/><F59/><AGARI ba="1,1" hai="8,10,11,17,21,26,59,60,67,73,74,75,88,89" machi="59" ten="50,4800,0" yaku="1,1,54,1,53,0" doraHai="1" doraHaiUra="76" who="1" fromWho="2" sc="430,0,247,61,60,-51,253,0" /><INIT seed="1,2,0,0,0,125" ten="430,308,9,253" oya="1" hai0="109,133,124,73,98,129,104,78,106,13,25,82,89" hai1="14,30,27,9,38,99,51,22,102,59,23,17,66" hai2="54,87,26,83,1,120,49,74,126,97,95,75,91" hai3="42,32,130,29,122,131,110,114,92,105,53,115,119"/><U72/><E38/><V18/><F120/><W35/><G122/><T19/><D124/><U20/><E72/><V132/><F132/><W100/><G92/><T15/><D109/><U61/><REACH who="1" step="1"/><E51/><REACH who="1" ten="430,298,9,253" step="2"/><V123/><F126/><W16/><G115/><T85/><D133/><U76/><E76/><V3/><F123/><W21/><G114/><T71/><D78/><U118/><E118/><V77/><F75/><W116/><G119/><T70/><D73/><U31/><E31/><V7/><F74/><W28/><G29/><T52/><D71/><U63/><E63/><V46/><F7/><W44/><G28/><T65/><D70/><U108/><E108/><V5/><F5/><W8/><G116/><T111/><D111/><U79/><E79/><V34/><F34/><W93/><G35/><T121/><D121/><U67/><E67/><V36/><F36/><W127/><G32/><T37/><D37/><U56/><E56/><V57/><F57/><W117/><G117/><T45/><D65/><U81/><E81/><V62/><F62/><W48/><G110/><T12/><D82/><U58/><E58/><V113/><F113/><W101/><G127/><T88/><D45/><U24/><E24/><V11/><F26/><W10/><G44/><T6/><D25/><U90/><E90/><V33/><F33/><W2/><G48/><T0/><D89/><U50/><E50/><V103/><F77/><W80/><G80/><T55/><D88/><U4/><E4/><V96/><F96/><W60/><G60/><T84/><D98/><U41/><E41/><V134/><F134/><RYUUKYOKU ba="2,1" sc="430,-15,298,15,9,15,253,-15" hai1="9,14,17,20,22,23,27,30,59,61,66,99,102" hai2="1,3,11,18,46,49,54,83,87,91,95,97,103" /><INIT seed="1,3,1,5,2,6" ten="415,313,24,238" oya="1" hai0="11,43,7,53,31,116,59,73,25,30,29,26,97" hai1="35,19,117,135,67,9,62,92,91,101,18,46,22" hai2="2,113,110,13,112,108,49,38,76,83,61,34,120" hai3="68,23,100,63,20,40,124,65,0,96,118,41,55"/><U94/><E35/><V125/><F2/><W42/><G0/><T104/><D73/><U15/><E117/><V79/><F38/><W107/><G118/><T70/><D70/><U74/><E74/><V109/><F34/><W48/><REACH who="3" step="1"/><G124/><REACH who="3" ten="415,313,24,228" step="2"/><T12/><D116/><U102/><E135/><V51/><F125/><W36/><G36/><T88/><D43/><U134/><E134/><V17/><F120/><W37/><G37/><T127/><D127/><U58/><E46/><AGARI ba="3,2" hai="20,23,40,41,42,46,48,55,63,65,68,96,100,107" machi="46" ten="40,1300,0" yaku="1,1,53,0" doraHai="6" doraHaiUra="5" who="3" fromWho="1" sc="415,0,313,-22,24,0,228,42" /><INIT seed="2,0,0,4,0,25" ten="415,291,24,270" oya="2" hai0="122,113,50,116,44,96,110,57,48,100,104,62,5" hai1="101,77,39,54,78,134,38,64,68,83,49,14,86" hai2="28,103,90,55,19,33,118,15,36,80,13,109,84" hai3="67,7,92,108,12,29,127,45,126,34,124,0,123"/><V42/><F118/><W72/><G72/><T37/><D122/><U91/><E134/><V18/><F103/><W26/><G67/><T106/><D113/><U11/><E101/><V30/><F36/><W6/><G123/><T79/><D110/><U97/><E68/><V98/><F42/><W69/><G69/><T74/><D37/><U135/><E64/><V32/><F109/><W20/><G92/><T105/><D50/><U95/><E135/><V75/><F33/><W111/><G45/><T27/><D5/><N who="3" m="1545" /><G0/><T114/><D114/><U22/><E22/><V10/><F32/><W65/><G65/><T8/><D8/><U102/><E39/><V16/><F75/><W46/><G46/><T47/><D47/><U128/><E128/><V23/><F98/><W56/><G56/><T89/><D89/><U88/><E38/><V41/><F41/><W133/><G133/><T1/><D1/><U60/><E60/><V130/><F130/><W31/><G31/><N who="2" m="11817" /><F55/><W119/><G119/><T59/><D74/><U43/><E102/><V107/><F107/><W66/><G66/><T129/><D129/><U112/><E43/><V61/><F19/><AGARI ba="0,0" hai="12,19,20,26,29,34,108,111,124,126,127" m="1545" machi="19" ten="40,8000,1" yaku="18,1,34,2,52,1" doraHai="25" who="3" fromWho="2" sc="415,0,291,0,24,-80,270,80" owari="415,51.5,291,-10.9,-56,-55.6,350,15.0" /></mjloggm>