<mjloggm ver="2.3"><GO type="41" lobby="0"/><UN n0="%E2%93%9D%4C%75%63%6B%79%4A" n1="%E3%81%8A%E3%81%95%E3%81%A3%E3%81%A1%E3%82%87" n2="%4B%72%61%75%73%65%72" n3="%E6%B2%99%E5%8F%A3" dan="15,15,14,15" rate="2143.96,1978.89,1964.79,2023.53" sx="M,M,M,M"/><TAIKYOKU oya="0"/><INIT seed="0,0,0,2,5,6" ten="250,250,250,250" oya="0" hai0="20,125,101,42,135,36,102,18,49,74,3,86,5" hai1="2,12,107,127,0,111,114,83,45,39,33,100,98" hai2="82,84,15,91,10,133,43,116,123,24,38,89,9" hai3="34,94,128,41,22,16,121,17,92,29,129,122,37"/><T118/><D118/><U8/><E111/><V103/><F123/><N who="3" m="47115" /><G37/><T53/><D74/><U126/><E33/><V14/><F133/><W68/><G68/><T99/><D135/><U78/><E114/><V58/><F103/><W66/><G66/><T60/><D125/><N who="1" m="47627" /><E45/><V13/><F38/><W77/><G41/><T44/><D86/><N who="1" m="48503" /><E39/><V28/><F43/><W132/><G77/><T115/><D115/><U25/><E25/><V32/><F116/><W75/><G75/><T51/><D102/><U67/><E67/><V120/><F120/><W87/><G34/><T85/><D85/><U63/><E63/><V23/><F32/><W47/><G47/><T57/><D3/><U90/><E90/><N who="2" m="51479" /><F58/><W61/><G61/><T46/><D46/><U97/><E97/><V81/><F81/><W7/><G132/><T55/><D36/><U30/><E30/><V70/><F70/><W62/><G62/><T31/><D31/><U69/><E69/><V112/><F112/><W110/><G110/><T26/><D42/><U105/><E105/><V117/><F117/><W93/><G87/><T64/><D64/><U54/><E54/><V95/><F91/><W79/><G79/><T124/><D124/><U11/><E12/><V73/><F73/><W71/><G71/><T27/><D60/><U134/><E134/><V96/><AGARI ba="0,0" hai="9,10,13,14,15,23,24,28,89,95,96" m="51479" machi="96" ten="30,4000,0" yaku="8,1,52,2" doraHai="6" who="2" fromWho="2" sc="250,-20,250,-10,250,40,250,-10" /><INIT seed="1,0,0,5,4,5" ten="230,240,290,240" oya="1" hai0="86,29,100,25,82,48,83,22,10,132,45,88,66" hai1="67,85,114,61,117,23,51,103,80,58,79,69,134" hai2="116,127,72,21,41,99,52,30,43,71,12,28,104" hai3="37,97,49,64,128,92,68,57,24,108,2,26,27"/><U54/><E114/><V90/><F72/><W9/><G37/><T46/><D132/><U120/><E117/><V11/><F71/><W53/><G128/><T89/><D100/><U7/><E120/><V32/><F32/><W106/><G106/><T38/><D38/><U18/><E134/><V35/><F35/><W122/><G122/><T14/><D66/><U1/><E103/><V101/><F116/><W130/><G130/><T62/><D62/><U20/><REACH who="1" step="1"/><E18/><REACH who="1" ten="230,230,290,240" step="2"/><V73/><F127/><W47/><G108/><T42/><D46/><U16/><E16/><V126/><F126/><W34/><G47/><T81/><D89/><U78/><E78/><V129/><F129/><W55/><G34/><T70/><D70/><U44/><E44/><V76/><F90/><W98/><G68/><T94/><D94/><U125/><E125/><V95/><F104/><W13/><G92/><T119/><D119/><U40/><E40/><V121/><F121/><W36/><G57/><T19/><AGARI ba="0,1" hai="10,14,19,22,25,29,42,45,48,81,82,83,86,88" machi="19" ten="20,8000,1" yaku="0,1,7,1,8,1,52,1,54,1" doraHai="5" who="0" fromWho="0" sc="230,90,230,-40,290,-20,240,-20" /><INIT seed="2,0,0,3,3,20" ten="320,190,270,220" oya="2" hai0="19,18,123,79,88,93,104,34,35,1,70,36,134" hai1="55,15,99,61,73,17,106,74,63,81,53,29,135" hai2="11,2,40,16,133,119,44,21,48,114,77,80,47" hai3="30,112,10,26,129,58,109,75,49,41,122,118,125"/><V127/><F119/><W94/><G118/><T67/><D104/><U23/><E135/><V5/><F133/><W96/><G122/><T128/><D134/><U39/><E39/><V38/><F127/><W115/><G125/><T91/><D79/><U45/><E106/><V97/><F97/><W86/><G75/><T27/><D36/><U113/><E113/><N who="3" m="43594" /><G86/><T132/><D1/><U56/><E99/><V117/><F114/><W78/><G78/><T42/><D42/><U116/><E116/><V43/><F117/><W120/><G10/><T102/><D67/><U51/><E29/><V124/><F124/><W107/><G120/><T24/><D132/><U68/><E68/><V108/><F108/><W101/><G109/><T83/><D70/><U13/><E81/><V92/><F92/><W90/><G129/><T62/><D62/><U85/><E85/><V65/><F65/><W46/><G58/><T72/><D72/><U50/><E73/><V52/><F43/><W126/><G126/><T82/><D93/><U6/><E74/><V100/><F100/><W9/><G9/><AGARI ba="0,0" hai="6,9,13,15,17,23,45,50,51,53,55,56,61,63" machi="9" ten="40,1300,0" yaku="8,1" doraHai="20" who="1" fromWho="3" sc="320,0,190,13,270,0,220,-13" /><INIT seed="3,0,0,0,5,107" ten="320,203,270,207" oya="3" hai0="37,81,36,46,58,15,100,117,68,112,63,0,73" hai1="64,122,70,96,135,65,108,106,55,41,51,5,14" hai2="109,86,50,45,47,48,22,19,10,77,82,18,4" hai3="69,116,1,38,56,6,133,95,40,94,119,42,75"/><W85/><G69/><T2/><D15/><U13/><E122/><V43/><F109/><W61/><G133/><T71/><D100/><U131/><E108/><V125/><F22/><W104/><G104/><T44/><D81/><U26/><E135/><V126/><F125/><W80/><G38/><T62/><D58/><U60/><E131/><V105/><F105/><W25/><G25/><T93/><D93/><U17/><E65/><V98/><F98/><W34/><G34/><T88/><D112/><U12/><E41/><V128/><F128/><W92/><G1/><T24/><D24/><U3/><E3/><V83/><F83/><W127/><G6/><T129/><D129/><U16/><E5/><V35/><F35/><W29/><G29/><T89/><D117/><U74/><E74/><AGARI ba="0,0" hai="0,2,36,37,44,46,62,63,68,71,73,74,88,89" machi="74" ten="25,8000,1" yaku="22,2,52,2,54,1" doraHai="107" who="0" fromWho="1" sc="320,80,203,-80,270,0,207,0" /><INIT seed="4,0,0,3,3,108" ten="400,123,270,207" oya="0" hai0="78,102,8,89,67,91,120,0,30,44,41,15,79" hai1="113,97,95,96,124,28,23,59,119,111,16,88,82" hai2="129,93,37,48,131,75,94,87,3,105,33,18,121" hai3="132,51,27,110,125,77,64,103,25,34,76,98,21"/><T60/><D0/><U128/><E119/><V56/><F75/><W126/><G110/><T127/><D120/><U71/><E111/><V54/><F37/><W84/><G51/><T72/><D30/><U50/><E71/><V61/><F105/><W68/><G132/><T5/><D102/><U81/><E28/><V43/><F33/><W4/><G4/><T40/><D127/><U57/><E124/><V17/><F3/><W122/><G122/><T123/><D123/><U130/><E97/><V6/><F6/><W9/><G9/><T74/><D74/><U26/><E113/><V112/><F121/><W19/><G34/><T116/><D41/><U133/><E133/><V49/><F112/><W66/><G27/><T92/><D91/><U35/><E35/><V86/><F43/><W117/><G117/><T135/><D72/><U12/><E12/><V52/><F56/><N who="1" m="21577" /><E50/><V11/><F11/><W29/><G29/><T85/><D116/><U13/><E13/><V46/><F46/><W42/><G42/><T20/><D20/><U55/><E55/><V73/><F73/><W70/><G125/><T63/><D135/><U83/><E130/><V24/><F24/><W31/><G31/><T134/><D134/><U38/><E128/><V22/><F22/><W53/><G53/><T7/><D7/><U80/><E38/><V45/><F45/><W118/><G126/><T109/><D109/><U100/><N who="1" m="20480" /><DORA hai="107" /><U36/><E36/><V114/><F114/><W106/><G118/><T58/><D63/><AGARI ba="0,0" hai="17,18,48,49,52,54,61,63,86,87,93,94,129,131" machi="63" ten="25,3200,0" yaku="22,2,54,1" doraHai="108,107" who="2" fromWho="0" sc="400,-32,123,0,270,32,207,0" /><INIT seed="5,0,0,4,0,12" ten="368,123,302,207" oya="1" hai0="91,57,83,40,61,14,78,23,63,119,59,125,34" hai1="46,48,9,6,100,79,76,116,5,82,10,39,21" hai2="70,11,65,36,3,87,27,98,127,93,99,62,52" hai3="18,68,60,24,30,22,1,110,120,58,0,7,19"/><U4/><E116/><V108/><F108/><W42/><G68/><T112/><D34/><U74/><E39/><V54/><F127/><W28/><G110/><T96/><D112/><U111/><E111/><V8/><F36/><W56/><G42/><T80/><D125/><U43/><E100/><V64/><F3/><W92/><G92/><T90/><D40/><U103/><E103/><V106/><F106/><W114/><G120/><T15/><D23/><U121/><E121/><V35/><F65/><W32/><G60/><T47/><D78/><U118/><E118/><V95/><F87/><W94/><G94/><T86/><D119/><U89/><E89/><V71/><F64/><W55/><G55/><T17/><D47/><U84/><E74/><V20/><F62/><W44/><G44/><T75/><D75/><U126/><E76/><V53/><F35/><W115/><G32/><T31/><D31/><U37/><E37/><V85/><F85/><W97/><G97/><T69/><D69/><U33/><E33/><V41/><F54/><W45/><G45/><T25/><D25/><U81/><E81/><V113/><F27/><W117/><G24/><T128/><D128/><U51/><E126/><V109/><F41/><W2/><G117/><T123/><D123/><U129/><E129/><V124/><F124/><W77/><G77/><T67/><D96/><U26/><E51/><V72/><F109/><W16/><G22/><N who="0" m="11583" /><D83/><U134/><E134/><V13/><F72/><W131/><G131/><T38/><D38/><U102/><E102/><V107/><F20/><W135/><G135/><RYUUKYOKU ba="0,0" sc="368,-10,123,30,302,-10,207,-10" hai1="4,5,6,9,10,21,26,43,46,48,79,82,84" /><INIT seed="5,1,0,4,0,99" ten="358,153,292,197" oya="1" hai0="20,23,21,122,121,131,15,9,16,31,2,46,90" hai1="38,75,39,109,112,123,18,116,27,55,88,110,1" hai2="117,50,87,26,69,83,48,61,56,36,40,74,29" hai3="107,65,108,41,82,89,101,6,24,78,134,45,14"/><U59/><E75/><V124/><F117/><W0/><G108/><N who="1" m="41578" /><E1/><V103/><F74/><W86/><G0/><T47/><D90/><U77/><E116/><V91/><F69/><W30/><G134/><T114/><D47/><U125/><E77/><V80/><F36/><W97/><G65/><T35/><D46/><U72/><E72/><V135/><F40/><W68/><G68/><T92/><D92/><U52/><E123/><N who="0" m="47113" /><D114/><U111/><N who="1" m="41586" /><U119/><DORA hai="8" /><E119/><V98/><F124/><W43/><G89/><T94/><D94/><U85/><E112/><V100/><F80/><W22/><REACH who="3" step="1"/><G45/><REACH who="3" ten="358,153,292,187" step="2"/><T5/><D131/><U106/><E125/><V132/><F132/><W133/><G133/><T64/><D64/><U95/><E106/><V11/><F135/><W73/><G73/><T118/><D118/><U58/><E58/><V113/><F113/><W42/><G42/><T76/><D76/><U33/><E55/><V25/><F56/><W81/><G81/><T57/><D57/><U44/><E44/><V13/><F83/><W102/><G102/><N who="2" m="38953" /><F91/><W10/><AGARI ba="1,1" hai="6,10,14,22,24,30,41,43,78,82,86,97,101,107" machi="10" ten="30,8000,1" yaku="1,1,0,1,52,2,53,1" doraHai="99,8" doraHaiUra="28,19" who="3" fromWho="3" sc="358,-21,153,-41,292,-21,187,93" /><INIT seed="6,0,0,5,2,132" ten="337,112,271,280" oya="2" hai0="46,128,121,43,111,122,83,134,73,7,109,63,82" hai1="22,55,30,20,74,112,117,91,58,65,18,40,41" hai2="127,11,120,29,80,10,100,4,87,72,19,47,124" hai3="113,79,104,57,76,96,52,131,34,61,37,90,56"/><V17/><F120/><W21/><G34/><T64/><D7/><U126/><E74/><V71/><F72/><W45/><G131/><T60/><D73/><U24/><E117/><V123/><F123/><N who="0" m="47114" /><D83/><U68/><E68/><V115/><F71/><W0/><G0/><T67/><D82/><U75/><E75/><V86/><F115/><W94/><G104/><T51/><D128/><U95/><E65/><N who="0" m="25161" /><D134/><U114/><E126/><N who="2" m="48171" /><F29/><W48/><G113/><T108/><AGARI ba="0,0" hai="43,46,51,60,63,108,109,111" m="25161,47114" machi="108" ten="40,2700,0" yaku="34,2" doraHai="132" who="0" fromWho="0" sc="337,27,112,-7,271,-13,280,-7" /><INIT seed="7,0,0,4,0,23" ten="364,105,258,273" oya="3" hai0="63,114,15,14,72,94,95,7,135,124,69,30,17" hai1="76,84,61,104,132,78,22,27,1,6,74,87,39" hai2="110,37,127,73,102,19,97,12,18,116,113,68,111" hai3="82,35,108,40,8,38,98,118,115,89,90,77,4"/><W33/><G118/><T52/><D72/><U64/><E104/><V44/><F116/><W51/><G115/><T121/><D30/><U54/><E39/><V119/><F119/><W103/><G38/><T101/><D121/><U117/><E117/><V13/><F73/><W47/><G33/><T9/><D69/><U79/><E74/><V67/><F113/><W49/><G49/><T42/><D124/><U131/><E132/><V129/><F127/><W106/><G35/><T83/><D83/><U125/><E125/><V45/><F129/><W48/><G48/><T43/><D101/><U70/><E131/><V36/><F102/><W58/><G58/><N who="0" m="35271" /><D135/><U41/><E41/><N who="0" m="15369" /><D114/><U65/><E54/><V71/><F97/><W128/><G108/><T57/><D57/><U91/><E6/><V53/><REACH who="2" step="1"/><F53/><REACH who="2" ten="364,105,248,273" step="2"/><W16/><G128/><T96/><D96/><U55/><E1/><V10/><F10/><AGARI ba="0,1" hai="7,9,10,14,15,17,94,95" m="15369,35271" machi="10" ten="30,2000,0" yaku="8,1,54,1" doraHai="23" who="0" fromWho="2" sc="364,30,105,0,248,-20,273,0" owari="394,49.4,105,-39.5,228,-17.2,273,7.3" /></mjloggm>