<mjloggm ver="2.3"><GO type="41" lobby="0"/><UN n0="%E3%80%90%E6%B3%A2%E5%8B%95%E7%9A%84%E4%BF%A1%E5%BE%92%E3%80%91" n1="%77%69%6E%64%79" n2="%E2%93%9D%4C%75%63%6B%79%4A" n3="%31%35%31%35%31%35%31%35" dan="14,13,17,14" rate="1892.36,1830.25,2151.46,1953.10" sx="M,M,M,M"/><TAIKYOKU oya="0"/><INIT seed="0,0,0,1,3,1" ten="250,250,250,250" oya="0" hai0="94,57,59,48,38,49,19,35,8,33,101,121,12" hai1="132,125,5,113,122,74,39,108,34,11,100,56,88" hai2="54,79,36,17,60,10,75,82,99,64,130,32,20" hai3="114,62,80,128,91,118,112,15,58,7,109,134,29"/><T44/><D121/><U42/><E100/><V126/><F32/><W43/><G118/><T110/><D110/><U111/><E56/><V63/><F36/><W131/><G29/><T46/><D38/><U81/><E122/><V3/><F126/><W9/><G109/><T41/><D33/><U6/><E34/><V98/><F130/><N who="3" m="49707" /><G43/><T124/><D35/><U37/><E125/><V117/><F63/><W76/><G91/><T107/><D107/><U40/><E11/><V61/><F61/><W119/><G134/><T52/><REACH who="0" step="1"/><D124/><REACH who="0" ten="240,250,250,250" step="2"/><U53/><E39/><V27/><F117/><W120/><G119/><T31/><D31/><U86/><E37/><V23/><F60/><W85/><G120/><T87/><D87/><U105/><E105/><V89/><F75/><W0/><G0/><T22/><D22/><U50/><E74/><V14/><F23/><W65/><AGARI ba="0,1" hai="7,9,15,58,62,65,76,80,85,112,114" m="49707" machi="65" ten="30,2000,0" yaku="19,1,52,1" doraHai="1" who="3" fromWho="3" sc="240,-10,250,-5,250,-5,250,30" /><INIT seed="1,0,0,2,0,127" ten="230,245,245,280" oya="1" hai0="51,25,73,106,81,48,42,88,130,75,90,84,102" hai1="11,117,77,17,4,126,107,69,78,52,32,36,54" hai2="119,129,34,132,46,33,122,103,64,3,67,116,55" hai3="123,47,74,56,92,109,27,62,63,115,125,10,6"/><U121/><E117/><V29/><F103/><W5/><G109/><T71/><D71/><U86/><E121/><V135/><F29/><W104/><G104/><T12/><D25/><U18/><E107/><V76/><F76/><W113/><G123/><T0/><D0/><U93/><E32/><V58/><F3/><W124/><G74/><T49/><D42/><U8/><E36/><V2/><F2/><W13/><G47/><T45/><D45/><U114/><E69/><V44/><F58/><W82/><G82/><T24/><D24/><U37/><E37/><V80/><F80/><W68/><G92/><T65/><D65/><U26/><E114/><V70/><F70/><W91/><G91/><T22/><D90/><N who="1" m="53463" /><E126/><N who="3" m="48746" /><G6/><T66/><D75/><U41/><E41/><V128/><REACH who="2" step="1"/><F55/><REACH who="2" ten="230,245,235,280" step="2"/><N who="3" m="34079" /><G68/><T9/><D102/><U97/><E78/><V31/><F31/><W28/><G63/><T100/><D100/><U101/><E77/><V95/><F95/><W1/><G1/><T20/><D106/><U61/><E61/><V57/><F57/><W112/><G115/><T38/><D73/><U53/><E101/><V50/><F50/><W110/><G110/><T85/><D81/><U39/><E39/><V60/><F60/><W89/><G89/><T120/><D38/><U134/><E53/><V96/><F96/><W118/><G118/><T131/><D120/><AGARI ba="0,1" hai="33,34,44,46,64,67,116,119,120,122,128,129,132,135" machi="120" ten="25,12000,2" yaku="1,1,22,2,52,2,53,2" doraHai="127" doraHaiUra="40" who="2" fromWho="0" sc="230,-120,245,0,235,130,280,0" /><INIT seed="2,0,0,3,1,16" ten="110,245,365,280" oya="2" hai0="28,124,42,80,132,111,72,47,110,44,100,108,94" hai1="83,6,38,66,73,88,97,85,7,109,3,37,71" hai2="91,116,58,96,18,106,98,45,82,107,131,29,34" hai3="76,54,17,41,78,117,14,40,12,68,5,27,8"/><V15/><F116/><W35/><G117/><T30/><D124/><U75/><E109/><V49/><F34/><W129/><G129/><T102/><D132/><U87/><E97/><V0/><F0/><W86/><G68/><T70/><D70/><U69/><E66/><V119/><F29/><W31/><G54/><T101/><D94/><U126/><E3/><V50/><F131/><W81/><REACH who="3" step="1"/><G78/><REACH who="3" ten="110,245,365,270" step="2"/><N who="0" m="44103" /><D42/><U23/><E71/><V128/><F119/><W127/><G127/><T36/><D36/><U89/><E69/><V61/><F128/><W104/><G104/><T4/><D4/><U46/><E126/><V114/><F107/><W135/><G135/><T120/><D120/><U48/><E7/><V13/><F106/><W55/><G55/><T64/><D64/><U113/><E6/><V123/><F123/><W21/><AGARI ba="0,1" hai="5,8,12,14,17,21,27,31,35,40,41,76,81,86" machi="21" ten="20,8000,1" yaku="1,1,0,1,7,1,52,1,53,1" doraHai="16" doraHaiUra="74" who="3" fromWho="3" sc="110,-20,245,-20,365,-40,270,90" /><INIT seed="3,0,0,2,3,7" ten="90,225,325,360" oya="3" hai0="121,82,110,72,135,80,130,62,77,48,97,69,56" hai1="47,32,91,50,22,94,78,42,131,55,52,128,65" hai2="8,43,118,61,27,3,53,9,87,70,13,12,99" hai3="85,81,23,84,57,1,93,113,107,35,122,66,68"/><W125/><G107/><T127/><D121/><U74/><E32/><V101/><F3/><W92/><G122/><T111/><D69/><U75/><E65/><V123/><F118/><W108/><G68/><T18/><D127/><U29/><E29/><V133/><F43/><W64/><G35/><T60/><D130/><N who="1" m="49707" /><E22/><V96/><F133/><W20/><G1/><T86/><D135/><U124/><E124/><V17/><F123/><W120/><G120/><T79/><D97/><N who="1" m="57567" /><E78/><V30/><F87/><W117/><G125/><T102/><D18/><U10/><E10/><V46/><F70/><W100/><G85/><T76/><D76/><U36/><E55/><V115/><F30/><W116/><G84/><T5/><D5/><U112/><E112/><V11/><F115/><W134/><G66/><T31/><D31/><U21/><E21/><N who="2" m="13743" /><F61/><W59/><G20/><T126/><D126/><U119/><E119/><V4/><F4/><W104/><G23/><T44/><D62/><U90/><E90/><V25/><F25/><W40/><G117/><T95/><D102/><U71/><E71/><V2/><F2/><W15/><G134/><T28/><D28/><U103/><E103/><V45/><F53/><W6/><G64/><T58/><D60/><U73/><E73/><V67/><F67/><W114/><G116/><T54/><REACH who="0" step="1"/><D95/><REACH who="0" ten="80,225,325,360" step="2"/><U129/><E129/><V41/><F101/><W19/><G100/><T37/><D37/><U51/><E36/><N who="2" m="21799" /><F13/><W109/><G114/><T132/><D132/><U16/><E16/><V14/><F14/><W88/><G113/><T38/><D38/><RYUUKYOKU ba="0,1" sc="80,15,225,15,325,-15,360,-15" hai0="44,48,54,56,58,72,77,79,80,82,86,110,111" hai1="42,47,50,51,52,74,75" /><INIT seed="4,1,1,2,5,32" ten="95,240,310,345" oya="0" hai0="25,17,53,128,38,4,81,29,52,43,108,127,28" hai1="60,73,5,12,72,18,40,97,135,93,87,122,62" hai2="23,13,0,83,8,19,69,44,1,21,132,117,66" hai3="112,34,100,57,103,129,27,20,2,35,79,82,90"/><T107/><D107/><U68/><E122/><V104/><F104/><W64/><G2/><N who="2" m="1129" /><F44/><W36/><G129/><T95/><D128/><U22/><E135/><V65/><F83/><W75/><G112/><T120/><D120/><U96/><E87/><V91/><F91/><W118/><G118/><T80/><D4/><U39/><E5/><V37/><F66/><W89/><G36/><T67/><D38/><U119/><E119/><V48/><F48/><W105/><G34/><T99/><D67/><U121/><E121/><V115/><F37/><W16/><G35/><T56/><D43/><U126/><E97/><V124/><F65/><W24/><G24/><T92/><D99/><U70/><E62/><V54/><F54/><W114/><G114/><T45/><D45/><U88/><E60/><V86/><F86/><W9/><G9/><T106/><D106/><U110/><E40/><V84/><F84/><W58/><G58/><T113/><D56/><U42/><E42/><V30/><F69/><W14/><G27/><T98/><D25/><U61/><E39/><V116/><F115/><W74/><G74/><T11/><D113/><U49/><E49/><V102/><F102/><N who="3" m="38955" /><G105/><T55/><D98/><U31/><E70/><V10/><F117/><W111/><G111/><T46/><D46/><U6/><E110/><V125/><F116/><W41/><G41/><T76/><D108/><U3/><E68/><V94/><F132/><W26/><G26/><T101/><D101/><U71/><E71/><V33/><F33/><W130/><G130/><T109/><D109/><U59/><E59/><RYUUKYOKU ba="1,1" sc="95,-10,240,-10,310,-10,345,30" hai3="14,16,20,57,64,75,79,82,89,90" /><INIT seed="5,2,1,4,1,6" ten="85,230,300,375" oya="1" hai0="46,69,1,84,50,78,22,91,36,24,23,99,41" hai1="110,32,66,30,102,70,93,115,74,95,25,47,10" hai2="106,97,73,12,8,111,65,94,15,103,107,135,113" hai3="117,58,26,77,56,108,131,19,124,61,79,129,126"/><U59/><E74/><V98/><F111/><W88/><G108/><T5/><D69/><U31/><E110/><V82/><F135/><W134/><G117/><T60/><D78/><N who="3" m="29705" /><G56/><T33/><D33/><U81/><E81/><V133/><F133/><W44/><G44/><T34/><D34/><U71/><E47/><V35/><F113/><W127/><G134/><T125/><D125/><U40/><E40/><V4/><F35/><W128/><G88/><T105/><D105/><U104/><E30/><V37/><F37/><W63/><G63/><T92/><D36/><U13/><E59/><V14/><F65/><N who="3" m="39095" /><G19/><T2/><D60/><N who="1" m="40263" /><E71/><V101/><F94/><W116/><G116/><T38/><D38/><U64/><E64/><V80/><REACH who="2" step="1"/><F73/><REACH who="2" ten="85,230,290,375" step="2"/><W57/><G131/><T18/><D99/><N who="1" m="61535" /><E115/><V90/><F90/><W51/><G129/><T49/><D50/><U112/><E112/><V45/><F45/><W75/><G75/><T28/><REACH who="0" step="1"/><D5/><AGARI ba="2,2" hai="5,10,13,25,31,32,93,95" m="61535,40263" machi="5" ten="30,2900,0" yaku="25,1,52,1" doraHai="6" who="1" fromWho="0" sc="85,-35,230,55,290,0,375,0" /><INIT seed="5,3,0,1,2,105" ten="50,285,290,375" oya="1" hai0="125,99,36,83,69,90,29,14,95,124,60,118,102" hai1="9,134,66,53,87,117,128,96,38,15,108,20,110" hai2="43,103,114,75,4,40,130,2,109,84,70,112,106" hai3="21,119,0,72,3,33,19,47,51,63,37,61,68"/><U129/><E117/><V121/><F109/><W23/><G33/><T120/><D118/><U22/><E38/><V86/><F70/><W12/><G119/><T133/><D36/><U34/><E66/><V126/><F121/><W32/><G32/><T97/><D120/><U35/><E87/><N who="2" m="33323" /><F126/><N who="0" m="48746" /><D60/><U79/><E96/><N who="0" m="36937" /><D69/><U55/><E79/><V135/><F103/><W127/><G72/><T123/><D14/><U7/><E55/><V64/><F64/><W93/><G93/><T80/><D29/><U42/><E53/><V92/><F43/><W13/><G127/><T16/><D123/><U73/><E73/><V76/><F75/><W46/><G37/><T67/><D67/><U113/><E42/><V48/><F40/><W41/><G68/><T111/><D16/><U27/><E34/><V45/><F4/><W100/><G100/><T49/><D49/><U18/><E35/><V1/><F48/><W5/><G47/><T8/><D8/><U131/><E22/><V101/><F101/><W132/><G51/><T94/><D111/><N who="1" m="42539" /><E134/><V17/><F135/><W39/><G23/><T11/><D11/><U81/><E81/><N who="0" m="31305" /><D133/><U24/><E24/><V62/><F62/><N who="3" m="23563" /><G132/><T26/><D26/><U104/><E104/><V115/><F106/><W122/><G122/><T57/><D57/><U25/><E25/><V82/><F45/><W107/><G107/><T98/><D95/><U50/><E50/><V31/><F92/><W71/><G71/><T116/><D116/><U88/><E27/><V91/><F82/><W59/><G59/><T28/><D28/><U44/><E44/><RYUUKYOKU ba="3,0" sc="50,15,285,-15,290,-15,375,15" hai0="90,94,98,102" hai3="0,3,5,12,13,19,21,39,41,46" /><INIT seed="6,4,0,4,0,32" ten="65,270,275,390" oya="2" hai0="56,113,102,61,14,46,37,96,77,57,41,9,99" hai1="122,23,49,82,42,132,53,12,104,17,79,43,106" hai2="117,22,73,16,72,103,10,74,6,130,67,1,39" hai3="45,38,4,135,110,25,90,69,133,59,5,31,44"/><V91/><F117/><W124/><G69/><T58/><D113/><U101/><E132/><V84/><F39/><W108/><G124/><T29/><D96/><U87/><E122/><V2/><F67/><W100/><G100/><T112/><D112/><U52/><E53/><V88/><F103/><W107/><G107/><T15/><D15/><U62/><E62/><V75/><F130/><W50/><G90/><T66/><D29/><U11/><E106/><V115/><F115/><W119/><G59/><T123/><D123/><U76/><E76/><V111/><F111/><W125/><G125/><T81/><D99/><U47/><E104/><V94/><F91/><W68/><G68/><T0/><D102/><U89/><E101/><V114/><F114/><W63/><G63/><T105/><D105/><U21/><E79/><V128/><F128/><W83/><G83/><T34/><D34/><U3/><E3/><V65/><F65/><W78/><G78/><T36/><D37/><U86/><E86/><V48/><F48/><W35/><G119/><T109/><D109/><N who="3" m="42089" /><G44/><T70/><D70/><U60/><E60/><V27/><N who="2" m="18432" /><DORA hai="95" /><V19/><REACH who="2" step="1"/><F2/><REACH who="2" ten="65,270,265,390" step="2"/><W64/><G64/><T54/><D66/><U33/><E33/><V40/><F40/><AGARI ba="4,1" hai="11,12,17,21,23,40,42,43,47,49,52,82,87,89" machi="40" ten="40,8000,1" yaku="25,2,8,1,54,1" doraHai="32,95" who="1" fromWho="2" sc="65,0,270,102,265,-92,390,0" /><INIT seed="7,0,0,4,4,118" ten="65,372,173,390" oya="3" hai0="132,55,51,25,111,71,106,72,24,52,0,83,17" hai1="87,128,126,119,14,27,81,2,60,90,116,77,36" hai2="10,7,80,3,8,67,124,13,100,110,98,48,88" hai3="94,46,133,62,40,34,127,5,35,121,131,58,99"/><W43/><G121/><T105/><D17/><U21/><E2/><V4/><F110/><W32/><G133/><T134/><D111/><U93/><E36/><V11/><F124/><W115/><G115/><T123/><D0/><U53/><E126/><V20/><F67/><W6/><G127/><T50/><D83/><U68/><E14/><V130/><F130/><W1/><G131/><T101/><D101/><U18/><E128/><V120/><F48/><W41/><G46/><T70/><D72/><U66/><REACH who="1" step="1"/><E53/><REACH who="1" ten="65,362,173,390" step="2"/><V92/><F3/><W42/><G1/><T84/><REACH who="0" step="1"/><D84/><AGARI ba="0,1" hai="18,21,27,60,66,68,77,81,84,87,90,93,116,119" machi="84" ten="40,2600,0" yaku="1,1,2,1,53,0" doraHai="118" doraHaiUra="29" who="1" fromWho="0" sc="65,-26,362,36,173,0,390,0" owari="39,-46.1,398,49.8,173,-22.7,390,19.0" /></mjloggm>