<mjloggm ver="2.3"><GO type="41" lobby="0"/><UN n0="%4D%6C%6C%65%41%49" n1="%E5%8A%87%E5%9B%A3" n2="%E3%81%97%E3%82%85%E3%81%8F%E3%81%8C%E3%82%8F%E3%82%89%E3%82%93" n3="%E2%93%9D%4C%75%63%6B%79%4A" dan="14,15,15,18" rate="1939.90,2004.66,2021.89,2200.61" sx="F,M,M,M"/><TAIKYOKU oya="0"/><INIT seed="0,0,0,5,0,46" ten="250,250,250,250" oya="0" hai0="96,82,17,109,77,7,4,45,76,33,56,63,94" hai1="9,86,129,121,134,115,123,130,48,58,67,74,85" hai2="81,2,40,38,90,111,42,87,26,54,3,0,75" hai3="18,116,117,39,10,99,13,98,53,88,49,6,62"/><T23/><D33/><U55/><E74/><V110/><F38/><W51/><G39/><T101/><D109/><N who="2" m="41482" /><F75/><W41/><G117/><T124/><D124/><U68/><E9/><V84/><F26/><W35/><G35/><T73/><D76/><U20/><E20/><V24/><F24/><W102/><G116/><T36/><D36/><U103/><E103/><V79/><F54/><W112/><G112/><T59/><D59/><U16/><E16/><V113/><F113/><W127/><G127/><T125/><D125/><U78/><E115/><V108/><N who="2" m="41490" /><V8/><DORA hai="5" /><F8/><W15/><G41/><T100/><D45/><U32/><E32/><V104/><F104/><W93/><G62/><T47/><D47/><U114/><E114/><V126/><F126/><W60/><G60/><T43/><D43/><U97/><E67/><V119/><F119/><W29/><G29/><T27/><D7/><U83/><E68/><V14/><F14/><W11/><G53/><N who="0" m="34191" /><D4/><U135/><E97/><V57/><F57/><W37/><G37/><T69/><D69/><U92/><E123/><V72/><F72/><W34/><G34/><T118/><D118/><U22/><E22/><V95/><AGARI ba="0,0" hai="0,2,3,40,42,79,81,84,87,90,95" m="41490" machi="95" ten="50,1600,0" yaku="14,1" doraHai="46,5" who="2" fromWho="2" sc="250,-8,250,-4,250,16,250,-4" /><INIT seed="1,0,0,3,1,25" ten="242,246,266,246" oya="1" hai0="2,8,123,62,32,22,14,133,53,98,40,122,46" hai1="104,67,127,81,103,125,4,126,18,48,3,96,5" hai2="77,39,108,57,72,121,134,76,55,63,73,80,71" hai3="87,21,58,116,26,85,115,50,65,75,1,100,35"/><U74/><E67/><V135/><F121/><W88/><G75/><T117/><D133/><N who="2" m="50698" /><F108/><W12/><G1/><T60/><D117/><U41/><E18/><V131/><F131/><W83/><G35/><T99/><D32/><U101/><E41/><V118/><F118/><W29/><G115/><T66/><D2/><U33/><E33/><V37/><F71/><W111/><G111/><T112/><D53/><U11/><E48/><V45/><F45/><W9/><G100/><T129/><D129/><U78/><E103/><V34/><F34/><W28/><G87/><T24/><D112/><U124/><N who="1" m="31744" /><DORA hai="49" /><U79/><E79/><V15/><F15/><W119/><G119/><T56/><D14/><U38/><REACH who="1" step="1"/><E5/><REACH who="1" ten="242,236,266,246" step="2"/><V42/><F42/><W59/><G116/><T95/><D66/><U120/><E120/><V54/><F54/><N who="3" m="32215" /><G65/><T52/><D123/><U6/><E6/><V93/><F76/><W16/><G58/><T19/><D122/><U107/><E107/><V31/><F77/><W82/><G83/><T102/><D62/><U36/><AGARI ba="0,1" hai="3,4,11,36,38,74,78,81,96,101,104" m="31744" machi="36" ten="60,12000,1" yaku="1,1,0,1,18,1,23,2,53,0" doraHai="25,49" doraHaiUra="44,84" who="1" fromWho="1" sc="242,-40,236,130,266,-40,246,-40" /><INIT seed="1,1,0,0,5,43" ten="202,366,226,206" oya="1" hai0="118,14,2,7,49,57,40,23,30,1,34,70,32" hai1="71,19,3,36,89,90,100,52,127,26,13,29,96" hai2="48,122,92,46,77,51,108,87,78,73,133,124,94" hai3="35,55,132,10,59,54,128,8,5,67,41,74,109"/><U37/><E3/><N who="0" m="1033" /><D40/><U24/><E127/><V135/><F122/><W125/><G35/><N who="0" m="13355" /><D49/><U20/><E26/><V126/><F87/><W97/><G128/><T111/><D57/><U18/><E18/><V83/><F108/><W68/><G132/><T21/><D70/><U69/><E69/><V79/><F83/><W130/><G130/><T121/><D111/><U61/><E37/><V120/><F79/><W76/><G125/><T58/><D58/><U110/><E36/><V91/><F91/><W81/><G41/><T44/><D44/><U47/><E71/><V31/><F31/><W93/><G109/><T131/><D118/><U84/><E84/><V134/><F134/><W129/><G129/><T60/><D60/><U102/><E110/><V104/><F104/><W82/><G82/><T86/><D86/><U114/><E114/><V88/><F88/><N who="1" m="33897" /><E96/><V12/><F120/><W64/><G97/><T33/><D131/><U113/><E113/><V62/><F62/><W9/><G68/><T50/><D50/><N who="1" m="28767" /><E61/><V16/><F133/><W38/><G38/><T17/><D121/><U6/><E6/><V106/><F51/><W45/><G5/><T63/><D63/><U65/><E65/><V72/><F135/><W42/><G67/><T39/><D39/><U103/><E103/><V27/><F73/><W117/><G64/><T75/><D75/><U53/><E53/><N who="3" m="19978" /><G59/><T25/><D7/><U116/><E116/><V95/><F72/><W119/><G42/><T123/><D123/><U98/><E98/><V105/><F106/><W99/><G45/><T115/><D115/><RYUUKYOKU ba="1,0" sc="202,10,366,10,226,-30,206,10" hai0="14,17,21,23,25,30,33" hai1="13,19,20,24,29,100,102" hai3="8,9,10,74,76,81,93,99,117,119" /><INIT seed="1,2,0,0,5,45" ten="212,376,196,216" oya="1" hai0="35,133,42,134,5,86,76,52,100,105,102,15,67" hai1="19,131,68,53,126,26,92,128,48,118,78,74,69" hai2="38,94,87,46,106,44,4,124,82,41,71,84,90" hai3="85,122,91,127,28,81,55,103,11,135,1,23,113"/><U9/><E118/><V132/><F106/><W56/><G113/><T114/><D35/><U123/><E123/><V108/><F108/><W16/><G122/><T50/><D114/><U14/><E126/><V64/><F124/><W0/><G127/><T10/><D67/><U70/><E78/><V63/><F132/><N who="0" m="50794" /><D105/><U125/><E74/><V27/><F46/><W110/><G110/><T13/><D42/><U80/><E80/><V101/><F27/><W32/><G103/><N who="0" m="39467" /><D86/><U20/><E92/><V40/><F41/><W34/><G28/><T99/><D99/><U30/><REACH who="1" step="1"/><E125/><REACH who="1" ten="212,366,196,216" step="2"/><V24/><F82/><W51/><G135/><T115/><D76/><U49/><E49/><V109/><F109/><W61/><G51/><T104/><D115/><U93/><E93/><V112/><F94/><W36/><G81/><T47/><D104/><U22/><E22/><V111/><F111/><W72/><G23/><T33/><D33/><U54/><E54/><V116/><F112/><W107/><G34/><T73/><D73/><U96/><E96/><V79/><F79/><W2/><G32/><T18/><D18/><U65/><E65/><V58/><F64/><W3/><G107/><T60/><D60/><U43/><E43/><V8/><F40/><W12/><N who="3" m="0" /><DORA hai="117" /><W98/><G72/><T39/><D39/><U130/><E130/><V17/><F38/><W120/><G36/><T95/><D95/><U62/><E62/><V121/><F63/><W66/><G98/><T21/><D21/><U25/><E25/><V75/><F75/><W29/><G66/><T59/><D15/><RYUUKYOKU ba="2,1" sc="212,15,366,15,196,-15,216,-15" hai0="5,10,13,47,50,52,59" hai1="9,14,19,20,26,30,48,53,68,69,70,128,131" /><INIT seed="1,3,1,1,5,86" ten="227,381,181,201" oya="1" hai0="74,1,117,73,65,51,75,3,56,59,107,115,29" hai1="62,93,128,2,95,52,127,11,71,103,45,38,89" hai2="72,31,10,4,87,53,100,54,111,49,58,98,19" hai3="47,69,16,6,85,43,5,68,36,96,48,70,94"/><U63/><E127/><V76/><F111/><W84/><G36/><T15/><D107/><U81/><E128/><V0/><F72/><W97/><G97/><T61/><D115/><U9/><E71/><V35/><F35/><W67/><G67/><T22/><D117/><U90/><E38/><V21/><F31/><W42/><G43/><T104/><D104/><U120/><E2/><V106/><F54/><W112/><G112/><T135/><D135/><U132/><E132/><V119/><F119/><W32/><G32/><T23/><D15/><U55/><E81/><V17/><F76/><W20/><G6/><T18/><D18/><U121/><E45/><V122/><F122/><W50/><G50/><T91/><D3/><U102/><AGARI ba="3,1" hai="9,11,52,55,62,63,89,90,93,95,102,103,120,121" machi="102" ten="25,18000,2" yaku="0,1,22,2,52,2,54,1" doraHai="86" who="1" fromWho="1" sc="227,-63,381,199,181,-63,201,-63" /><INIT seed="1,4,0,3,4,58" ten="164,580,118,138" oya="1" hai0="131,124,15,6,8,118,102,83,87,13,89,115,24" hai1="92,7,127,71,47,9,31,30,84,97,18,104,4" hai2="111,17,63,48,129,107,10,95,3,16,25,126,105" hai3="45,114,125,50,135,55,35,96,72,2,123,5,80"/><U99/><E127/><V34/><F111/><W77/><G114/><T113/><D124/><U100/><E71/><V12/><F126/><W134/><G125/><T119/><D102/><U19/><E7/><V81/><F129/><W130/><G35/><T38/><D38/><U33/><E84/><V117/><F117/><W28/><G28/><T67/><D24/><U64/><E47/><V42/><F3/><W37/><G123/><T41/><D131/><U108/><E64/><V23/><F34/><W133/><G130/><T52/><D41/><U56/><E56/><V101/><F81/><W11/><G96/><T68/><D118/><U29/><E33/><V49/><F107/><W74/><REACH who="3" step="1"/><G37/><REACH who="3" ten="164,580,118,128" step="2"/><T78/><D115/><U40/><E108/><V109/><F109/><W14/><G14/><T36/><D113/><U61/><E31/><V110/><F110/><W43/><G43/><T0/><D36/><U121/><E40/><V82/><F42/><W69/><G69/><T76/><D119/><U26/><E30/><V27/><F27/><W93/><G93/><T59/><D15/><U85/><E26/><V51/><F105/><W54/><G54/><T20/><D68/><U94/><E29/><V75/><F95/><W53/><G53/><T120/><D120/><U1/><E121/><V88/><F25/><W70/><G70/><T86/><D67/><U90/><E104/><V57/><F12/><W116/><G116/><T60/><REACH who="0" step="1"/><D86/><AGARI ba="4,1" hai="2,5,11,45,50,55,72,74,77,80,86,133,134,135" machi="86" ten="40,2600,0" yaku="1,1,20,1,53,0" doraHai="58" doraHaiUra="103" who="3" fromWho="0" sc="164,-38,580,0,118,0,128,48" /><INIT seed="2,0,0,2,5,19" ten="126,580,118,176" oya="2" hai0="101,52,131,115,67,132,133,47,29,126,36,55,44" hai1="102,98,70,60,86,118,15,122,16,117,39,5,22" hai2="114,96,63,80,12,105,6,127,128,45,30,46,113" hai3="107,100,106,129,93,18,123,95,109,25,31,79,134"/><V130/><F30/><W21/><G123/><T13/><D101/><U90/><E39/><V7/><F96/><W108/><G79/><T3/><D3/><U74/><E74/><V35/><F35/><W78/><G78/><T61/><D13/><U77/><E77/><V99/><F99/><W71/><G71/><N who="0" m="42479" /><D29/><U94/><E70/><V88/><F63/><W14/><G129/><N who="2" m="49769" /><F105/><W111/><G134/><N who="0" m="51819" /><D131/><U0/><E60/><V40/><F127/><W1/><G1/><T53/><D36/><U10/><REACH who="1" step="1"/><E122/><REACH who="1" ten="126,570,118,176" step="2"/><V91/><F12/><W82/><G14/><T64/><D115/><U2/><E2/><V33/><F114/><W24/><G111/><T34/><D126/><U83/><AGARI ba="0,1" hai="0,5,10,15,16,22,83,86,90,94,98,102,117,118" machi="83" ten="20,12000,2" yaku="1,1,0,1,7,1,52,1,54,1,53,1" doraHai="19" doraHaiUra="85" who="1" fromWho="1" sc="126,-30,570,130,118,-60,176,-30" /><INIT seed="3,0,0,5,4,120" ten="96,700,58,146" oya="3" hai0="128,3,100,102,133,57,107,40,132,88,130,39,22" hai1="105,49,101,28,90,79,48,96,71,4,72,121,7" hai2="45,126,62,111,36,95,116,2,30,80,58,69,44" hai3="117,47,87,74,123,73,89,8,131,125,109,17,60"/><W33/><G123/><T20/><D3/><U5/><E71/><V86/><F116/><W124/><G33/><T68/><D68/><U24/><E121/><V43/><F2/><W11/><G117/><T59/><D40/><U65/><E90/><V38/><F30/><W76/><G76/><T1/><D1/><U85/><E85/><V63/><F95/><W129/><G60/><T56/><D39/><U32/><E79/><V92/><F92/><W29/><G29/><T15/><D15/><U67/><E72/><N who="3" m="27754" /><G47/><T82/><D82/><U83/><E83/><V0/><F86/><W34/><G34/><T10/><D10/><N who="3" m="3625" /><G17/><T113/><D88/><U110/><E67/><N who="2" m="41207" /><F80/><W81/><G109/><T114/><REACH who="0" step="1"/><D59/><REACH who="0" ten="86,700,58,146" step="2"/><U18/><E65/><N who="2" m="39159" /><F0/><W25/><G25/><T94/><D94/><U70/><E70/><V106/><F106/><AGARI ba="0,1" hai="20,22,56,57,100,102,106,107,113,114,128,130,132,133" machi="106" ten="25,8000,1" yaku="1,1,22,2,53,2" doraHai="120" doraHaiUra="55" who="0" fromWho="2" sc="86,90,700,0,58,-80,146,0" owari="176,-2.4,700,80.0,-22,-52.2,146,-25.4" /></mjloggm>