<mjloggm ver="2.3"><GO type="41" lobby="0"/><UN n0="%6B%69%79%6F%6B%32" n1="%E3%83%8B%E3%83%A3%E3%83%95%E3%83%A9%E3%83%83%E3%82%AF" n2="%E2%93%9D%4C%75%63%6B%79%4A" n3="%E3%81%82%E3%81%9F%E3%81%B1%E3%82%93" dan="16,14,18,16" rate="2039.22,1832.46,2230.55,2007.16" sx="M,M,M,M"/><TAIKYOKU oya="0"/><INIT seed="0,0,0,1,0,130" ten="250,250,250,250" oya="0" hai0="39,37,42,69,12,78,97,84,52,75,56,22,34" hai1="111,83,91,13,61,95,35,28,15,54,106,11,44" hai2="135,32,122,94,47,48,3,27,79,88,25,0,65" hai3="67,18,126,43,10,81,90,121,82,31,58,113,46"/><T14/><D75/><U72/><E111/><V119/><F122/><W2/><G126/><T71/><D34/><U125/><E106/><V26/><F32/><W5/><G31/><T17/><D71/><U110/><E110/><V66/><F79/><W103/><G103/><T51/><D69/><U29/><E125/><V1/><F119/><W50/><G113/><T8/><D42/><U102/><E102/><V21/><F21/><W36/><G121/><T133/><D133/><U92/><E83/><V108/><BYE who="3" /><F135/><UN n3="%E3%81%82%E3%81%9F%E3%81%B1%E3%82%93" /><W77/><G90/><T6/><REACH who="0" step="1"/><D97/><REACH who="0" ten="240,250,250,250" step="2"/><U109/><E35/><V131/><F108/><W49/><G43/><T64/><D64/><U132/><E72/><V120/><F120/><W129/><G67/><T20/><D20/><U45/><E132/><V38/><F131/><W63/><G10/><T96/><D96/><U85/><E109/><V124/><F124/><W16/><G129/><T105/><D105/><U89/><E11/><V86/><REACH who="2" step="1"/><F38/><REACH who="2" ten="240,250,240,250" step="2"/><W99/><G36/><T93/><D93/><U30/><E95/><V101/><F101/><W9/><G9/><T4/><D4/><U62/><E92/><V76/><F76/><W107/><G107/><T128/><D128/><U59/><E85/><V104/><F104/><W117/><G117/><T60/><D60/><U100/><E62/><V7/><F7/><W115/><G63/><T57/><D57/><U24/><E100/><V70/><F70/><W118/><G58/><T80/><AGARI ba="0,2" hai="6,8,12,14,17,22,37,39,51,52,56,78,80,84" machi="80" ten="30,6000,0" yaku="1,1,0,1,54,1,53,0" doraHai="130" doraHaiUra="112" who="0" fromWho="0" sc="240,80,250,-20,240,-20,250,-20" /><INIT seed="0,1,0,4,2,12" ten="320,230,220,230" oya="0" hai0="97,34,128,67,87,65,118,114,14,129,131,9,85" hai1="68,120,5,55,115,69,96,106,35,121,6,11,127" hai2="28,103,108,64,41,16,51,4,80,52,10,50,78" hai3="25,13,47,93,94,48,71,89,31,83,73,40,49"/><T58/><D114/><U66/><E5/><V22/><F64/><N who="0" m="24650" /><D118/><U119/><E55/><V62/><F108/><W18/><G71/><T0/><D0/><U122/><E127/><V130/><F28/><W102/><G102/><T77/><D34/><U79/><E115/><V46/><F130/><W81/><G73/><T104/><D58/><U21/><E21/><V91/><F103/><W123/><G94/><T44/><D44/><U37/><E119/><V8/><F91/><W132/><G132/><T7/><D77/><U76/><E76/><V27/><F62/><W45/><G123/><T15/><D15/><U2/><E79/><V92/><F92/><W39/><G39/><T112/><D112/><U43/><E66/><V111/><F111/><W29/><G29/><T117/><D117/><U1/><E1/><V134/><F134/><W99/><G25/><T113/><D113/><U33/><E43/><V42/><F4/><W88/><G89/><T86/><D97/><U3/><E3/><V98/><F98/><W90/><G90/><T101/><D101/><N who="1" m="62759" /><E37/><V70/><F70/><AGARI ba="1,0" hai="2,6,11,33,35,68,69,70,120,121,122" m="62759" machi="70" ten="40,1300,0" yaku="23,1" doraHai="12" who="1" fromWho="2" sc="320,0,230,16,220,-16,230,0" /><INIT seed="1,0,0,4,1,47" ten="320,246,204,230" oya="1" hai0="11,5,44,70,93,0,85,121,128,30,52,29,58" hai1="25,41,89,27,92,101,4,63,17,1,116,130,37" hai2="75,6,66,98,79,76,120,112,113,43,39,62,68" hai3="40,23,81,45,71,28,77,50,74,87,10,8,7"/><U106/><E116/><V18/><F6/><W123/><G123/><T69/><D121/><U129/><E106/><V31/><F120/><W3/><G71/><T80/><D128/><U132/><E101/><V90/><F31/><W119/><G119/><T134/><D44/><U91/><E132/><V36/><F18/><W107/><G107/><T55/><D134/><U12/><E41/><V110/><F110/><W38/><G10/><T35/><D93/><U109/><E37/><V94/><F75/><W78/><G78/><N who="2" m="29737" /><F43/><W104/><G104/><T48/><D55/><U86/><E4/><V67/><F67/><W46/><G87/><T124/><D124/><U73/><E73/><V100/><F100/><W60/><G60/><T115/><D115/><AGARI ba="0,0" hai="36,39,62,66,68,90,94,98,112,113,115" m="29737" machi="115" ten="30,1000,0" yaku="11,1" doraHai="47" who="2" fromWho="0" sc="320,-10,246,0,204,10,230,0" /><INIT seed="2,0,0,0,3,122" ten="310,246,214,230" oya="2" hai0="125,92,65,23,81,0,18,32,105,4,126,38,62" hai1="77,112,83,63,59,10,21,47,115,46,69,45,16" hai2="117,133,44,48,78,113,8,111,66,39,57,41,109" hai3="99,26,98,43,11,80,14,9,88,79,130,90,91"/><V121/><F121/><W84/><G130/><T104/><D32/><U12/><E69/><V100/><F113/><W42/><G26/><T70/><D38/><U61/><E10/><V101/><F117/><W49/><G11/><T134/><D134/><U132/><E132/><V82/><F133/><W52/><G43/><T87/><D92/><U86/><REACH who="1" step="1"/><E61/><REACH who="1" ten="310,236,214,230" step="2"/><N who="2" m="38191" /><F8/><W30/><G42/><T71/><D71/><U51/><E51/><V31/><F48/><W114/><G114/><T85/><D0/><U58/><E58/><V36/><F39/><W118/><G118/><T6/><D6/><U120/><E120/><V2/><F2/><W75/><G75/><T54/><D4/><U5/><E5/><V3/><F3/><W25/><G9/><T110/><D70/><U89/><E89/><V35/><F35/><W123/><G123/><T106/><D62/><U37/><E37/><V127/><F127/><W29/><G98/><T56/><D126/><U33/><E33/><V1/><F1/><W119/><G99/><T129/><D125/><U124/><E124/><V73/><F31/><W24/><G119/><T55/><D56/><U97/><E97/><V67/><F67/><AGARI ba="0,1" hai="12,16,21,45,46,47,59,63,67,77,83,86,112,115" machi="67" ten="40,2600,0" yaku="1,1,54,1,53,0" doraHai="122" doraHaiUra="27" who="1" fromWho="2" sc="310,0,236,36,214,-26,230,0" /><INIT seed="3,0,0,2,1,125" ten="310,272,188,230" oya="3" hai0="53,102,111,123,59,124,109,76,100,15,20,10,5" hai1="64,21,119,99,88,126,16,135,13,63,12,6,2" hai2="79,71,134,83,94,7,115,72,73,114,113,112,42" hai3="45,31,0,36,51,95,98,23,62,19,40,61,66"/><W32/><G0/><T122/><D76/><U131/><E126/><V48/><N who="2" m="28672" /><DORA hai="27" /><V132/><F71/><W57/><G32/><T56/><D124/><U3/><E135/><N who="2" m="51755" /><F7/><W4/><G4/><T14/><D20/><U43/><E119/><V11/><F11/><W55/><G31/><T129/><D5/><U106/><E43/><V46/><F94/><W74/><G74/><AGARI ba="0,0" hai="42,46,48,72,73,74,79,83" m="51755,28672" machi="74" ten="60,2000,0" yaku="20,1" doraHai="125,27" who="2" fromWho="3" sc="310,0,272,0,188,20,230,-20" /><INIT seed="4,0,0,5,5,61" ten="310,272,208,210" oya="0" hai0="12,126,108,89,112,47,128,17,43,71,107,134,25" hai1="11,96,100,122,6,26,88,120,62,78,33,29,97" hai2="22,124,90,106,0,63,69,111,1,3,93,56,82" hai3="91,66,21,64,132,110,102,20,36,13,65,50,32"/><T85/><D107/><U18/><E62/><V9/><F111/><W117/><G117/><T116/><D116/><U113/><E78/><V16/><F106/><W103/><G110/><T68/><D108/><U2/><E113/><V30/><F30/><W58/><G36/><T72/><D72/><U14/><E88/><V60/><F124/><W81/><G32/><T83/><D112/><U28/><E28/><V23/><F82/><W38/><G38/><T40/><D126/><U10/><E96/><V114/><F63/><W57/><G132/><T45/><D134/><U84/><E84/><V86/><F69/><W67/><N who="3" m="16384" /><DORA hai="4" /><W127/><G127/><T70/><D25/><U87/><REACH who="1" step="1"/><E87/><REACH who="1" ten="310,262,208,210" step="2"/><V109/><F114/><W92/><G81/><T125/><D125/><U41/><E41/><V54/><F109/><W80/><G80/><T52/><D128/><U79/><E79/><V115/><F115/><W119/><G119/><T31/><D31/><U42/><E42/><N who="0" m="15913" /><D71/><U7/><E7/><V5/><REACH who="2" step="1"/><F23/><REACH who="2" ten="310,262,198,210" step="2"/><W74/><G21/><N who="0" m="11431" /><D70/><U131/><E131/><V129/><F129/><W133/><G133/><T77/><D68/><U35/><E35/><V135/><F135/><W105/><G74/><T73/><D73/><U51/><E51/><V37/><F37/><W8/><G20/><T101/><D77/><U95/><AGARI ba="0,2" hai="2,6,10,11,14,18,26,29,33,95,97,100,120,122" machi="95" ten="20,12000,2" yaku="1,1,0,1,7,1,52,2,53,2" doraHai="61,4" doraHaiUra="27,15" who="1" fromWho="1" sc="310,-60,262,140,198,-30,210,-30" /><INIT seed="5,0,0,3,1,20" ten="250,402,168,180" oya="1" hai0="97,2,103,12,17,50,75,64,100,1,48,123,33" hai1="61,39,122,84,18,62,44,89,116,85,124,43,35" hai2="10,26,37,80,15,107,22,45,110,0,8,32,120" hai3="74,28,38,40,11,66,49,19,5,54,82,91,46"/><U34/><E122/><V118/><F107/><W130/><G130/><T109/><D109/><U76/><E116/><V92/><F120/><W4/><G28/><T42/><D123/><U30/><E124/><V79/><F110/><W3/><G5/><T69/><D75/><U111/><E111/><V121/><F118/><W87/><G66/><T134/><D33/><U41/><E41/><V113/><F92/><W47/><G74/><T81/><D134/><U94/><E18/><V58/><F58/><W65/><G65/><T27/><D81/><U99/><E99/><V14/><F113/><W68/><REACH who="3" step="1"/><G19/><REACH who="3" ten="250,402,168,170" step="2"/><T133/><D64/><U132/><E30/><V131/><F131/><W90/><G90/><T67/><D67/><U104/><E89/><V135/><F121/><W72/><G72/><T117/><D117/><U23/><E132/><V7/><F135/><W95/><G95/><T36/><D133/><U77/><E94/><V96/><F7/><W60/><G60/><T101/><D17/><U52/><E62/><V21/><F80/><W59/><G59/><T70/><D70/><AGARI ba="0,1" hai="3,4,11,38,40,46,47,49,54,68,70,82,87,91" machi="70" ten="40,2600,0" yaku="1,1,53,1" doraHai="20" doraHaiUra="86" who="3" fromWho="0" sc="250,-26,402,0,168,0,170,36" /><INIT seed="6,0,0,0,1,21" ten="224,402,168,206" oya="2" hai0="50,97,57,79,83,99,31,115,67,131,43,119,12" hai1="62,116,100,124,112,94,34,76,106,81,80,129,1" hai2="51,32,74,103,96,128,66,86,89,95,122,61,22" hai3="109,52,108,65,40,75,102,107,26,54,58,98,20"/><V15/><F122/><W88/><G75/><T3/><D3/><U17/><E1/><V29/><F128/><W37/><G65/><T14/><D131/><U30/><E62/><V92/><F74/><W9/><G9/><T55/><D115/><U105/><E17/><V4/><F32/><W93/><G40/><T123/><D123/><U64/><E64/><V48/><F4/><W90/><G37/><T8/><D119/><U49/><E49/><V73/><F73/><W120/><G120/><T82/><D67/><U42/><E42/><V2/><F2/><W45/><G90/><T134/><D134/><U135/><E30/><V24/><REACH who="2" step="1"/><F15/><REACH who="2" ten="224,402,158,206" step="2"/><W77/><G108/><T68/><D14/><U53/><E129/><V87/><F87/><W33/><G33/><T117/><D117/><U36/><E116/><V111/><F111/><W71/><G71/><AGARI ba="0,1" hai="22,24,29,48,51,61,66,71,86,89,92,95,96,103" machi="71" ten="30,5800,0" yaku="1,1,7,1,52,1,53,0" doraHai="21" doraHaiUra="5" who="2" fromWho="3" sc="224,0,402,0,158,68,206,-58" /><INIT seed="6,1,0,5,4,110" ten="224,402,226,148" oya="2" hai0="31,36,41,108,116,82,112,6,84,37,12,44,54" hai1="2,120,68,49,23,105,52,111,14,97,61,130,119" hai2="53,47,38,81,125,8,70,0,134,100,15,89,93" hai3="35,124,27,129,90,5,18,122,73,56,30,55,131"/><V25/><F0/><W20/><G73/><T43/><D108/><U16/><E111/><V103/><F70/><W28/><G122/><T50/><D116/><U114/><E119/><V77/><F25/><W19/><G90/><T72/><D72/><U26/><E130/><N who="3" m="49674" /><G55/><T123/><D123/><U34/><E2/><V132/><F125/><W40/><G40/><T21/><D37/><U113/><E120/><V51/><F38/><W45/><G56/><T32/><D32/><U17/><E34/><V87/><F134/><W104/><G45/><T69/><D69/><U127/><E127/><V42/><F53/><W58/><G58/><T94/><D94/><U98/><E105/><V74/><REACH who="2" step="1"/><F132/><REACH who="2" ten="224,402,216,148" step="2"/><W106/><G124/><T46/><D36/><U59/><E68/><V78/><F78/><W115/><G106/><T118/><D118/><U107/><E52/><V24/><F24/><N who="3" m="16391" /><G104/><T62/><D54/><U64/><E107/><V126/><F126/><W57/><G57/><T75/><D43/><U135/><E59/><V88/><F88/><W1/><G115/><T95/><D112/><U91/><E114/><V11/><F11/><AGARI ba="1,1" hai="1,5,11,18,19,27,30,35" m="16391,49674" machi="11" ten="30,3900,0" yaku="19,1,34,2" doraHai="110" who="3" fromWho="2" sc="224,0,402,0,216,-42,148,52" /><INIT seed="7,0,0,3,0,40" ten="224,402,174,200" oya="3" hai0="103,117,12,91,107,125,61,15,1,123,102,131,68" hai1="60,21,66,109,29,10,69,63,34,31,84,49,82" hai2="52,92,73,85,59,122,76,57,99,53,65,19,134" hai3="39,58,120,118,20,127,78,27,119,114,83,70,71"/><W95/><G39/><T62/><D123/><U13/><E34/><V32/><F32/><W18/><G120/><T132/><D117/><U74/><E109/><V50/><F122/><W67/><G114/><T16/><D1/><U97/><E74/><V101/><F134/><W81/><G127/><T111/><D111/><U94/><E49/><V36/><F36/><W133/><G133/><T100/><D107/><U115/><E115/><V38/><F38/><W88/><G70/><T0/><D0/><U72/><E21/><V22/><F73/><W124/><G124/><T96/><D125/><U126/><E60/><V11/><F11/><W43/><G71/><T6/><D132/><U7/><E72/><V37/><F37/><W25/><G43/><T86/><D96/><U30/><E126/><V75/><F75/><W33/><G78/><T56/><D131/><U44/><E44/><V47/><F65/><W42/><G42/><T46/><D46/><U108/><E108/><V93/><F53/><W45/><G45/><T110/><D110/><U80/><REACH who="1" step="1"/><E84/><REACH who="1" ten="224,392,174,200" step="2"/><V105/><F105/><W26/><G33/><T90/><D86/><U9/><E9/><V41/><F41/><W77/><G119/><T135/><D135/><U89/><AGARI ba="0,1" hai="7,10,13,29,30,31,63,66,69,80,82,89,94,97" machi="89" ten="30,2000,0" yaku="1,1,0,1,53,0" doraHai="40" doraHaiUra="106" who="1" fromWho="1" sc="224,-5,392,30,174,-5,200,-10" owari="219,1.9,422,52.2,169,-33.1,190,-21.0" /></mjloggm>