<mjloggm ver="2.3"><GO type="41" lobby="0"/><UN n0="%43%65%6C%65%73%54%65" n1="%E6%BC%AB%E5%A4%A9%E6%A5%93%E8%91%89" n2="%E2%93%9D%4C%75%63%6B%79%4A" n3="%E3%82%B9%E3%83%BC%E3%83%91%E3%83%BC%E3%81%9F%E3%81%A3%E3%81%A4%E3%82%93" dan="15,15,16,15" rate="2015.55,2060.75,2159.74,2043.04" sx="M,M,M,M"/><TAIKYOKU oya="0"/><INIT seed="0,0,0,5,1,58" ten="250,250,250,250" oya="0" hai0="88,22,17,4,45,29,102,13,25,73,2,133,69" hai1="74,5,118,98,65,59,36,103,39,125,97,26,63" hai2="40,120,90,110,10,113,84,134,54,14,81,93,87" hai3="31,100,47,66,80,64,95,37,24,78,116,115,83"/><T60/><D133/><U94/><E118/><V131/><F134/><W76/><G115/><T71/><D73/><U124/><E74/><V89/><F113/><W8/><G116/><T32/><D102/><U51/><E5/><V70/><F70/><W99/><G8/><T121/><D121/><U49/><E97/><V62/><F110/><W86/><G37/><T33/><D45/><U101/><E101/><V50/><F131/><W28/><G47/><T79/><D79/><U53/><E26/><V135/><F120/><W38/><G38/><T52/><D33/><U7/><E7/><V57/><F135/><W128/><G128/><T112/><D112/><U3/><E3/><V117/><F117/><W107/><G31/><T1/><D1/><U114/><E114/><V0/><F0/><W68/><G107/><T75/><D75/><U48/><E36/><V30/><F30/><W105/><G105/><T82/><D82/><U126/><REACH who="1" step="1"/><E39/><REACH who="1" ten="250,240,250,250" step="2"/><V122/><F122/><W18/><G18/><T132/><D132/><U104/><E104/><V119/><F119/><W15/><G15/><T27/><D27/><U9/><E9/><V85/><F10/><W72/><REACH who="3" step="1"/><G68/><AGARI ba="0,1" hai="48,49,51,53,59,63,65,68,94,98,103,124,125,126" machi="68" ten="40,8000,1" yaku="1,1,18,1,52,1,53,1" doraHai="58" doraHaiUra="55" who="1" fromWho="3" sc="250,0,240,90,250,0,250,-80" /><INIT seed="1,0,0,5,1,35" ten="250,330,250,170" oya="1" hai0="11,129,13,131,36,123,99,125,21,32,104,31,101" hai1="6,75,62,87,78,112,51,76,108,74,110,106,93" hai2="80,95,52,122,77,119,5,89,105,3,114,70,117" hai3="72,2,111,61,7,84,39,29,113,47,20,98,94"/><U46/><E6/><V38/><F70/><W116/><G113/><T14/><D125/><U127/><E127/><V66/><F66/><W53/><G111/><N who="1" m="42538" /><E62/><V96/><F38/><W58/><G72/><N who="1" m="27690" /><E112/><V69/><F69/><W67/><G116/><T73/><D36/><U124/><E124/><V22/><F114/><W42/><G84/><T25/><D73/><U4/><E4/><V97/><F5/><W43/><G42/><T23/><D123/><U56/><E56/><V103/><F122/><W26/><G7/><T115/><D115/><U1/><E1/><V49/><F3/><W64/><REACH who="3" step="1"/><G2/><REACH who="3" ten="250,330,250,160" step="2"/><T133/><D129/><U55/><E106/><V128/><F128/><W10/><G10/><T130/><D130/><U63/><E63/><V8/><F8/><W0/><G0/><T50/><D131/><U48/><E48/><V134/><F49/><W126/><G126/><T71/><D50/><U102/><E87/><V132/><F119/><W27/><G27/><T34/><D25/><U45/><E45/><V30/><F117/><W28/><G28/><T118/><D31/><U121/><E121/><V12/><F30/><W15/><G15/><T82/><D14/><U44/><E44/><V37/><F12/><W59/><G59/><T85/><D13/><U92/><E46/><V19/><F37/><W16/><G16/><T109/><D109/><U107/><E51/><V40/><F19/><W83/><G83/><T90/><D82/><U57/><E57/><V68/><F80/><W41/><G41/><T81/><D81/><U100/><E55/><V60/><F52/><RYUUKYOKU ba="0,1" sc="250,-10,330,-10,250,-10,160,30" hai3="20,26,29,39,43,47,53,58,61,64,67,94,98" /><INIT seed="2,1,1,5,5,35" ten="240,320,240,190" oya="2" hai0="67,110,77,36,41,11,107,79,69,33,73,54,115" hai1="44,60,88,24,104,114,26,40,43,96,85,12,102" hai2="125,9,78,32,121,93,84,130,2,134,20,123,65" hai3="118,37,126,80,22,34,101,10,13,83,0,18,113"/><V66/><F32/><W58/><G118/><T14/><D107/><U131/><E114/><V50/><F125/><W103/><G126/><T119/><D33/><U105/><E131/><V89/><F130/><W64/><G37/><T1/><D115/><U127/><E127/><V68/><F78/><W17/><G34/><T82/><D77/><U100/><E60/><V56/><F68/><W16/><G0/><T5/><D110/><U116/><E12/><V3/><F134/><W23/><G113/><T55/><D14/><U99/><E116/><V94/><F20/><W95/><G22/><T98/><D98/><U71/><E71/><V111/><F111/><W21/><G23/><T61/><D119/><U6/><E6/><V53/><F94/><W63/><G101/><T70/><D70/><U90/><E44/><AGARI ba="1,1" hai="1,5,11,36,41,44,54,55,61,67,69,73,79,82" machi="44" ten="40,5200,0" yaku="25,2,52,1" doraHai="35" who="0" fromWho="1" sc="240,65,320,-55,240,0,190,0" /><INIT seed="3,0,0,3,4,64" ten="305,265,240,190" oya="3" hai0="18,97,46,3,80,84,92,132,78,81,131,114,39" hai1="67,101,15,95,102,75,66,31,13,52,121,113,63" hai2="44,59,23,87,21,33,100,93,43,124,50,45,12" hai3="14,25,29,19,85,20,135,91,32,116,133,35,98"/><W117/><G98/><T54/><D3/><U22/><E121/><V51/><F33/><W110/><G110/><T34/><D34/><U109/><E109/><V88/><F124/><W106/><G106/><T73/><D39/><U112/><E75/><V41/><F100/><W108/><G108/><T104/><D46/><U99/><E31/><V118/><F118/><W125/><G125/><T38/><D38/><U70/><E101/><V107/><F107/><W61/><G61/><T10/><D54/><U42/><E42/><V65/><F12/><W71/><G71/><T57/><D57/><U28/><E67/><V115/><F115/><W1/><G1/><T53/><D53/><U74/><E74/><V134/><F134/><N who="3" m="51211" /><G85/><T6/><D132/><U76/><E76/><V79/><F79/><W94/><G94/><T68/><D104/><U17/><E28/><V82/><F93/><W26/><G91/><T47/><D92/><U8/><REACH who="1" step="1"/><E52/><REACH who="1" ten="305,255,240,190" step="2"/><V96/><F96/><W4/><G32/><T89/><D97/><U83/><E83/><V77/><F77/><W126/><G126/><T7/><D78/><U49/><E49/><V56/><F65/><W60/><G60/><T111/><D111/><U36/><E36/><V69/><F69/><W48/><G48/><T120/><D68/><U9/><E9/><AGARI ba="0,1" hai="4,9,14,19,20,25,26,29,35,116,117" m="51211" machi="9" ten="30,5800,0" yaku="20,1,34,2" doraHai="64" who="3" fromWho="1" sc="305,0,255,-58,240,0,190,68" /><INIT seed="3,1,0,5,5,10" ten="305,197,240,258" oya="3" hai0="129,121,45,46,115,38,60,86,91,71,88,9,67" hai1="126,125,16,133,135,28,119,106,73,95,25,130,26" hai2="22,1,105,100,102,69,134,41,123,44,37,3,57" hai3="14,120,98,118,23,36,2,83,50,59,66,80,127"/><W48/><G120/><T111/><D111/><U21/><E106/><V99/><F123/><W56/><G118/><T84/><D121/><U79/><E79/><V110/><F110/><W33/><G36/><T35/><D35/><N who="1" m="20879" /><E73/><V104/><F57/><W93/><G2/><T89/><D129/><U72/><E72/><V62/><F22/><W81/><G127/><N who="1" m="48650" /><E95/><V82/><F134/><N who="1" m="51209" /><E119/><V112/><F82/><W53/><G33/><T128/><D38/><U54/><E54/><V5/><F102/><W58/><G66/><T6/><D86/><U116/><E116/><V24/><F105/><W27/><G27/><T20/><D84/><U77/><E77/><V0/><F24/><W47/><G48/><T34/><D46/><U13/><E13/><V75/><F75/><W61/><G61/><T43/><D60/><U55/><E55/><V42/><F42/><W101/><REACH who="3" step="1"/><G47/><REACH who="3" ten="305,197,240,248" step="2"/><T40/><D45/><U74/><E74/><V11/><F44/><W30/><G30/><T92/><D40/><U17/><E130/><V114/><F41/><W18/><AGARI ba="1,1" hai="14,18,23,50,53,56,58,59,80,81,83,93,98,101" machi="18" ten="30,11700,0" yaku="1,1,0,1,8,1,52,1,53,0" doraHai="10" doraHaiUra="63" who="3" fromWho="3" sc="305,-40,197,-40,240,-40,248,130" /><INIT seed="3,2,0,2,4,75" ten="265,157,200,378" oya="3" hai0="121,63,127,89,74,2,81,66,1,23,91,116,113" hai1="69,59,103,77,16,71,50,42,14,33,21,56,34" hai2="131,132,44,108,32,36,134,79,20,86,11,47,8" hai3="61,26,35,115,70,92,51,43,41,19,10,25,68"/><W22/><G115/><T123/><D116/><U111/><E111/><V28/><F32/><W30/><G70/><T104/><D127/><U90/><E103/><V67/><F67/><W135/><G135/><N who="2" m="51753" /><F108/><W57/><G68/><T82/><D104/><U93/><E69/><V76/><F86/><W124/><G124/><T7/><D113/><U15/><E71/><V6/><F11/><W133/><G133/><T27/><D121/><U80/><E33/><V12/><F131/><W73/><G73/><T83/><D74/><U40/><E34/><V129/><F129/><W78/><G78/><N who="2" m="29737" /><F36/><W126/><G126/><T106/><D66/><U24/><E77/><V9/><F9/><W64/><G51/><T46/><D63/><U99/><E80/><V49/><F49/><W119/><G119/><T107/><D81/><U17/><E50/><V98/><F98/><W60/><G61/><T94/><D82/><U72/><E72/><V102/><F102/><W58/><G57/><T4/><D83/><U39/><E39/><V62/><F62/><W54/><G64/><T31/><D46/><U95/><E99/><V53/><F53/><W18/><REACH who="3" step="1"/><G92/><REACH who="3" ten="265,157,200,368" step="2"/><T128/><D94/><U125/><E125/><V112/><F112/><W55/><G55/><T65/><D65/><U114/><E114/><V97/><F97/><W130/><G130/><T38/><D128/><U3/><E95/><V105/><F105/><W117/><G117/><T87/><D106/><U110/><E93/><V85/><F85/><W96/><G96/><T0/><D87/><U122/><E59/><V88/><F88/><RYUUKYOKU ba="2,1" sc="265,-15,157,-15,200,15,368,15" hai2="6,8,12,20,28,44,47" hai3="10,18,19,22,25,26,30,35,41,43,54,58,60" /><INIT seed="3,3,1,0,3,17" ten="250,142,215,383" oya="3" hai0="52,76,98,89,56,28,100,29,65,122,99,49,95" hai1="109,72,33,6,0,125,63,116,12,130,113,39,46" hai2="135,34,111,73,16,96,3,124,66,5,7,43,51" hai3="68,55,126,62,84,108,78,11,85,112,103,64,77"/><W133/><G112/><T75/><D122/><U121/><E12/><V79/><F34/><W101/><G126/><T71/><D75/><U10/><E63/><V106/><F3/><W4/><G133/><T1/><D1/><U92/><E92/><V21/><F111/><W30/><G55/><T2/><D2/><U57/><E57/><V70/><F73/><W15/><G108/><T80/><D71/><U22/><E22/><V27/><F79/><W131/><G131/><T19/><D65/><U13/><E13/><V60/><F124/><W102/><G84/><T9/><D9/><U104/><E46/><V25/><F27/><W48/><G48/><T83/><D19/><U114/><E10/><V59/><F135/><W115/><G115/><T74/><REACH who="0" step="1"/><D80/><REACH who="0" ten="240,142,215,383" step="2"/><U82/><E82/><V61/><F70/><W45/><G30/><T94/><AGARI ba="3,2" hai="28,29,49,52,56,74,76,83,89,94,95,98,99,100" machi="94" ten="20,8000,1" yaku="1,1,2,1,0,1,7,1,54,1,53,0" doraHai="17" doraHaiUra="37" who="0" fromWho="0" sc="240,109,142,-23,215,-23,383,-43" /><INIT seed="4,0,0,2,4,96" ten="349,119,192,340" oya="0" hai0="42,66,94,122,83,47,108,81,14,29,53,59,43" hai1="132,90,85,30,57,73,24,45,26,105,58,35,62" hai2="79,76,82,39,33,107,127,93,71,80,70,97,17" hai3="121,7,77,15,67,134,40,84,32,19,106,118,100"/><T112/><D122/><U88/><E73/><V111/><F33/><W114/><G118/><T115/><D66/><U104/><E132/><V21/><F39/><W95/><G114/><N who="0" m="43563" /><D94/><U89/><E24/><V123/><F111/><W131/><G134/><T65/><D65/><U126/><E126/><V56/><F107/><W18/><G131/><T135/><D135/><U61/><E45/><V37/><F37/><W102/><G106/><T78/><D29/><U60/><E105/><V10/><F10/><N who="3" m="4575" /><G32/><T50/><D108/><U28/><E104/><V124/><F123/><W8/><G40/><T44/><D14/><U22/><E35/><V64/><F71/><W3/><G3/><T4/><D4/><U41/><E41/><N who="0" m="15369" /><D81/><U63/><N who="1" m="15360" /><DORA hai="110" /><U86/><REACH who="1" step="1"/><E30/><REACH who="1" ten="349,109,192,340" step="2"/><V51/><F64/><W23/><G67/><T116/><D116/><U98/><E98/><V6/><F97/><W5/><G121/><T87/><AGARI ba="0,1" hai="44,47,50,53,59,78,83,87" m="15369,43563" machi="87" ten="30,11700,0" yaku="15,1,52,3" doraHai="96,110" who="0" fromWho="0" sc="349,127,109,-39,192,-39,340,-39" /><INIT seed="4,1,0,2,0,71" ten="476,70,153,301" oya="0" hai0="111,23,117,76,19,41,28,112,82,134,95,2,7" hai1="104,44,59,16,29,57,36,22,9,49,94,5,39" hai2="83,63,128,30,91,99,10,84,118,42,11,101,74" hai3="87,92,125,12,124,68,123,43,52,120,58,121,37"/><T115/><D117/><U1/><E104/><V38/><F118/><W108/><G68/><T32/><D134/><U102/><E29/><V24/><F74/><W127/><G12/><T27/><D111/><U80/><E80/><V46/><F128/><W86/><G92/><T81/><D95/><U55/><E102/><V97/><F63/><N who="3" m="36295" /><G108/><T109/><D109/><U103/><E103/><V89/><F91/><W69/><G69/><T100/><D100/><U85/><E85/><V135/><F135/><W48/><G48/><T114/><D41/><U72/><E72/><V66/><F66/><W0/><G0/><T122/><D122/><U78/><E78/><V50/><F50/><W93/><G93/><T17/><D32/><U96/><E96/><V64/><F64/><W20/><G20/><T60/><D60/><U51/><E94/><V31/><F31/><W53/><G53/><T56/><D56/><U130/><E130/><V126/><F126/><W18/><G18/><T132/><D132/><U88/><E88/><V70/><F70/><W34/><G34/><T131/><D131/><U62/><E51/><V61/><F61/><W75/><G75/><T73/><D81/><U105/><E105/><V45/><F46/><AGARI ba="1,0" hai="37,43,46,86,87,120,121,123,124,125,127" m="36295" machi="46" ten="40,8000,1" yaku="13,1,18,1,52,1,54,1" doraHai="71" who="3" fromWho="2" sc="476,0,70,0,153,-83,301,83" /><INIT seed="5,0,0,2,1,10" ten="476,70,70,384" oya="1" hai0="3,24,86,26,60,12,107,65,128,17,100,18,51" hai1="16,53,46,45,120,116,67,38,80,79,50,78,58" hai2="77,64,97,20,62,35,122,36,63,87,11,47,33" hai3="70,83,92,110,71,31,132,99,4,5,74,105,6"/><U121/><E116/><V30/><F122/><W124/><G110/><T49/><D3/><U28/><E28/><V123/><F123/><W75/><G105/><T61/><D128/><U112/><E112/><V126/><F63/><W91/><G124/><T113/><D113/><U129/><E129/><V8/><F77/><W82/><G31/><T106/><D100/><U88/><E67/><V52/><F87/><W40/><G40/><T44/><D86/><N who="1" m="50247" /><E121/><V21/><F36/><W73/><REACH who="3" step="1"/><G132/><REACH who="3" ten="476,70,70,374" step="2"/><T98/><D107/><U57/><E120/><V101/><F30/><W111/><G111/><T114/><D106/><U7/><E38/><V48/><F126/><W59/><G59/><T130/><D130/><U89/><E57/><V81/><F35/><W135/><G135/><T54/><D114/><U1/><E58/><V15/><F33/><W27/><G27/><T117/><D26/><U134/><E134/><V127/><F127/><W68/><AGARI ba="0,1" hai="4,5,6,68,70,71,73,74,75,82,83,91,92,99" machi="68" ten="50,8000,1" yaku="1,1,0,1,29,2,53,0" doraHai="10" doraHaiUra="125" who="3" fromWho="3" sc="476,-20,70,-40,70,-20,374,90" /><INIT seed="6,0,0,2,0,117" ten="456,30,50,464" oya="2" hai0="52,28,73,120,46,104,54,41,109,87,125,51,14" hai1="126,15,110,84,25,79,82,69,47,40,64,71,102" hai2="100,66,135,116,3,63,121,124,74,10,80,65,106" hai3="30,131,22,68,31,2,95,50,7,67,55,132,85"/><V9/><F116/><W0/><G132/><T99/><D109/><U122/><E122/><V19/><F121/><W129/><G68/><T115/><D73/><U105/><E110/><V101/><F135/><W89/><G67/><T76/><D120/><U113/><E126/><V107/><F124/><W88/><G7/><T4/><D125/><U6/><E113/><V90/><F90/><W5/><G5/><T1/><D1/><U130/><E130/><N who="3" m="49674" /><G89/><T60/><D60/><U35/><E64/><V13/><F3/><N who="3" m="1067" /><G22/><T37/><D115/><U114/><E114/><V81/><F74/><W12/><G12/><T42/><D42/><U58/><E58/><AGARI ba="0,0" hai="30,31,50,55,58,85,88,95" m="1067,49674" machi="58" ten="30,2000,0" yaku="19,1,54,1" doraHai="117" who="3" fromWho="1" sc="456,0,30,-20,50,0,464,20" /><INIT seed="7,0,0,2,4,50" ten="456,10,50,484" oya="3" hai0="76,99,97,1,67,72,30,51,109,98,11,19,24" hai1="4,23,27,13,20,65,111,102,37,82,100,79,106" hai2="7,104,135,130,38,70,15,66,84,47,9,64,83" hai3="134,59,107,127,122,43,60,105,131,86,8,55,74"/><W5/><G122/><T61/><D109/><U96/><E111/><V125/><F104/><W12/><G74/><T53/><D72/><U62/><E37/><V56/><F70/><W34/><G134/><T71/><D76/><U17/><E4/><V39/><F135/><W110/><G131/><T26/><D30/><U78/><E102/><V58/><F125/><W113/><G113/><T132/><D132/><U103/><E103/><V35/><F35/><W33/><G127/><T119/><D119/><U31/><REACH who="1" step="1"/><E82/><REACH who="1" ten="456,0,50,484" step="2"/><V93/><F39/><W121/><G110/><T46/><REACH who="0" step="1"/><D19/><REACH who="0" ten="446,0,50,484" step="2"/><U77/><E77/><V52/><F130/><W2/><G121/><T92/><D92/><U129/><E129/><V63/><F93/><W21/><G107/><T42/><D42/><U116/><E116/><V94/><F94/><W88/><G105/><T0/><D0/><U29/><E29/><V45/><F38/><W85/><G43/><T16/><D16/><U28/><E28/><V101/><F101/><W36/><G36/><T80/><D80/><U128/><E128/><V120/><F120/><W91/><G91/><T133/><D133/><U89/><E89/><N who="2" m="51359" /><F66/><W25/><G2/><T90/><D90/><U54/><E54/><V126/><F126/><W114/><G114/><T57/><D57/><AGARI ba="0,2" hai="13,17,20,23,27,31,57,62,65,78,79,96,100,106" machi="57" ten="30,3900,0" yaku="1,1,7,1,53,1" doraHai="50" doraHaiUra="95" who="1" fromWho="0" sc="446,-39,0,59,50,0,484,0" owari="407,20.7,59,-34.1,50,-45.0,484,58.4" /></mjloggm>