<mjloggm ver="2.3"><GO type="41" lobby="0"/><UN n0="%E3%83%95%E3%82%AF%E3%83%80%E3%83%B3%E3%83%81%E3%83%A7" n1="%E8%B5%A4%E5%9D%82%E3%83%86%E3%83%B3%E3%83%91%E3%82%A4" n2="%E2%93%9D%4C%75%63%6B%79%4A" n3="%E4%B8%80%E6%9C%AC%E9%81%93" dan="15,15,16,13" rate="2036.80,2084.45,2157.22,1913.03" sx="M,M,M,M"/><TAIKYOKU oya="0"/><INIT seed="0,0,0,2,1,134" ten="250,250,250,250" oya="0" hai0="57,81,89,29,19,126,100,108,31,3,22,7,116" hai1="123,78,55,9,28,103,45,58,17,21,74,44,27" hai2="6,36,60,50,71,10,128,83,97,95,86,26,109" hai3="69,129,40,18,84,75,25,61,12,93,104,133,11"/><T13/><D116/><U47/><E123/><V15/><F128/><W8/><G104/><T115/><D115/><U130/><E130/><V37/><F109/><W79/><G129/><T0/><D100/><U131/><E131/><V52/><F26/><W33/><G133/><T59/><D108/><U125/><E125/><V76/><F60/><W94/><G75/><T105/><D105/><U119/><E119/><V24/><F24/><W107/><G107/><T2/><D7/><U51/><E74/><V67/><F67/><W4/><G40/><T91/><D126/><U34/><E78/><V66/><F66/><W68/><G33/><T80/><D13/><U56/><E56/><N who="0" m="21577" /><D19/><U30/><E103/><V72/><F71/><W118/><G68/><T77/><D77/><U117/><E117/><V88/><REACH who="2" step="1"/><F72/><REACH who="2" ten="250,250,240,250" step="2"/><W124/><G25/><T16/><D0/><U73/><E73/><V110/><F110/><W53/><G118/><T132/><D2/><U48/><E34/><V35/><F35/><W23/><G69/><T127/><D3/><U62/><E30/><N who="0" m="11273" /><D132/><U98/><E28/><V96/><F96/><W64/><G124/><T92/><D127/><U112/><E98/><V111/><F111/><W106/><G64/><T43/><D43/><U42/><E42/><V114/><F114/><W82/><G61/><T85/><D91/><U90/><E90/><V121/><F121/><W5/><G79/><T87/><D87/><U101/><E101/><V14/><F14/><W122/><G84/><T49/><D49/><N who="1" m="19019" /><E112/><V1/><F1/><W54/><G122/><T63/><D63/><RYUUKYOKU ba="0,1" sc="250,10,250,10,240,10,250,-30" hai0="16,22,80,81,85,89,92" hai1="9,17,21,27,44,45,47,55,58,62" hai2="6,10,15,36,37,50,52,76,83,86,88,95,97" /><INIT seed="0,1,1,4,5,127" ten="260,260,250,220" oya="0" hai0="33,89,115,86,82,129,101,32,56,5,100,64,39" hai1="116,126,94,123,124,113,16,14,117,44,67,119,102" hai2="63,18,81,13,65,75,103,125,0,135,41,10,9" hai3="131,66,35,120,91,96,43,51,3,19,108,73,40"/><T84/><D39/><U59/><E102/><V122/><F122/><W11/><G120/><T36/><D36/><U130/><E123/><V21/><F135/><W88/><G108/><T134/><D115/><U71/><E94/><V133/><F133/><W24/><G73/><T80/><D134/><U57/><E44/><V31/><F125/><N who="1" m="48233" /><E113/><V4/><F103/><W60/><G3/><T50/><D5/><U26/><E26/><V85/><F75/><W121/><G121/><T110/><D129/><U47/><E47/><V25/><F41/><W111/><G111/><T7/><D7/><U62/><E130/><V77/><F0/><W37/><G37/><T76/><D110/><U69/><E69/><V107/><F107/><W12/><G131/><T1/><D1/><U27/><E27/><V98/><F98/><W46/><G96/><T112/><D112/><U55/><E55/><V22/><REACH who="2" step="1"/><F4/><REACH who="2" ten="260,260,240,220" step="2"/><W2/><G43/><T45/><D101/><U8/><AGARI ba="1,2" hai="8,14,16,57,59,62,67,71,116,117,119" m="48233" machi="8" ten="40,2700,0" yaku="18,1,54,1" doraHai="127" who="1" fromWho="1" sc="260,-14,260,50,240,-8,220,-8" /><INIT seed="1,0,0,4,0,133" ten="246,310,232,212" oya="1" hai0="104,110,100,20,49,117,4,90,15,7,132,71,78" hai1="122,36,41,25,60,38,61,105,40,74,50,33,29" hai2="55,62,115,22,70,92,82,0,102,85,93,1,28" hai3="8,116,66,3,43,97,44,46,53,128,47,111,118"/><U131/><E122/><V73/><F73/><W16/><G111/><T24/><D110/><U58/><E74/><V89/><F115/><W129/><G66/><T2/><D71/><U42/><E105/><V80/><F1/><W103/><G53/><T108/><D108/><U113/><E113/><V23/><F0/><W76/><G76/><T125/><D2/><U45/><E131/><N who="3" m="50250" /><G43/><T39/><D39/><U6/><E6/><V109/><F28/><W86/><G86/><T114/><D117/><N who="3" m="45161" /><G3/><T10/><D125/><U123/><E123/><V9/><F70/><W75/><G75/><T65/><D4/><U19/><E38/><V11/><F62/><W88/><G8/><N who="2" m="3145" /><F55/><W130/><N who="3" m="50258" /><W107/><DORA hai="48" /><G88/><T13/><D65/><U120/><E120/><V14/><F109/><W121/><G121/><T27/><D90/><U134/><E36/><V63/><F63/><W96/><G97/><T30/><D78/><U35/><E61/><V5/><F82/><W81/><G16/><T26/><D114/><U135/><E19/><V67/><F67/><W64/><G64/><T87/><D10/><U127/><E42/><V69/><F69/><W34/><G34/><T119/><D119/><U52/><E41/><V17/><F5/><W83/><AGARI ba="0,0" hai="44,46,47,81,83,96,103,107" m="45161,50258" machi="83" ten="50,3200,0" yaku="19,1,12,1" doraHai="133,48" who="3" fromWho="3" sc="246,-8,310,-16,232,-8,212,32" /><INIT seed="2,0,0,3,4,105" ten="238,294,224,244" oya="2" hai0="60,74,7,33,119,101,58,3,46,72,43,56,121" hai1="2,95,34,41,118,67,62,63,35,8,51,104,76" hai2="133,18,1,66,100,31,111,13,45,82,116,93,102" hai3="59,57,6,98,84,10,21,126,109,83,28,132,124"/><V23/><F116/><W77/><G109/><T54/><D121/><U52/><E118/><V38/><F1/><W123/><G123/><T24/><D119/><U12/><E104/><V61/><F133/><W16/><G132/><T91/><D101/><U11/><E41/><V5/><F5/><W107/><G28/><T26/><D58/><U99/><E76/><V47/><F111/><W29/><G29/><T17/><D33/><U122/><E2/><V88/><F82/><W44/><G44/><T110/><D110/><U64/><E35/><V135/><F135/><W37/><G37/><T86/><D3/><U106/><E106/><V120/><F31/><W103/><G10/><N who="1" m="3626" /><E12/><V80/><F80/><W49/><G6/><T70/><D7/><U4/><E4/><V78/><F78/><W53/><REACH who="3" step="1"/><G59/><REACH who="3" ten="238,294,224,234" step="2"/><T92/><D70/><U71/><E71/><V130/><F120/><W112/><G112/><T73/><REACH who="0" step="1"/><D17/><REACH who="0" ten="228,294,224,234" step="2"/><U42/><E122/><V96/><F18/><W114/><G114/><T108/><D108/><U39/><E34/><V68/><F68/><W48/><G48/><AGARI ba="0,2" hai="24,26,43,46,48,54,56,60,72,73,74,86,91,92" machi="48" ten="40,8000,1" yaku="1,1,52,3,53,1" doraHai="105" doraHaiUra="50" who="0" fromWho="3" sc="228,100,294,0,224,0,234,-80" /><INIT seed="3,0,0,2,0,134" ten="328,294,224,154" oya="3" hai0="87,71,45,39,26,105,31,53,28,81,34,80,78" hai1="36,66,99,92,70,9,76,126,3,12,61,60,5" hai2="43,48,119,74,72,40,56,101,57,27,59,110,37" hai3="4,103,0,62,90,54,69,35,88,52,114,85,64"/><W104/><G114/><T96/><D71/><U55/><E36/><V115/><F115/><W14/><G0/><T22/><D105/><U131/><E131/><V89/><F101/><W47/><G35/><T111/><D96/><U135/><E135/><V1/><F1/><W29/><G29/><T100/><D100/><U49/><E61/><V116/><F89/><W112/><G112/><T38/><D111/><U16/><E76/><V46/><F27/><W102/><G90/><T86/><D31/><U19/><E3/><V82/><F82/><W25/><G25/><T118/><D34/><U107/><E107/><V128/><F74/><W11/><G47/><T15/><D15/><U117/><E126/><V68/><F72/><W127/><G127/><T79/><D118/><N who="2" m="45098" /><F68/><W108/><G108/><T44/><D44/><U120/><E120/><V98/><F98/><W65/><G64/><T23/><D23/><U6/><E6/><V13/><F13/><W94/><REACH who="3" step="1"/><G103/><REACH who="3" ten="328,294,224,144" step="2"/><T41/><REACH who="0" step="1"/><D53/><REACH who="0" ten="318,294,224,144" step="2"/><U30/><E117/><V95/><F110/><W106/><G106/><T83/><D83/><U113/><E30/><V33/><F33/><W129/><G129/><T24/><D24/><U51/><E113/><V2/><F128/><W32/><G32/><T17/><D17/><U50/><REACH who="1" step="1"/><E55/><REACH who="1" ten="318,284,224,144" step="2"/><V73/><F43/><W123/><G123/><T18/><D18/><U77/><E77/><V21/><F40/><W42/><G42/><T8/><D8/><U97/><E97/><AGARI ba="0,3" hai="4,11,14,52,54,62,65,69,85,88,94,97,102,104" machi="97" ten="40,12000,1" yaku="1,1,54,2,53,1" doraHai="134" doraHaiUra="67" who="3" fromWho="1" sc="318,0,284,-120,224,0,144,150" /><INIT seed="3,1,0,4,3,58" ten="318,164,224,294" oya="3" hai0="38,26,43,13,14,7,95,93,88,100,87,54,56" hai1="109,4,86,97,10,37,30,29,130,70,84,33,103" hai2="92,65,35,76,3,123,80,46,81,57,5,96,17" hai3="39,79,52,55,73,101,69,118,82,89,15,2,91"/><W28/><G118/><T9/><D38/><U16/><E37/><V78/><F35/><W11/><G2/><T68/><D68/><U77/><E70/><V132/><F132/><W42/><G28/><T107/><D43/><U40/><E40/><V134/><F123/><W129/><G129/><T102/><D107/><U67/><E67/><V121/><F5/><W19/><G101/><T23/><D14/><U124/><E130/><V64/><F3/><W51/><G69/><T0/><D95/><U131/><E131/><V48/><F17/><W22/><G39/><T60/><D0/><U47/><E47/><V53/><F134/><W27/><G55/><T128/><D128/><U20/><E33/><V114/><F114/><W45/><REACH who="3" step="1"/><G42/><REACH who="3" ten="318,164,224,284" step="2"/><T106/><D106/><U63/><E30/><AGARI ba="1,1" hai="7,9,13,23,26,30,54,56,60,87,88,93,100,102" machi="30" ten="30,7700,0" yaku="7,1,8,1,52,1,54,1" doraHai="58" who="0" fromWho="1" sc="318,90,164,-80,224,0,284,0" /><INIT seed="4,0,0,0,1,21" ten="408,84,224,284" oya="0" hai0="135,31,26,105,40,122,128,2,61,124,69,111,10" hai1="59,126,43,82,38,134,114,49,70,1,110,83,86" hai2="76,22,16,125,79,121,73,13,62,58,14,54,67" hai3="72,68,52,18,133,107,92,75,42,55,41,63,53"/><T99/><D122/><U98/><E1/><V103/><F121/><W0/><G107/><T131/><D111/><U20/><E70/><V119/><F125/><W106/><G106/><T101/><D40/><U48/><E110/><V95/><F119/><W90/><G0/><T123/><D123/><U80/><E126/><V74/><F74/><W7/><G7/><N who="0" m="1399" /><D124/><U33/><E33/><V15/><F73/><W60/><G133/><T78/><D78/><U71/><E71/><V30/><F30/><W44/><G42/><T85/><D85/><U35/><E35/><V113/><F113/><W3/><G3/><T81/><D81/><U89/><E134/><V104/><F104/><W12/><G72/><T130/><D135/><U115/><E98/><N who="2" m="59871" /><F67/><W27/><G75/><T34/><D130/><U93/><E20/><V8/><F8/><W17/><G17/><T109/><D109/><U108/><E108/><V37/><F37/><W32/><G68/><T11/><D11/><U23/><E23/><V46/><F46/><W47/><G44/><T56/><D56/><U65/><E38/><V28/><F28/><W57/><G57/><T51/><D51/><U129/><E129/><V117/><F117/><W118/><G118/><T9/><D9/><U88/><E89/><V116/><F116/><W6/><G47/><T94/><D94/><U29/><E29/><V127/><F127/><W120/><G41/><T50/><D50/><N who="1" m="19563" /><E43/><V66/><F66/><AGARI ba="0,0" hai="26,31,34,61,66,69,99,101,105,128,131" m="1399" machi="66" ten="30,5800,0" yaku="25,1,23,1,52,1" doraHai="21" who="0" fromWho="2" sc="408,58,84,0,224,-58,284,0" /><INIT seed="4,1,0,1,4,54" ten="466,84,166,284" oya="0" hai0="93,124,13,55,39,95,60,72,94,109,100,126,112" hai1="14,7,119,61,102,87,86,23,90,84,10,37,20" hai2="31,3,67,56,52,78,6,108,97,25,15,45,34" hai3="65,42,22,80,17,68,58,29,64,106,118,98,19"/><T50/><D39/><U53/><E119/><V116/><F108/><W77/><G118/><T85/><D72/><U24/><E37/><V74/><F116/><W89/><G68/><T59/><D112/><U43/><E43/><V134/><F3/><W35/><G35/><T125/><D109/><U121/><E102/><V120/><F120/><W48/><G65/><T129/><D129/><U104/><E104/><V114/><F114/><W51/><G51/><T46/><D13/><U33/><E33/><V101/><F134/><W62/><G48/><T0/><D0/><U49/><E61/><V122/><F67/><W26/><G42/><T2/><D2/><U81/><E23/><V91/><F91/><W117/><G117/><T38/><D38/><U76/><E76/><V21/><F122/><W70/><G70/><T47/><D100/><U132/><E132/><V69/><F69/><W8/><G8/><T30/><D30/><U5/><E5/><V57/><F78/><W1/><G1/><T127/><N who="0" m="31744" /><DORA hai="9" /><T44/><REACH who="0" step="1"/><D85/><REACH who="0" ten="456,84,166,284" step="2"/><U4/><E4/><V63/><F6/><W135/><G29/><T130/><D130/><U12/><E12/><V41/><F15/><W111/><G111/><T96/><D96/><U82/><E121/><V88/><F97/><W66/><G98/><T99/><D99/><U71/><E90/><V131/><F88/><W40/><G89/><T79/><D79/><U113/><E113/><V110/><F110/><W123/><G77/><T115/><D115/><U36/><E36/><V83/><F101/><W107/><G123/><T75/><D75/><RYUUKYOKU ba="1,1" sc="456,30,84,-10,166,-10,284,-10" hai0="44,46,47,50,55,59,60,93,94,95" /><INIT seed="4,2,1,5,1,60" ten="486,74,156,274" oya="0" hai0="92,61,86,127,65,114,72,91,64,101,53,78,43" hai1="4,49,0,16,30,87,22,108,105,3,19,126,38" hai2="23,98,31,96,44,8,59,102,6,56,125,34,21" hai3="13,76,67,50,115,28,14,110,90,122,80,41,113"/><T52/><D127/><U51/><E38/><V39/><F34/><W100/><G110/><T120/><D120/><U69/><E105/><V116/><F125/><W46/><G122/><T45/><D114/><U57/><E69/><V107/><F98/><W18/><G28/><T128/><D128/><U71/><E71/><V84/><F84/><W33/><G33/><T29/><D29/><U129/><E126/><V66/><F116/><W20/><G90/><T131/><D131/><U70/><E70/><V132/><F132/><W124/><G100/><T118/><D118/><U9/><E129/><V109/><F109/><W1/><G1/><T85/><D72/><U58/><E108/><V93/><F107/><W27/><G67/><N who="0" m="25675" /><D61/><U119/><E119/><V88/><F102/><W54/><G124/><T73/><D73/><U82/><E3/><V134/><F134/><W40/><G115/><T17/><D17/><U112/><E112/><V2/><F66/><W48/><G113/><T11/><D11/><U81/><E0/><V37/><F39/><W32/><G32/><T95/><D78/><U123/><E123/><V68/><F68/><W74/><G41/><T77/><D77/><U97/><E30/><V10/><F10/><W35/><G35/><T7/><D7/><U12/><E9/><V99/><F31/><W121/><G121/><T63/><D63/><U94/><E4/><V117/><F117/><W135/><G135/><T89/><D101/><U26/><E19/><V104/><F104/><W55/><G40/><T106/><D106/><U111/><E111/><V47/><F6/><RYUUKYOKU ba="2,1" sc="486,15,74,-15,156,-15,274,15" hai0="43,45,52,53,85,86,89,91,92,95" hai3="13,14,18,20,27,46,48,50,54,55,74,76,80" /><INIT seed="4,3,1,2,5,7" ten="501,59,141,289" oya="0" hai0="125,44,72,13,123,114,43,75,41,78,47,83,122" hai1="33,82,113,5,54,25,80,127,42,48,103,121,61" hai2="40,9,31,64,120,71,87,66,17,30,133,112,19" hai3="101,130,85,2,134,96,73,70,46,15,89,23,12"/><T56/><D114/><U99/><E121/><V59/><F120/><W10/><G70/><T84/><D125/><U3/><E127/><V29/><F71/><W109/><G73/><T106/><D106/><U115/><E42/><V52/><F112/><N who="1" m="43081" /><E61/><V62/><F133/><W35/><G35/><T95/><D56/><N who="1" m="32839" /><E5/><V94/><F40/><W100/><G134/><T50/><D75/><U68/><E3/><V8/><F19/><W60/><G2/><T0/><D0/><U126/><E68/><V45/><F17/><W74/><G74/><T1/><D1/><U76/><E76/><V28/><N who="2" m="7168" /><DORA hai="65" /><V97/><F87/><W38/><G60/><T131/><D131/><U26/><E33/><V93/><F94/><W22/><G130/><T69/><D69/><U79/><E126/><V77/><F77/><W111/><G46/><T129/><D129/><U53/><E53/><V119/><F119/><W49/><G49/><T34/><D34/><U117/><E117/><V18/><F45/><W88/><G38/><T107/><D107/><N who="1" m="63999" /><E82/><V20/><F66/><W86/><G96/><T98/><D13/><U132/><E132/><V90/><F64/><W91/><G91/><T24/><D24/><AGARI ba="3,1" hai="8,9,18,20,24,52,59,62,90,93,97" m="7168" machi="24" ten="50,12000,2" yaku="25,2,8,1,52,2,54,1" doraHai="7,65" who="2" fromWho="0" sc="501,-129,59,0,141,139,289,0" /><INIT seed="5,0,0,5,5,16" ten="372,59,280,289" oya="1" hai0="107,108,47,71,111,67,35,110,12,62,10,117,15" hai1="59,52,91,124,28,90,51,129,75,93,36,54,17" hai2="104,25,29,61,132,68,82,33,105,92,100,53,112" hai3="24,39,18,19,115,79,87,133,8,73,134,65,26"/><U98/><E36/><V77/><F92/><W88/><G39/><T40/><D117/><U125/><E75/><V119/><F119/><W45/><G65/><T69/><D107/><U121/><E121/><V57/><F132/><N who="3" m="50795" /><G73/><T46/><D35/><U103/><E28/><V21/><F68/><W1/><G79/><T94/><D15/><U128/><E17/><N who="3" m="6154" /><G45/><T49/><D47/><U99/><E54/><V135/><F112/><W3/><G115/><T56/><D94/><N who="1" m="56663" /><E103/><V81/><F135/><W41/><G41/><T109/><N who="0" m="27648" /><DORA hai="76" /><T13/><REACH who="0" step="1"/><D13/><REACH who="0" ten="362,59,280,289" step="2"/><U23/><E23/><V63/><F21/><W95/><G8/><T97/><D97/><U0/><E0/><AGARI ba="0,1" hai="0,1,3,24,26,87,88,95" m="6154,50795" machi="0" ten="30,2000,0" yaku="20,1,54,1" doraHai="16,76" who="3" fromWho="1" sc="362,0,59,-20,280,0,289,30" /><INIT seed="6,0,0,4,5,122" ten="362,39,280,319" oya="2" hai0="79,69,68,41,53,6,110,20,95,57,123,2,86" hai1="33,114,126,1,59,8,108,82,54,128,88,46,81" hai2="12,15,119,40,18,17,80,112,47,99,105,125,96" hai3="76,61,5,91,7,77,28,24,55,23,104,22,38"/><V75/><F119/><W116/><G116/><T74/><D123/><U42/><E33/><V72/><F125/><W106/><G38/><T45/><D110/><U49/><E108/><V50/><F105/><W65/><G55/><T48/><D20/><U62/><E126/><V16/><F112/><W130/><G130/><T103/><D74/><U71/><E114/><V67/><F67/><W9/><G91/><T87/><D2/><U30/><E30/><V32/><F32/><W118/><G118/><T60/><D6/><U134/><E128/><V83/><F75/><W97/><G23/><T98/><D79/><U26/><E26/><V58/><F58/><W127/><G5/><T124/><D124/><U92/><E134/><V121/><F121/><W131/><G131/><T19/><D19/><U111/><E111/><V94/><F99/><W34/><G22/><T56/><REACH who="0" step="1"/><D57/><REACH who="0" ten="352,39,280,319" step="2"/><U37/><E1/><V90/><REACH who="2" step="1"/><F72/><REACH who="2" ten="352,39,270,319" step="2"/><W102/><G127/><T85/><AGARI ba="0,2" hai="41,45,48,53,56,60,68,69,85,86,87,95,98,103" machi="85" ten="30,4000,0" yaku="1,1,2,1,0,1,53,0" doraHai="122" doraHaiUra="115" who="0" fromWho="0" sc="352,60,39,-10,270,-20,319,-10" /><INIT seed="7,0,0,4,0,120" ten="412,29,250,309" oya="3" hai0="26,101,4,47,27,21,131,80,103,77,36,132,110" hai1="67,71,66,5,94,38,65,63,11,92,18,121,37" hai2="95,89,61,0,51,82,41,39,133,13,62,1,43" hai3="122,28,79,135,55,29,44,125,20,64,116,81,119"/><W75/><G122/><T30/><D110/><U73/><E121/><V10/><F39/><W85/><G64/><T59/><D132/><U7/><E63/><V46/><F133/><W56/><G135/><T105/><D131/><U58/><E58/><V109/><F109/><W6/><G6/><T93/><D105/><U60/><E60/><V104/><F104/><W97/><G125/><T127/><D4/><U49/><E49/><V19/><F1/><W106/><G44/><T42/><D127/><U86/><E7/><V57/><F0/><W88/><G28/><T128/><D128/><U74/><E5/><V35/><F35/><W112/><G112/><T126/><D126/><U69/><E18/><V25/><F25/><W53/><G29/><T32/><D93/><U9/><E86/><V14/><F14/><W48/><G53/><T45/><D59/><U70/><E94/><V111/><F111/><W134/><G20/><T129/><D129/><U113/><E92/><V84/><F43/><W115/><G115/><T12/><D45/><U52/><E52/><V24/><F24/><W91/><G134/><T40/><D40/><U96/><E96/><V118/><F118/><W50/><G48/><T72/><D12/><U76/><E76/><V87/><REACH who="2" step="1"/><F57/><REACH who="2" ten="412,29,240,309" step="2"/><N who="3" m="33015" /><G119/><T15/><D15/><U117/><E117/><V98/><F98/><W99/><G116/><T68/><D68/><U33/><E33/><V90/><AGARI ba="0,1" hai="10,13,19,41,46,51,61,62,82,84,87,89,90,95" machi="90" ten="20,5200,0" yaku="1,1,0,1,7,1,8,1,53,0" doraHai="120" doraHaiUra="108" who="2" fromWho="2" sc="412,-13,29,-13,240,62,309,-26" owari="399,49.9,16,-48.4,302,10.2,283,-11.7" /></mjloggm>