<mjloggm ver="2.3"><GO type="41" lobby="0"/><UN n0="%69%79%6F%37%37%35" n1="%E3%83%A2%E3%83%A2%E3%83%B4" n2="%79%65%79%32%37%30%30%30" n3="%E2%93%9D%4C%75%63%6B%79%4A" dan="14,14,14,17" rate="1934.66,1950.09,1914.66,2164.32" sx="M,M,M,M"/><TAIKYOKU oya="0"/><INIT seed="0,0,0,3,0,114" ten="250,250,250,250" oya="0" hai0="34,41,98,14,86,32,115,49,61,58,6,97,87" hai1="50,94,95,27,21,109,4,23,126,100,121,135,80" hai2="1,91,99,74,133,108,7,120,20,101,132,72,113" hai3="69,84,129,130,35,70,67,39,40,48,44,89,17"/><T26/><D115/><U24/><E121/><V102/><F113/><W18/><G35/><T55/><D34/><U119/><E109/><V52/><F108/><W107/><G107/><T76/><D32/><U8/><E126/><V12/><F1/><W79/><G79/><T28/><D87/><U56/><E135/><N who="2" m="51787" /><F120/><W5/><G5/><T82/><D28/><U116/><E80/><V0/><F0/><W124/><G39/><T25/><D25/><U53/><E100/><N who="2" m="38507" /><F99/><W125/><G67/><T22/><D26/><U36/><E36/><V103/><N who="2" m="38515" /><V15/><DORA hai="64" /><F91/><W88/><G89/><T134/><D134/><U127/><E127/><N who="3" m="48714" /><G18/><T60/><D22/><U37/><E37/><V33/><F33/><W31/><G17/><T54/><D61/><U110/><E110/><V19/><F52/><W46/><G46/><N who="0" m="25807" /><D55/><U131/><E131/><N who="3" m="50186" /><G31/><T128/><D128/><U122/><E122/><V57/><F57/><W51/><G51/><T106/><D106/><U11/><E53/><V42/><F42/><W83/><AGARI ba="0,0" hai="40,44,48,69,70,83,84,88" m="50186,48714" machi="83" ten="30,8000,1" yaku="18,1,19,1,52,2,54,1" doraHai="114,64" who="3" fromWho="3" sc="250,-40,250,-20,250,-20,250,80" /><INIT seed="1,0,0,4,2,24" ten="210,230,230,330" oya="1" hai0="74,81,80,51,5,44,84,92,15,132,63,60,66" hai1="33,26,102,16,121,55,75,94,108,64,19,17,49" hai2="53,101,126,7,10,77,87,131,99,43,69,127,96" hai3="38,20,6,130,25,21,36,67,125,123,4,1,86"/><U29/><E121/><V18/><F69/><W98/><G123/><T61/><D66/><U90/><E75/><V115/><F115/><W22/><G98/><T120/><D120/><U100/><E64/><V40/><F18/><W129/><G86/><T71/><D71/><U31/><E31/><V23/><F23/><W57/><G125/><N who="2" m="47625" /><F131/><N who="3" m="50187" /><G1/><T27/><D132/><U79/><E79/><V88/><F77/><W28/><G57/><T89/><D74/><U11/><E11/><V111/><F53/><W135/><G67/><T105/><D105/><U122/><E122/><V48/><F111/><W112/><G112/><T117/><D117/><U114/><E114/><V85/><F48/><W134/><G38/><T2/><D2/><U52/><E108/><V35/><F35/><N who="3" m="20879" /><G36/><T14/><D5/><AGARI ba="0,0" hai="4,5,6,20,21,22,134,135" m="20879,50187" machi="5" ten="40,8000,1" yaku="19,1,34,2,52,1" doraHai="24" who="3" fromWho="0" sc="210,-80,230,0,230,0,330,80" /><INIT seed="2,0,0,3,3,22" ten="130,230,230,410" oya="2" hai0="31,77,95,99,47,132,78,72,39,119,15,35,7" hai1="81,84,109,42,16,129,125,121,36,14,134,58,131" hai2="19,114,108,120,53,82,92,38,96,71,61,88,128" hai3="79,113,98,5,89,75,49,40,133,55,106,74,52"/><V73/><F38/><W9/><G113/><T87/><D72/><U56/><E109/><V70/><F120/><W76/><G133/><T37/><D132/><U0/><E134/><V59/><F114/><W66/><G66/><T10/><D119/><U94/><E0/><V86/><F128/><N who="1" m="49225" /><E125/><V54/><F73/><W21/><G40/><T123/><D123/><U68/><E68/><V11/><F108/><W8/><G21/><T107/><D107/><U41/><E94/><V12/><REACH who="2" step="1"/><F54/><REACH who="2" ten="130,230,220,410" step="2"/><W115/><G55/><T90/><D39/><U25/><E36/><V91/><AGARI ba="0,1" hai="11,12,19,53,59,61,70,71,82,86,88,91,92,96" machi="91" ten="20,18000,2" yaku="1,1,2,1,0,1,7,1,54,1,53,1" doraHai="22" doraHaiUra="80" who="2" fromWho="2" sc="130,-60,230,-60,220,190,410,-60" /><INIT seed="2,1,0,1,5,48" ten="70,170,410,350" oya="2" hai0="61,85,86,128,41,11,107,43,133,130,24,98,131" hai1="52,82,38,100,3,78,110,113,7,17,39,22,67" hai2="103,10,64,55,125,20,124,73,96,134,74,53,119" hai3="5,59,75,109,34,114,25,126,118,79,66,2,76"/><V54/><F119/><W87/><G118/><T95/><D107/><U18/><E113/><V23/><F134/><W102/><G75/><N who="2" m="28681" /><F64/><W120/><G102/><T115/><D115/><U71/><E110/><V40/><F40/><W31/><G120/><T47/><D133/><U6/><E100/><V51/><F51/><W62/><G126/><N who="2" m="48745" /><F10/><W90/><G109/><T83/><D24/><U57/><E67/><V65/><F65/><W56/><G114/><T112/><D112/><U116/><E71/><V69/><F69/><W123/><G123/><T92/><D11/><U4/><E3/><V81/><F81/><W1/><G2/><T8/><D8/><U32/><E32/><V88/><F88/><W129/><G1/><T35/><D35/><U94/><E116/><V46/><F46/><W132/><G132/><T16/><D61/><U105/><E105/><AGARI ba="1,0" hai="20,23,53,54,55,96,103,105" m="48745,28681" machi="105" ten="40,12000,1" yaku="18,1,52,3" doraHai="48" who="2" fromWho="1" sc="70,0,170,-123,410,123,350,0" /><INIT seed="2,2,0,4,3,46" ten="70,47,533,350" oya="2" hai0="98,3,121,6,26,22,134,49,13,17,115,78,119" hai1="71,116,88,54,81,52,124,110,93,106,53,20,97" hai2="129,76,77,73,79,112,30,32,64,122,39,109,94" hai3="28,14,123,85,100,48,68,9,89,23,16,61,59"/><V31/><F122/><W113/><G68/><T25/><D121/><U18/><E116/><V8/><F39/><W1/><G123/><T27/><D119/><U63/><E110/><V10/><F32/><W80/><G113/><T5/><D115/><U33/><E33/><V57/><F112/><W11/><G1/><T92/><D78/><U55/><E124/><V133/><F133/><W47/><G100/><T15/><D3/><U107/><E81/><V40/><F40/><N who="3" m="24679" /><G28/><N who="2" m="10793" /><F129/><W105/><G105/><T82/><D82/><U128/><E128/><V58/><F73/><W101/><G101/><N who="0" m="60615" /><D134/><U36/><E36/><V127/><F127/><W111/><G111/><T45/><D15/><U95/><E95/><V84/><F109/><W65/><AGARI ba="2,0" hai="9,11,14,16,23,59,61,65,80,85,89" m="24679" machi="65" ten="30,4000,0" yaku="8,1,52,1,54,1" doraHai="46" who="3" fromWho="3" sc="70,-12,47,-12,533,-22,350,46" /><INIT seed="3,0,0,3,1,98" ten="58,35,511,396" oya="3" hai0="123,99,94,41,83,33,29,124,89,58,32,69,96" hai1="101,71,6,62,70,12,43,88,18,73,74,52,39" hai2="95,105,67,56,77,132,121,21,80,60,134,57,86" hai3="63,59,106,85,30,66,115,91,131,107,27,15,20"/><W34/><G115/><T93/><D123/><U51/><E6/><V25/><F105/><W45/><G131/><T4/><D69/><U116/><E116/><V40/><F40/><W65/><G66/><T133/><D124/><U128/><E128/><V130/><F130/><W37/><G37/><T10/><D133/><N who="2" m="51306" /><F121/><W42/><G34/><T13/><D83/><U22/><E70/><N who="2" m="42343" /><F95/><W1/><G1/><T126/><D126/><U118/><E118/><V119/><F119/><W78/><G78/><T82/><D82/><U31/><E31/><AGARI ba="0,0" hai="21,25,31,56,57,77,80,86" m="42343,51306" machi="31" ten="30,1000,0" yaku="20,1" doraHai="98" who="2" fromWho="1" sc="58,0,35,-10,511,10,396,0" /><INIT seed="4,0,0,1,1,133" ten="58,25,521,396" oya="0" hai0="106,108,42,61,90,103,74,121,1,50,9,77,31" hai1="46,38,26,34,96,93,43,102,2,118,82,47,126" hai2="71,58,27,122,80,107,99,21,69,33,12,91,73" hai3="109,94,115,127,105,114,30,4,25,131,70,57,49"/><T45/><D121/><U87/><E118/><V95/><F122/><W36/><G105/><T16/><D31/><U78/><E2/><V10/><F33/><W19/><G36/><T22/><D61/><U5/><E5/><V67/><F107/><W29/><G131/><T89/><D106/><U86/><E46/><V72/><F71/><W11/><G94/><T17/><D103/><U75/><E34/><V56/><F69/><W110/><G49/><T44/><D44/><U112/><E26/><V24/><F24/><W68/><G57/><T124/><D124/><U55/><E55/><V134/><F134/><W60/><G60/><T85/><D74/><U84/><REACH who="1" step="1"/><E112/><REACH who="1" ten="58,15,521,396" step="2"/><V53/><F53/><W15/><G4/><T119/><D119/><U28/><E28/><V79/><F67/><W116/><G30/><T39/><D108/><U120/><E120/><V23/><F27/><W66/><G116/><T14/><D39/><U37/><E37/><V13/><F13/><W54/><G54/><T129/><D1/><U8/><E8/><V83/><F10/><W81/><G11/><T41/><D41/><U35/><E35/><V135/><F135/><W20/><G29/><T32/><D32/><U125/><AGARI ba="0,1" hai="38,43,47,75,78,82,84,86,87,93,96,102,125,126" machi="125" ten="30,8000,1" yaku="1,1,0,1,52,2,53,1" doraHai="133" doraHaiUra="76" who="1" fromWho="1" sc="58,-40,15,90,521,-20,396,-20" /><INIT seed="5,0,0,0,5,62" ten="18,105,501,376" oya="1" hai0="88,53,79,128,60,85,6,27,123,48,58,32,96" hai1="33,64,70,41,13,80,46,54,7,115,12,35,76" hai2="94,77,40,118,45,21,103,38,117,10,25,100,30" hai3="101,110,50,73,120,72,112,15,17,81,97,89,28"/><U29/><E115/><V116/><F77/><W90/><G28/><T63/><D128/><U132/><E132/><V22/><F10/><W0/><G0/><T16/><D123/><U23/><E54/><V26/><REACH who="2" step="1"/><F94/><REACH who="2" ten="18,105,491,376" step="2"/><W3/><G81/><T49/><D79/><U59/><E35/><V106/><F106/><W9/><G9/><T127/><D6/><U98/><E33/><V95/><F95/><W20/><G20/><N who="0" m="13703" /><D32/><U52/><E7/><V69/><F69/><W131/><G120/><T24/><D127/><U102/><E80/><V1/><F1/><W34/><G3/><T135/><D135/><U92/><E76/><V61/><F61/><W105/><G105/><T39/><D96/><U122/><E122/><V2/><F2/><W107/><G97/><T14/><D39/><U99/><E99/><V126/><F126/><W111/><G107/><T74/><D74/><U121/><E121/><V91/><F91/><W114/><G90/><T68/><D14/><U104/><E104/><V78/><F78/><W19/><G89/><T134/><D134/><U65/><E70/><V18/><AGARI ba="0,1" hai="18,21,22,25,26,30,38,40,45,100,103,116,117,118" machi="18" ten="30,2000,0" yaku="1,1,0,1,53,0" doraHai="62" doraHaiUra="5" who="2" fromWho="2" sc="18,-5,105,-10,491,30,376,-5" /><INIT seed="6,0,0,2,2,73" ten="13,95,521,371" oya="2" hai0="14,11,89,87,22,8,42,65,122,80,93,4,60" hai1="19,85,96,130,119,33,127,99,10,32,83,50,52" hai2="132,5,12,18,58,27,6,75,66,68,117,40,86" hai3="36,107,81,35,134,16,111,26,120,71,129,102,100"/><V133/><F117/><W74/><RYUUKYOKU type="yao9" ba="0,0" sc="13,0,95,0,521,0,371,0" hai3="16,26,35,36,71,74,81,100,102,107,111,120,129,134" /><INIT seed="6,1,0,2,4,30" ten="13,95,521,371" oya="2" hai0="79,115,71,49,16,18,105,109,117,116,67,10,43" hai1="90,60,131,2,100,33,42,132,47,17,36,9,64" hai2="89,135,82,12,94,113,81,65,134,120,77,34,91" hai3="102,104,14,4,111,63,37,13,56,114,6,5,28"/><V85/><F120/><W26/><G37/><T129/><D105/><U108/><E108/><V112/><F65/><W107/><G111/><T118/><D109/><U29/><E90/><V98/><F34/><W84/><G114/><N who="2" m="44137" /><F12/><W93/><G107/><T68/><D115/><U55/><E131/><V130/><F130/><W52/><G104/><T99/><D129/><U96/><E55/><V27/><F27/><W0/><G0/><T128/><D128/><U3/><E17/><V66/><F66/><W123/><G123/><T61/><D71/><N who="1" m="42375" /><E9/><V106/><F106/><W133/><G133/><N who="2" m="50697" /><F82/><W126/><G14/><T83/><D99/><U15/><E15/><V78/><AGARI ba="1,0" hai="77,78,81,85,89,91,94,98" m="50697,44137" machi="78" ten="40,12000,1" yaku="15,1,20,1,34,2" doraHai="30" who="2" fromWho="2" sc="13,-41,95,-41,521,123,371,-41" owari="-28,-52.8,54,-34.6,644,74.4,330,13.0" /></mjloggm>