<mjloggm ver="2.3"><GO type="41" lobby="0"/><UN n0="%E2%93%9D%4C%75%63%6B%79%4A" n1="%4B%69%6E%67%59%6F%39%32" n2="%E3%81%8D%E3%81%95%E3%82%89%E3%81%8E%E9%A7%85" n3="%E4%BB%99%E7%8C%AB%E3%82%AB%E3%83%AA%E3%83%B3" dan="18,13,15,15" rate="2135.88,1869.40,1983.98,2039.12" sx="M,M,M,M"/><TAIKYOKU oya="0"/><INIT seed="0,0,0,5,2,10" ten="250,250,250,250" oya="0" hai0="5,50,29,33,59,120,97,75,14,7,8,4,62" hai1="0,47,117,57,56,41,19,81,110,128,43,32,77" hai2="86,48,36,112,16,95,21,89,122,127,115,65,79" hai3="87,58,20,30,88,119,98,24,123,103,53,42,129"/><T27/><D120/><U131/><E117/><V125/><F36/><W74/><G123/><T121/><D121/><U107/><E32/><V23/><F122/><W18/><G129/><N who="1" m="49738" /><E107/><V28/><F65/><W116/><G42/><N who="1" m="15882" /><E0/><V39/><F39/><W106/><G30/><T130/><D130/><U12/><E110/><V93/><F79/><W83/><REACH who="3" step="1"/><G74/><REACH who="3" ten="250,250,250,240" step="2"/><T68/><D75/><N who="1" m="43199" /><E47/><V102/><F28/><W118/><G118/><T111/><D111/><U126/><E126/><V31/><F127/><W45/><G45/><T72/><D72/><U49/><E49/><AGARI ba="0,1" hai="18,20,24,49,53,58,83,87,88,98,103,106,116,119" machi="49" ten="30,3900,0" yaku="1,1,7,1,54,1,53,0" doraHai="10" doraHaiUra="108" who="3" fromWho="1" sc="250,0,250,-39,250,0,240,49" /><INIT seed="1,0,0,0,5,38" ten="250,211,250,289" oya="1" hai0="17,25,51,134,27,54,58,126,11,100,102,62,32" hai1="46,16,132,70,123,74,72,66,12,31,26,128,7" hai2="109,103,75,122,121,125,79,84,22,42,108,130,90" hai3="92,135,65,127,24,68,6,111,35,2,57,59,47"/><U13/><E123/><V18/><F18/><W56/><G2/><T83/><D126/><U36/><E132/><V44/><F22/><W40/><G127/><T45/><D134/><U93/><E128/><V3/><F3/><W29/><G6/><T97/><D32/><U21/><E70/><V39/><F125/><W118/><G135/><T78/><D11/><U4/><E66/><V113/><F130/><W88/><G68/><T34/><D34/><U120/><E120/><V82/><F113/><W19/><G19/><T98/><D98/><U105/><E105/><V43/><F103/><W60/><G111/><N who="2" m="42569" /><F43/><W0/><G0/><T14/><D102/><U50/><E36/><V69/><F69/><W63/><G118/><T10/><D97/><U41/><E93/><AGARI ba="0,0" hai="39,42,44,75,79,82,84,90,93,121,122" m="42569" machi="93" ten="30,2000,0" yaku="14,1,52,1" doraHai="38" who="2" fromWho="1" sc="250,0,211,-20,250,20,289,0" /><INIT seed="2,0,0,4,4,68" ten="250,191,270,289" oya="2" hai0="125,8,39,12,66,71,77,110,108,3,58,38,6" hai1="94,102,103,14,49,29,78,115,133,97,118,126,73" hai2="134,23,45,132,72,81,50,62,60,18,65,88,131" hai3="121,113,96,80,40,48,116,56,122,117,130,27,52"/><V21/><F72/><W2/><G2/><T34/><D58/><U5/><E118/><N who="3" m="45674" /><G27/><T61/><D125/><U127/><E115/><V91/><F131/><W10/><G10/><T47/><D47/><U112/><E112/><V20/><F18/><W54/><G96/><T32/><D77/><U35/><E133/><N who="2" m="51307" /><F81/><W37/><G80/><T76/><D76/><U107/><E35/><N who="0" m="13353" /><D12/><U11/><E29/><V42/><F62/><N who="3" m="36103" /><G130/><T100/><D100/><U79/><E49/><V70/><AGARI ba="0,0" hai="20,21,23,42,45,50,60,65,70,88,91" m="51307" machi="70" ten="30,3000,0" yaku="20,1,54,1" doraHai="68" who="2" fromWho="2" sc="250,-10,191,-10,270,30,289,-10" /><INIT seed="2,1,0,0,2,8" ten="240,181,300,279" oya="2" hai0="37,114,70,28,99,7,20,134,77,34,125,69,27" hai1="9,38,131,30,57,108,84,130,66,46,79,11,43" hai2="95,60,50,19,71,21,94,92,88,36,132,47,42" hai3="22,52,124,29,45,110,127,122,111,78,15,17,53"/><V10/><F132/><W61/><G122/><T126/><D114/><U67/><E108/><N who="3" m="41514" /><G78/><T3/><D37/><U97/><E30/><V72/><F72/><W44/><G61/><T39/><D39/><U55/><E97/><V31/><F31/><W101/><G101/><T120/><D77/><U51/><E79/><V49/><F10/><W35/><G45/><T48/><D48/><U13/><E11/><V107/><F107/><W58/><G44/><T90/><D134/><U76/><E84/><V103/><F103/><W59/><G29/><T89/><D120/><U128/><REACH who="1" step="1"/><E76/><REACH who="1" ten="240,171,300,279" step="2"/><V25/><REACH who="2" step="1"/><F88/><REACH who="2" ten="240,171,290,279" step="2"/><W100/><G100/><T74/><D90/><U119/><E119/><V91/><F91/><W93/><G35/><T2/><D34/><U6/><AGARI ba="1,2" hai="6,9,13,38,43,46,51,55,57,66,67,128,130,131" machi="6" ten="30,7900,0" yaku="1,1,0,1,19,1,52,1,53,0" doraHai="8" doraHaiUra="102" who="1" fromWho="1" sc="240,-21,171,102,290,-40,279,-21" /><INIT seed="3,0,0,3,5,33" ten="219,273,250,258" oya="3" hai0="91,9,54,19,96,117,121,34,115,10,32,129,123" hai1="114,36,134,56,52,17,4,40,110,79,67,69,73" hai2="118,75,126,89,44,26,83,112,85,27,23,68,3" hai3="14,107,116,119,62,88,106,58,72,128,94,132,98"/><W64/><G132/><T5/><D54/><U76/><E114/><V2/><F112/><W63/><G72/><T57/><D57/><U82/><E134/><V18/><F118/><W66/><G128/><T90/><D96/><U48/><E79/><V124/><F68/><W77/><G77/><T22/><D91/><U59/><E4/><V105/><F75/><W108/><G108/><T102/><D102/><U28/><E110/><V45/><F105/><W24/><G107/><T113/><D90/><U42/><E28/><V87/><F87/><W92/><G14/><T53/><D53/><U84/><E17/><V41/><F27/><W55/><G106/><T97/><D97/><U8/><E8/><V29/><F29/><W99/><G24/><T74/><D74/><U20/><E20/><V25/><F25/><W21/><G21/><T49/><D49/><U47/><E42/><V39/><REACH who="2" step="1"/><F45/><REACH who="2" ten="219,273,240,258" step="2"/><W70/><G119/><T125/><D117/><U120/><E73/><V0/><AGARI ba="0,1" hai="0,2,3,18,23,26,39,41,44,83,85,89,124,126" machi="0" ten="40,12000,2" yaku="1,1,2,1,0,1,52,3,53,0" doraHai="33" doraHaiUra="61" who="2" fromWho="2" sc="219,-30,273,-30,240,130,258,-60" /><INIT seed="4,0,0,1,0,15" ten="189,243,370,198" oya="0" hai0="86,84,34,91,128,56,0,48,60,62,11,31,115" hai1="89,9,53,20,116,19,111,6,79,67,122,120,92" hai2="28,49,109,50,93,59,73,7,2,58,42,32,85" hai3="13,51,63,47,135,38,95,70,43,108,125,52,41"/><T132/><D132/><U71/><E111/><V16/><F73/><W121/><G13/><T107/><D107/><U126/><E116/><V12/><F109/><W64/><G95/><T74/><D74/><U57/><E126/><V40/><F2/><W105/><G105/><T33/><D115/><U106/><E106/><V4/><F28/><W61/><G108/><T130/><D48/><N who="2" m="18538" /><F32/><W133/><G121/><T44/><D44/><U24/><E71/><V10/><F93/><W69/><G125/><T65/><D62/><N who="3" m="23561" /><G64/><T88/><D31/><U124/><E67/><V23/><F85/><W14/><G14/><T83/><D11/><U101/><E101/><V75/><F75/><W123/><G123/><T97/><D97/><N who="1" m="57487" /><E79/><V55/><F10/><W127/><G127/><T82/><REACH who="0" step="1"/><D0/><REACH who="0" ten="179,243,370,198" step="2"/><N who="1" m="199" /><E124/><V45/><F45/><N who="3" m="23735" /><G43/><N who="2" m="16425" /><F55/><W131/><G131/><AGARI ba="0,1" hai="33,34,56,60,65,82,83,84,86,88,91,128,130,131" machi="131" ten="40,12000,1" yaku="1,1,9,1,19,1,54,1,53,0" doraHai="15" doraHaiUra="5" who="0" fromWho="3" sc="179,130,243,0,370,0,198,-120" /><INIT seed="4,1,0,1,4,19" ten="309,243,370,78" oya="0" hai0="40,6,125,52,12,67,93,112,29,123,117,100,42" hai1="134,79,14,34,73,115,25,80,95,135,35,65,127" hai2="130,77,9,11,37,60,54,76,61,57,103,59,31" hai3="5,118,128,111,43,39,49,104,10,20,91,82,83"/><T64/><D123/><U36/><E36/><V85/><F37/><W87/><G104/><T38/><D117/><U18/><E127/><V101/><F130/><W50/><G128/><T71/><D29/><U110/><E110/><V72/><F72/><W107/><G111/><T94/><D71/><U69/><E115/><V32/><F31/><W120/><G107/><T55/><D38/><U63/><E95/><V66/><F32/><W119/><G120/><T17/><D6/><U114/><E114/><V8/><REACH who="2" step="1"/><F85/><REACH who="2" ten="309,243,360,78" step="2"/><W126/><G39/><T4/><D112/><U106/><E35/><V13/><F13/><W22/><G126/><T74/><D12/><U102/><E34/><V2/><F2/><W16/><G119/><T99/><D74/><U88/><E25/><V105/><F105/><W28/><G28/><T26/><D26/><U89/><E134/><V92/><F92/><N who="3" m="54399" /><G118/><T121/><D121/><U70/><E135/><V0/><F0/><W97/><G5/><T3/><D4/><U116/><E116/><V46/><F46/><N who="3" m="25823" /><G97/><T84/><D3/><U33/><E33/><V78/><AGARI ba="1,1" hai="8,9,11,54,57,59,60,61,66,76,77,78,101,103" machi="78" ten="30,4000,0" yaku="1,1,0,1,8,1,53,0" doraHai="19" doraHaiUra="129" who="2" fromWho="2" sc="309,-21,243,-11,360,53,78,-11" /><INIT seed="5,0,0,0,5,33" ten="288,232,413,67" oya="1" hai0="11,62,121,49,28,130,124,96,69,44,106,74,17" hai1="107,41,9,94,63,76,81,19,108,60,25,65,105" hai2="55,79,110,78,126,59,125,45,95,75,111,48,123" hai3="47,22,84,57,120,131,85,56,68,70,101,5,10"/><U34/><E41/><V98/><F123/><W88/><G47/><T58/><D74/><U99/><E108/><V27/><F27/><W103/><G22/><T83/><D124/><N who="2" m="47722" /><F75/><W52/><G131/><T4/><D69/><U66/><E34/><V128/><F128/><W23/><G23/><T89/><D106/><U134/><E134/><V116/><F116/><W73/><G73/><T115/><D115/><U113/><E113/><V67/><F67/><W77/><G70/><T31/><D17/><U43/><E43/><V104/><F104/><W72/><G72/><T14/><D121/><U92/><E25/><V42/><F110/><W122/><G68/><T36/><D36/><U30/><E30/><V37/><F111/><W100/><G120/><T90/><D83/><U54/><E54/><V1/><F1/><W20/><G20/><T29/><D96/><U91/><E105/><V2/><F2/><W82/><G122/><T135/><D135/><U132/><E107/><V53/><F53/><W18/><G5/><T8/><D11/><U40/><E40/><V97/><F97/><W12/><REACH who="3" step="1"/><G52/><REACH who="3" ten="288,232,413,57" step="2"/><N who="0" m="29735" /><D130/><U129/><E129/><V32/><F32/><W51/><G51/><T15/><D15/><U7/><E7/><V21/><F21/><W16/><G16/><T13/><D14/><U71/><E19/><V0/><F0/><W6/><G6/><T46/><D46/><U35/><E71/><V80/><F48/><W3/><G3/><T87/><D87/><U114/><E35/><V39/><F39/><W64/><G64/><AGARI ba="0,1" hai="4,8,13,28,29,31,58,62,64,89,90" m="29735" machi="64" ten="30,2000,0" yaku="8,1,54,1" doraHai="33" who="0" fromWho="3" sc="288,30,232,0,413,0,57,-20" /><INIT seed="6,0,0,4,5,135" ten="318,232,413,37" oya="2" hai0="59,36,19,99,41,103,63,42,124,76,134,62,50" hai1="30,93,28,67,20,77,127,5,126,75,66,107,37" hai2="70,43,114,83,39,40,80,98,90,54,24,112,131" hai3="113,68,88,52,106,4,49,58,69,10,118,95,117"/><V11/><F70/><W120/><G106/><T0/><D0/><U73/><E107/><V71/><F71/><W46/><G113/><N who="2" m="43625" /><F131/><W3/><G120/><T74/><D19/><U108/><E108/><V27/><F11/><W6/><G6/><T132/><D76/><U31/><E37/><V85/><F98/><W87/><G69/><T21/><D21/><U48/><E5/><V92/><F54/><W12/><G3/><T86/><D99/><U38/><E38/><V57/><F57/><W64/><G68/><T23/><D59/><U22/><E48/><V13/><F13/><W15/><G15/><T33/><D50/><U133/><E133/><V89/><F89/><W116/><REACH who="3" step="1"/><G64/><REACH who="3" ten="318,232,413,27" step="2"/><N who="1" m="24618" /><E93/><V82/><F92/><W129/><G129/><T14/><D134/><U115/><E115/><V119/><F119/><W125/><G125/><N who="1" m="47626" /><E77/><V1/><F39/><W105/><G105/><T29/><D124/><U97/><E97/><V109/><F109/><W122/><G122/><T26/><D132/><U94/><E94/><V84/><F83/><W100/><G100/><T2/><D103/><U110/><E110/><V34/><F82/><W61/><G61/><T128/><D63/><U91/><E91/><V104/><F90/><W60/><G60/><T56/><D62/><U7/><E7/><V25/><F104/><W102/><G102/><T101/><D101/><U47/><E47/><AGARI ba="0,1" hai="4,10,12,46,47,49,52,58,87,88,95,116,117,118" machi="47" ten="40,5200,0" yaku="1,1,54,2,53,0" doraHai="135" doraHaiUra="111" who="3" fromWho="1" sc="318,0,232,-52,413,0,27,62" /><INIT seed="7,0,0,3,3,121" ten="318,180,413,89" oya="3" hai0="86,70,38,66,13,24,106,32,88,21,131,7,116" hai1="90,130,96,0,135,97,53,20,125,56,127,43,132" hai2="83,104,100,65,22,112,46,40,64,19,50,54,77" hai3="129,42,12,81,61,39,28,15,91,36,25,94,128"/><W101/><G61/><T27/><D106/><U69/><E0/><V16/><F112/><W111/><G42/><T108/><D116/><U92/><E69/><V68/><F68/><W99/><G15/><T117/><D131/><U110/><E43/><V105/><F100/><W113/><G12/><T114/><D117/><U71/><E71/><V49/><F104/><W78/><G113/><T47/><D32/><U18/><E110/><V58/><F105/><W57/><G57/><T122/><D122/><U52/><E97/><V107/><F107/><W76/><G39/><T75/><D75/><U63/><E53/><V102/><F102/><W41/><G41/><T60/><D108/><U31/><E31/><V84/><F19/><W79/><G25/><AGARI ba="0,0" hai="16,22,25,40,46,49,50,54,58,64,65,77,83,84" machi="25" ten="30,3900,0" yaku="7,1,8,1,54,1" doraHai="121" who="2" fromWho="3" sc="318,0,180,0,413,39,89,-39" owari="318,11.8,180,-22.0,452,55.2,50,-45.0" /></mjloggm>