<mjloggm ver="2.3"><GO type="41" lobby="0"/><UN n0="%E2%93%9D%4C%75%63%6B%79%4A" n1="%E6%A0%84%E6%A8%B9" n2="%42%6C%61%73%74%37" n3="%E3%82%BF%E3%83%B3%E3%83%94%E3%83%B3%E8%A6%AA%E7%88%B6" dan="17,13,15,13" rate="2151.42,1860.02,1994.27,1846.45" sx="M,M,M,M"/><TAIKYOKU oya="0"/><INIT seed="0,0,0,2,3,58" ten="250,250,250,250" oya="0" hai0="36,108,110,113,132,34,97,115,19,29,127,25,117" hai1="27,66,133,78,12,84,107,126,122,81,76,101,49" hai2="35,130,123,17,92,91,98,88,111,85,120,24,65" hai3="74,129,20,37,8,43,124,54,55,32,44,72,67"/><T2/><D36/><U105/><E122/><V62/><F111/><N who="0" m="42538" /><D97/><U94/><E66/><V103/><F130/><W80/><G129/><T63/><D117/><U77/><E49/><V96/><F96/><W112/><G124/><T40/><D40/><U87/><E12/><V121/><F85/><N who="1" m="32841" /><E27/><V57/><REACH who="2" step="1"/><F17/><REACH who="2" ten="250,250,240,250" step="2"/><W104/><G74/><T50/><D19/><U7/><E7/><V69/><F69/><W59/><G72/><T95/><D127/><U70/><E70/><V82/><F82/><W28/><G28/><AGARI ba="0,1" hai="24,28,35,57,62,65,88,91,92,98,103,120,121,123" machi="28" ten="40,5200,0" yaku="1,1,52,1,54,1,53,0" doraHai="58" doraHaiUra="134" who="2" fromWho="3" sc="250,0,250,0,240,62,250,-52" /><INIT seed="1,0,0,0,4,27" ten="250,250,302,198" oya="1" hai0="125,2,58,111,62,95,22,109,84,6,9,90,37" hai1="14,7,121,40,110,93,75,25,1,8,24,82,83" hai2="36,85,130,44,69,43,70,61,29,18,52,94,118" hai3="112,15,133,67,103,21,88,79,119,77,63,45,23"/><U50/><E121/><V100/><F118/><W116/><G112/><T16/><D37/><U31/><E75/><V114/><F114/><W91/><G133/><T71/><D71/><U72/><E72/><V106/><F130/><W124/><G103/><T17/><D125/><U108/><E93/><V107/><F18/><W132/><G124/><T38/><D38/><U68/><E68/><V87/><F107/><W66/><G45/><T51/><D51/><U56/><E56/><V123/><F123/><W89/><G132/><T47/><D47/><U65/><E65/><N who="3" m="24586" /><G63/><T19/><REACH who="0" step="1"/><D22/><REACH who="0" ten="240,250,302,198" step="2"/><N who="3" m="8201" /><G15/><T80/><D80/><U92/><E50/><V113/><F69/><W60/><G60/><T5/><D5/><U127/><E127/><V101/><F61/><W122/><G122/><T86/><D86/><U105/><E82/><V115/><F87/><W131/><G131/><T120/><D120/><U48/><E48/><V32/><F85/><W33/><G33/><T53/><AGARI ba="0,1" hai="2,6,9,16,17,19,53,58,62,84,90,95,109,111" machi="53" ten="30,4000,0" yaku="1,1,0,1,54,1,53,0" doraHai="27" doraHaiUra="64" who="0" fromWho="0" sc="240,50,250,-20,302,-10,198,-10" /><INIT seed="2,0,0,5,0,4" ten="290,230,292,188" oya="2" hai0="71,66,96,16,80,100,83,82,128,106,126,11,54" hai1="26,10,115,123,119,30,75,114,38,101,116,64,48" hai2="56,3,50,76,12,52,110,20,36,89,108,1,46" hai3="127,109,35,122,94,69,9,8,39,97,22,118,104"/><V34/><F34/><W117/><G104/><T51/><D128/><U21/><E75/><V5/><F76/><W58/><G69/><T133/><D133/><U120/><E38/><V84/><F36/><W107/><G35/><T77/><D126/><U81/><E101/><V91/><F91/><W124/><G107/><T70/><D66/><U14/><E81/><V29/><F29/><W41/><G122/><N who="1" m="46634" /><E64/><V79/><F79/><W23/><G109/><N who="2" m="42089" /><F46/><N who="3" m="23871" /><G58/><T33/><D33/><U19/><E48/><V90/><F90/><N who="3" m="55511" /><G23/><T27/><D77/><U60/><E60/><V55/><F55/><W17/><G118/><AGARI ba="0,0" hai="10,14,19,21,26,30,114,115,116,118,119" m="46634" machi="118" ten="30,7700,0" yaku="13,1,34,2,52,1" doraHai="4" who="1" fromWho="3" sc="290,0,230,77,292,0,188,-77" /><INIT seed="3,0,0,0,3,28" ten="290,307,292,111" oya="3" hai0="78,35,16,71,85,83,94,108,77,29,69,93,73" hai1="38,105,82,104,21,52,70,125,15,76,117,61,47" hai2="98,25,17,131,106,46,34,39,3,114,122,64,54" hai3="84,120,74,80,19,24,118,87,127,14,67,97,126"/><W133/><G120/><T135/><D108/><U111/><E117/><V119/><F114/><W124/><G118/><T116/><D116/><U95/><E111/><V49/><F119/><W103/><G133/><T1/><D1/><U50/><E125/><V41/><F122/><W90/><G24/><T92/><D135/><U60/><E95/><V30/><F3/><W68/><G84/><T130/><D130/><U26/><E15/><V62/><F131/><W8/><G74/><T5/><D5/><U96/><E38/><V0/><F0/><W81/><G67/><T11/><D78/><U40/><E40/><V32/><F17/><W45/><G45/><T12/><REACH who="0" step="1"/><D73/><REACH who="0" ten="280,307,292,111" step="2"/><U10/><E76/><V23/><F106/><W4/><G68/><T51/><D51/><U102/><E61/><V86/><F98/><W112/><G112/><T7/><D7/><U65/><E10/><V113/><F86/><W75/><G75/><T22/><D22/><U101/><E104/><V128/><F113/><W99/><G80/><T58/><D58/><U63/><E82/><V91/><F128/><W48/><G48/><T115/><D115/><U27/><E63/><V33/><F23/><N who="3" m="11767" /><G103/><T107/><D107/><U13/><REACH who="1" step="1"/><E102/><REACH who="1" ten="280,297,292,111" step="2"/><V66/><F62/><W2/><AGARI ba="0,2" hai="2,4,8,81,87,90,97,99,124,126,127" m="11767" machi="2" ten="30,1500,0" yaku="18,1" doraHai="28" who="3" fromWho="3" sc="280,-5,297,-5,292,-5,111,35" /><INIT seed="3,1,0,4,5,33" ten="275,292,287,146" oya="3" hai0="116,61,46,134,66,58,62,79,100,54,133,0,11" hai1="135,102,130,3,12,22,122,28,55,27,128,85,53" hai2="86,25,45,113,7,104,60,91,57,71,67,131,124" hai3="63,52,70,103,132,95,114,129,101,35,117,119,126"/><W94/><G114/><T89/><D79/><U98/><E122/><V109/><F113/><W41/><G35/><T40/><D100/><U47/><E135/><N who="0" m="51721" /><D89/><U17/><E85/><V96/><F109/><W78/><G132/><T90/><D90/><U125/><E125/><V93/><F131/><W74/><G126/><T18/><D18/><U69/><E69/><V110/><F110/><W10/><G129/><T65/><D11/><U108/><E108/><V24/><F124/><W39/><G117/><T76/><D76/><U68/><E68/><V50/><F71/><W1/><G119/><T121/><D0/><U44/><E3/><V37/><F37/><W87/><G94/><T73/><D73/><U81/><E81/><V88/><F7/><N who="3" m="1391" /><G87/><T2/><D2/><U8/><E128/><V14/><F14/><W23/><G95/><T75/><D75/><U77/><E77/><V106/><F106/><W30/><G23/><T15/><D15/><U38/><E130/><V36/><F36/><W5/><G5/><T99/><D99/><U4/><E38/><V112/><F112/><W29/><G103/><T21/><D21/><U82/><E82/><N who="2" m="49623" /><F104/><W111/><G101/><T13/><D13/><U59/><E28/><V64/><F67/><N who="0" m="25610" /><D116/><U34/><E34/><V31/><F31/><W80/><G111/><T16/><D16/><U115/><E115/><V127/><F127/><W49/><G70/><T107/><D107/><U84/><E17/><V105/><F105/><W6/><G6/><T43/><D121/><U83/><E4/><V72/><F72/><W19/><G74/><RYUUKYOKU ba="1,0" sc="275,-10,292,-10,287,30,146,-10" hai2="24,25,45,50,57,60,64,88,93,96" /><INIT seed="4,2,0,0,2,43" ten="265,282,317,136" oya="0" hai0="81,67,106,58,113,124,54,4,59,63,101,116,114" hai1="35,46,22,30,3,8,72,134,102,133,49,27,127" hai2="84,60,34,79,88,48,112,83,33,50,17,61,9" hai3="108,98,97,78,14,71,20,7,29,42,62,70,31"/><T75/><D4/><U94/><E72/><V56/><F112/><N who="0" m="43114" /><D106/><U15/><E127/><V110/><F110/><W93/><G108/><T65/><D101/><U38/><E38/><V23/><F9/><W68/><G78/><N who="0" m="44255" /><D124/><U85/><E3/><V120/><F120/><W64/><G97/><T125/><D125/><U82/><E35/><V117/><F117/><W66/><G42/><T132/><D132/><U95/><E102/><V100/><F100/><W47/><G47/><T19/><D116/><U39/><E39/><V80/><F33/><W24/><G31/><T26/><D59/><U128/><E128/><V13/><F34/><W51/><G51/><T111/><D111/><U28/><E28/><V41/><F41/><W119/><G119/><T32/><D19/><U115/><E115/><V5/><F5/><W55/><G55/><T107/><D107/><U105/><E105/><V109/><F109/><W10/><REACH who="3" step="1"/><G66/><REACH who="3" ten="265,282,317,126" step="2"/><T37/><D37/><U74/><E134/><V126/><F126/><W123/><G123/><T45/><D45/><U130/><E130/><V122/><F122/><W89/><AGARI ba="2,1" hai="7,10,14,20,24,29,62,64,68,70,71,89,93,98" machi="89" ten="20,5200,0" yaku="1,1,0,1,7,1,53,1" doraHai="43" doraHaiUra="1" who="3" fromWho="3" sc="265,-28,282,-15,317,-15,126,68" /><INIT seed="5,0,0,4,1,134" ten="237,267,302,194" oya="1" hai0="41,51,61,19,125,126,113,6,57,31,107,48,37" hai1="2,82,127,108,109,44,67,12,95,84,21,53,25" hai2="42,54,115,60,62,87,135,36,74,58,59,69,93" hai3="120,55,86,46,130,11,47,78,101,90,64,23,4"/><U65/><E2/><V40/><F74/><W0/><G130/><T124/><D107/><U79/><E12/><V92/><F87/><W17/><G120/><T52/><D31/><U98/><E127/><V75/><F75/><W91/><G101/><T1/><D113/><U35/><E35/><V131/><F92/><W68/><G64/><T133/><D133/><U33/><E33/><V88/><F135/><W71/><G47/><N who="0" m="23983" /><D19/><U8/><E8/><AGARI ba="0,0" hai="1,6,8,48,51,52,57,61,124,125,126" m="23983" machi="8" ten="30,8000,1" yaku="18,1,52,3,54,1" doraHai="134" who="0" fromWho="1" sc="237,80,267,-80,302,0,194,0" /><INIT seed="6,0,0,1,3,130" ten="317,187,302,194" oya="2" hai0="127,57,115,33,74,125,45,132,4,51,120,65,112" hai1="1,134,61,50,21,76,95,113,67,35,64,131,24" hai2="78,9,34,68,109,66,86,111,118,11,83,20,71" hai3="38,75,44,25,129,31,22,63,16,48,105,79,42"/><V107/><F118/><W8/><G129/><T10/><D74/><U106/><E113/><N who="0" m="43593" /><D33/><U43/><E131/><V126/><F34/><W14/><G105/><T135/><D120/><U81/><E106/><V90/><F107/><W121/><G121/><T0/><D57/><U19/><E1/><V124/><F124/><N who="0" m="47690" /><D65/><U80/><E35/><V2/><F126/><W94/><G94/><T54/><AGARI ba="0,0" hai="0,4,10,45,51,54,132,135" m="47690,43593" machi="54" ten="40,8000,1" yaku="15,1,18,1,52,2" doraHai="130" who="0" fromWho="0" sc="317,80,187,-20,302,-40,194,-20" /><INIT seed="7,0,0,1,4,93" ten="397,167,262,174" oya="3" hai0="92,31,37,120,104,110,66,77,127,57,55,122,89" hai1="6,132,99,3,131,130,16,91,109,43,69,114,27" hai2="70,1,64,102,116,80,9,128,22,121,108,125,124" hai3="12,61,101,87,53,0,86,111,79,44,62,15,134"/><W107/><G0/><T133/><D31/><U45/><E109/><V72/><F22/><W29/><G134/><T26/><D66/><U98/><E69/><V112/><F102/><W84/><G111/><T23/><D77/><U95/><E132/><V135/><F9/><W49/><G29/><T103/><D103/><U39/><E114/><V11/><F11/><W52/><G79/><T46/><D127/><U75/><E75/><V28/><F80/><W19/><G15/><T35/><D35/><U59/><E59/><V88/><F88/><W94/><G107/><T7/><D7/><U40/><E40/><V76/><F64/><W17/><G17/><T65/><D65/><U67/><E67/><V68/><F28/><W82/><G82/><T51/><D104/><U90/><E6/><V78/><F76/><W33/><G53/><T30/><D110/><U113/><E3/><V105/><F78/><W24/><G24/><T100/><D100/><U58/><E58/><V42/><F42/><W13/><G13/><T106/><D106/><U54/><E54/><V47/><F47/><W83/><G83/><T14/><D14/><U123/><E123/><N who="0" m="47145" /><D133/><U25/><E113/><V10/><F10/><N who="3" m="6551" /><G33/><T129/><D57/><U48/><E39/><V60/><F70/><W81/><G81/><T56/><D56/><U50/><E50/><V96/><F124/><W2/><G2/><T20/><D37/><U97/><E95/><V34/><F125/><W63/><G101/><T126/><D126/><U38/><E38/><V8/><F121/><W21/><G21/><T115/><D23/><RYUUKYOKU ba="0,0" sc="397,-10,167,-10,262,-10,174,30" hai3="44,49,52,61,62,63,84,86,87,94" /><INIT seed="7,1,0,2,2,53" ten="387,157,252,204" oya="3" hai0="116,122,8,99,3,126,56,124,114,98,73,32,123" hai1="91,128,38,35,16,65,121,14,97,11,4,51,78" hai2="7,18,82,40,58,81,0,131,41,36,27,101,83" hai3="105,132,79,88,15,76,17,75,87,84,110,42,66"/><W117/><G117/><T106/><D116/><U34/><E121/><N who="0" m="46089" /><D32/><U125/><E38/><V1/><F131/><W45/><G110/><T93/><D56/><U130/><E65/><V129/><F101/><W89/><G132/><T10/><D73/><U46/><E125/><N who="0" m="48233" /><D114/><U9/><E78/><V19/><F27/><W134/><G105/><T94/><D106/><U90/><E97/><N who="0" m="36873" /><D3/><U62/><E62/><V119/><F82/><N who="3" m="49175" /><G134/><T43/><D43/><U30/><E30/><V23/><F1/><W104/><G104/><T108/><D108/><U77/><E77/><V22/><F0/><W118/><G75/><T107/><D107/><U29/><E29/><V95/><F36/><W37/><G118/><T112/><D112/><U80/><E128/><V96/><F119/><W13/><G66/><T5/><D5/><U12/><E130/><V102/><F7/><W25/><G25/><T63/><D63/><U57/><E57/><V69/><F102/><W115/><G115/><T109/><D109/><U68/><E68/><V111/><F69/><W60/><G60/><T86/><D86/><N who="1" m="50503" /><E91/><V44/><F111/><W47/><G47/><T61/><D61/><U55/><E34/><V21/><F44/><W48/><G37/><T133/><D133/><U2/><E35/><V33/><F33/><W120/><G120/><T31/><D31/><U50/><E2/><V49/><F129/><W103/><G42/><T26/><D26/><U64/><E64/><V67/><F67/><W6/><G45/><T24/><D24/><U70/><E70/><V59/><F41/><W74/><G74/><RYUUKYOKU ba="1,0" sc="387,15,157,15,252,-15,204,-15" hai0="8,10,93,94" hai1="4,9,11,12,14,16,46,50,51,55" owari="402,50.2,172,-32.8,237,3.7,189,-21.1" /></mjloggm>