<mjloggm ver="2.3"><GO type="41" lobby="0"/><UN n0="%6D%69%79%75%6B%69%31%31" n1="%E7%A5%9E%E4%BB%99%4D%6F%6E%69%6B%61" n2="%6E%61%75%74%69%6C%75%73" n3="%E2%93%9D%4C%75%63%6B%79%4A" dan="13,15,15,17" rate="1855.73,2053.38,2029.46,2183.13" sx="F,M,F,M"/><TAIKYOKU oya="0"/><INIT seed="0,0,0,5,3,119" ten="250,250,250,250" oya="0" hai0="103,93,102,16,53,15,69,1,44,79,21,82,124" hai1="130,48,60,88,99,96,90,35,31,72,64,81,111" hai2="18,128,8,56,105,45,4,92,67,12,13,25,106" hai3="36,9,43,76,47,38,100,57,77,110,133,91,80"/><T135/><D69/><U118/><E35/><V121/><F128/><W129/><G129/><T89/><D1/><U49/><E31/><V123/><F25/><W86/><G110/><T19/><D135/><U54/><E118/><V134/><F134/><W127/><G133/><T2/><D2/><U125/><E125/><V66/><F45/><W73/><G100/><T59/><D44/><U10/><E48/><V24/><F24/><W11/><G127/><T5/><D5/><U83/><E10/><V46/><F46/><W122/><G77/><T117/><D117/><U126/><E126/><V95/><F8/><W7/><G11/><T113/><D113/><U55/><E111/><V29/><F56/><W74/><G38/><T107/><D107/><U101/><E49/><V65/><F29/><W28/><G28/><T51/><D82/><N who="1" m="31243" /><E72/><V98/><F98/><N who="1" m="37417" /><E101/><V70/><F70/><W78/><G78/><T40/><D79/><U22/><E22/><V17/><REACH who="2" step="1"/><F67/><REACH who="2" ten="250,250,240,250" step="2"/><W58/><G76/><T52/><D124/><U6/><E130/><V63/><F63/><W85/><G9/><T33/><D33/><U131/><E131/><V30/><F30/><W32/><G32/><T41/><D41/><U108/><E108/><V20/><F20/><W50/><G43/><T94/><D40/><U68/><E6/><AGARI ba="0,1" hai="4,6,12,13,17,18,65,66,92,95,105,106,121,123" machi="6" ten="25,12000,2" yaku="1,1,22,2,52,2,53,2" doraHai="119" doraHaiUra="14" who="2" fromWho="1" sc="250,0,250,-120,240,130,250,0" /><BYE who="2" /><UN n2="%6E%61%75%74%69%6C%75%73" /><INIT seed="1,0,0,4,4,93" ten="250,130,370,250" oya="1" hai0="7,100,114,24,90,61,84,50,25,97,125,5,87" hai1="70,79,73,91,2,96,67,15,49,132,11,17,23" hai2="92,89,76,127,75,64,109,106,30,46,94,116,42" hai3="111,65,55,45,0,129,88,108,22,27,80,78,133"/><U59/><E70/><V82/><F116/><W14/><G0/><T69/><D114/><U20/><E132/><V63/><F106/><W102/><G65/><T8/><D50/><U53/><E73/><V120/><F120/><W115/><G14/><T18/><D125/><U71/><E79/><V77/><F109/><N who="3" m="42059" /><G102/><T131/><D131/><U104/><E2/><V105/><F105/><W86/><G115/><T134/><D134/><U37/><E37/><V9/><F77/><W21/><G133/><T66/><D7/><U16/><E17/><V130/><F130/><W47/><G22/><T135/><D135/><U112/><E112/><V119/><BYE who="1" /><F119/><W124/><G55/><UN n1="%E7%A5%9E%E4%BB%99%4D%6F%6E%69%6B%61" /><T117/><D117/><U72/><E72/><V29/><F9/><W6/><G6/><T123/><D123/><U126/><E126/><V68/><F94/><N who="3" m="54551" /><G129/><T101/><D101/><U48/><E48/><V74/><F74/><N who="3" m="43095" /><G124/><T32/><D18/><AGARI ba="0,0" hai="18,21,27,45,47" m="43095,54551,42059" machi="18" ten="30,2000,0" yaku="14,1,54,1" doraHai="93" who="3" fromWho="0" sc="250,-20,130,0,370,0,250,20" /><INIT seed="2,0,0,4,5,82" ten="230,130,370,270" oya="2" hai0="95,14,111,5,44,80,131,46,1,29,125,32,74" hai1="12,22,123,24,11,130,18,50,73,8,23,54,132" hai2="110,16,93,34,60,67,28,49,64,6,58,112,114" hai3="37,127,25,20,103,45,79,105,87,91,119,0,15"/><V122/><F122/><W66/><G119/><T70/><D70/><U9/><E73/><V81/><F6/><W92/><G0/><T36/><D111/><U10/><E123/><V96/><F67/><W94/><G127/><T51/><D95/><U98/><E98/><V7/><F7/><W109/><G105/><T115/><D115/><U17/><E50/><V69/><F110/><W2/><G2/><T107/><D107/><U26/><E54/><V38/><F38/><W41/><G79/><T62/><D1/><U39/><E39/><V56/><F28/><W53/><G66/><T89/><D36/><U4/><E132/><V106/><F34/><W43/><G15/><T129/><D62/><U48/><E48/><V116/><F116/><W75/><G75/><T57/><D57/><U133/><E133/><V21/><F69/><W101/><G43/><T78/><D89/><U118/><E118/><V33/><F33/><W104/><G104/><T100/><D100/><U90/><E90/><V40/><F106/><W117/><G109/><T126/><D29/><U55/><E55/><N who="2" m="31855" /><F40/><W61/><G117/><T42/><D46/><U121/><E121/><V27/><F114/><W3/><G3/><T134/><D32/><U108/><E108/><V31/><F31/><N who="3" m="17831" /><G94/><T102/><D102/><N who="3" m="38921" /><G53/><T71/><D71/><U88/><E88/><N who="2" m="55335" /><F112/><W135/><G135/><T128/><D134/><U124/><E124/><V85/><F81/><W72/><G72/><T86/><D74/><U77/><E77/><V65/><F65/><W59/><G59/><T113/><D113/><U35/><E35/><RYUUKYOKU ba="0,0" sc="230,0,130,0,370,0,270,0" hai0="5,14,42,44,51,78,80,86,125,126,128,129,131" hai1="4,8,9,10,11,12,17,18,22,23,24,26,130" hai2="16,21,27,58,60,64,85" hai3="37,41,45,61,87,91,92" /><INIT seed="2,1,0,4,2,121" ten="230,130,370,270" oya="2" hai0="95,26,4,20,42,64,25,53,102,96,91,99,35" hai1="108,125,127,118,104,28,132,92,48,79,70,126,10" hai2="65,45,46,47,23,52,90,68,55,50,103,21,8" hai3="81,111,30,3,29,100,67,128,59,24,37,86,60"/><V31/><F103/><W69/><G3/><T54/><D64/><U9/><E104/><V122/><F122/><W117/><G117/><T114/><D114/><U13/><E70/><V94/><F65/><W62/><G37/><T22/><D35/><U97/><E118/><V44/><F68/><W40/><G40/><T82/><D42/><U18/><E132/><V41/><F8/><W130/><G100/><T7/><D82/><U76/><E108/><V98/><REACH who="2" step="1"/><F23/><REACH who="2" ten="230,130,360,270" step="2"/><W93/><G69/><T66/><D66/><U77/><E9/><V72/><F72/><W71/><G67/><T11/><D11/><U39/><E39/><V88/><F88/><W74/><G74/><T113/><D113/><U78/><N who="1" m="19456" /><DORA hai="75" /><U19/><E10/><V12/><F12/><W57/><G71/><T83/><D102/><N who="1" m="60711" /><E13/><V123/><F123/><W43/><G111/><T14/><D14/><U36/><E36/><V5/><F5/><W56/><G130/><T119/><D119/><U1/><E1/><V34/><F34/><W129/><G129/><T107/><D91/><U15/><E15/><V135/><F135/><W33/><G33/><T133/><D133/><U112/><E112/><V115/><F115/><W120/><G120/><T80/><D107/><U85/><E126/><V63/><F63/><W17/><G62/><T27/><D27/><AGARI ba="1,1" hai="21,27,31,41,44,45,46,47,50,52,55,90,94,98" machi="27" ten="40,12000,1" yaku="1,1,8,1,54,1,53,2" doraHai="121,75" doraHaiUra="51,106" who="2" fromWho="0" sc="230,-123,130,0,360,133,270,0" /><INIT seed="2,2,0,5,1,60" ten="107,130,493,270" oya="2" hai0="63,11,57,19,29,121,76,131,50,43,123,119,2" hai1="69,18,109,33,31,5,107,46,39,133,37,111,104" hai2="95,134,120,24,87,92,10,77,52,94,113,70,112" hai3="34,47,35,53,101,96,27,135,82,12,115,0,125"/><V1/><F120/><W56/><G0/><T65/><D119/><U48/><E133/><V72/><F134/><W103/><G135/><T41/><D76/><U36/><E5/><V23/><F72/><W16/><G47/><T51/><D131/><U110/><E18/><V13/><F1/><W15/><G125/><T26/><D2/><U6/><E6/><V17/><F70/><W42/><G42/><T14/><D123/><U108/><N who="1" m="27648" /><DORA hai="59" /><U75/><E75/><V99/><F99/><W83/><G115/><T66/><D121/><U80/><E80/><V124/><F124/><W127/><G35/><T20/><REACH who="0" step="1"/><D66/><REACH who="0" ten="97,130,493,270" step="2"/><U28/><E69/><V45/><F77/><W22/><G127/><T105/><D105/><N who="1" m="40523" /><E33/><V32/><F32/><W62/><G34/><T9/><D9/><U7/><E7/><V67/><F67/><W88/><G83/><T97/><D97/><U98/><E98/><V85/><F112/><W91/><G96/><T49/><AGARI ba="2,1" hai="11,14,19,20,26,29,41,43,49,50,51,57,63,65" machi="49" ten="30,8000,1" yaku="1,1,0,1,8,1,52,2,53,0" doraHai="60,59" doraHaiUra="126,78" who="0" fromWho="0" sc="97,96,130,-22,493,-42,270,-22" /><INIT seed="3,0,0,2,2,74" ten="193,108,451,248" oya="3" hai0="39,129,119,128,53,93,90,33,107,92,9,89,111" hai1="123,65,126,60,109,68,29,71,103,0,34,114,115" hai2="88,36,69,8,27,112,43,77,32,105,135,86,116" hai3="81,61,47,7,59,22,63,122,121,25,72,6,66"/><W110/><G110/><T35/><D107/><U73/><E123/><V50/><F36/><W118/><G118/><T98/><D39/><U46/><E109/><V134/><F112/><W42/><G122/><T38/><D38/><U132/><E132/><V45/><F69/><W96/><G121/><T82/><D111/><U80/><E126/><V48/><F105/><W12/><G12/><T84/><D9/><U4/><E46/><V91/><F50/><W15/><G15/><T52/><D119/><U97/><E68/><V67/><F67/><W24/><G25/><T55/><D82/><U64/><E65/><V2/><F116/><W19/><G96/><T75/><D75/><U28/><E28/><V17/><F32/><W100/><G100/><T51/><REACH who="0" step="1"/><D51/><REACH who="0" ten="183,108,451,248" step="2"/><U18/><E80/><V104/><F8/><W5/><G72/><T21/><D21/><U99/><E73/><V87/><F48/><N who="3" m="26743" /><G81/><T10/><D10/><U58/><E114/><V131/><F104/><W133/><G133/><T20/><D20/><U40/><E115/><V117/><F117/><W49/><G49/><T108/><D108/><U56/><E34/><AGARI ba="0,1" hai="33,34,35,52,53,55,84,89,90,92,93,98,128,129" machi="34" ten="40,2600,0" yaku="1,1,54,1,53,0" doraHai="74" doraHaiUra="1" who="0" fromWho="1" sc="183,36,108,-26,451,0,248,0" /><INIT seed="4,0,0,4,4,114" ten="219,82,451,248" oya="0" hai0="73,67,17,6,85,102,129,70,28,40,3,76,0" hai1="25,22,45,66,87,79,121,128,100,74,50,12,24" hai2="18,75,90,91,104,61,98,68,33,103,35,31,109" hai3="130,26,10,82,125,7,13,77,110,63,116,120,84"/><T95/><D73/><U62/><E121/><V53/><F109/><W80/><G110/><T107/><D40/><U49/><E74/><V119/><F75/><W97/><G125/><T117/><D28/><U71/><E128/><V69/><F69/><W11/><G120/><T127/><D129/><U1/><E1/><V134/><F134/><W123/><G123/><T89/><D127/><U86/><E50/><V52/><F18/><W51/><G116/><T65/><D76/><U20/><E100/><V106/><F106/><W14/><G63/><T30/><D30/><U115/><E115/><V29/><F29/><W126/><G126/><T60/><D67/><U39/><E39/><V93/><F119/><W43/><G82/><T122/><D122/><U5/><E22/><V21/><F21/><W16/><G97/><T41/><D41/><U23/><E23/><V36/><F36/><W8/><G130/><T81/><D107/><U15/><E15/><V72/><F72/><W56/><G26/><T2/><D17/><U47/><E24/><N who="2" m="18663" /><F93/><W124/><G124/><T113/><D113/><U46/><E79/><V133/><F133/><W78/><G78/><T38/><D38/><U131/><E131/><V111/><F35/><W55/><G43/><T99/><REACH who="0" step="1"/><D6/><REACH who="0" ten="209,82,451,248" step="2"/><U108/><E5/><V118/><F111/><W132/><G132/><T9/><D9/><AGARI ba="0,1" hai="7,8,9,10,11,13,14,16,51,55,56,77,80,84" machi="9" ten="30,3900,0" yaku="7,1,8,1,54,1" doraHai="114" who="3" fromWho="0" sc="209,-39,82,0,451,0,248,49" /><INIT seed="5,0,0,0,3,1" ten="170,82,451,297" oya="1" hai0="19,89,74,81,9,28,102,128,94,35,44,17,90" hai1="132,25,105,121,123,101,52,96,126,45,107,88,95" hai2="58,127,80,38,135,22,0,6,110,40,5,82,39" hai3="78,36,4,72,56,73,112,99,15,119,104,71,53"/><U117/><E117/><V111/><F58/><W129/><G71/><T93/><D128/><U63/><E132/><V75/><F40/><W91/><G36/><T92/><D102/><U85/><E126/><V32/><F22/><W27/><G78/><T13/><D44/><U49/><E105/><V21/><F21/><W7/><G112/><T50/><D50/><U55/><E25/><V10/><F10/><W69/><G69/><T114/><D114/><U18/><E18/><V125/><F0/><W116/><G15/><T3/><D3/><U113/><E113/><V51/><F51/><W65/><G65/><T43/><D43/><U54/><REACH who="1" step="1"/><E63/><REACH who="1" ten="170,72,451,297" step="2"/><V86/><F135/><W57/><G27/><T108/><D19/><U62/><E62/><V67/><F125/><W2/><G104/><T46/><D108/><U47/><E47/><V42/><F127/><W115/><G115/><T34/><D46/><U70/><E70/><V31/><F110/><W76/><G119/><T64/><D28/><U30/><E30/><V24/><F24/><W12/><G116/><T37/><D64/><U100/><E100/><V66/><F31/><W29/><G29/><T83/><D17/><U14/><E14/><V20/><F111/><W33/><G12/><T48/><D13/><U106/><E106/><V133/><F133/><W109/><G109/><T26/><D26/><U134/><E134/><V97/><F32/><W8/><G33/><T79/><D35/><U131/><E131/><V59/><F20/><W87/><G129/><T120/><D34/><U118/><E118/><V60/><F60/><RYUUKYOKU ba="0,1" sc="170,-10,72,30,451,-10,297,-10" hai1="45,49,52,54,55,85,88,95,96,101,107,121,123" /><INIT seed="5,1,1,5,4,27" ten="160,102,441,287" oya="1" hai0="37,104,113,82,128,10,133,48,123,42,68,83,101" hai1="0,97,90,66,47,95,135,65,32,103,116,120,49" hai2="118,17,14,63,18,110,44,8,4,41,96,55,73" hai3="16,72,119,22,57,24,58,5,125,45,81,38,80"/><U36/><E116/><V23/><F110/><W50/><G38/><T60/><D113/><U79/><E120/><V134/><F73/><W124/><G5/><T33/><D123/><U52/><E0/><V89/><F134/><W102/><G102/><T132/><D37/><U21/><E32/><V100/><F89/><W9/><G9/><T28/><D10/><U30/><E135/><N who="0" m="51785" /><D48/><U31/><E36/><V39/><F23/><W40/><G119/><T94/><D42/><U70/><E79/><V15/><F15/><W107/><G107/><T129/><D94/><N who="1" m="58807" /><E70/><V54/><F118/><W43/><G43/><T12/><D12/><U3/><E3/><V67/><F4/><W1/><G1/><T98/><D83/><N who="3" m="31817" /><G72/><T61/><D82/><U25/><E30/><V121/><F121/><W122/><G122/><T53/><D53/><U6/><E6/><V109/><F18/><W92/><G92/><T2/><D2/><U7/><E7/><V126/><F109/><W93/><G93/><T78/><D78/><U77/><E77/><V46/><F17/><W69/><G69/><T20/><D20/><U115/><E115/><V108/><F108/><W130/><G130/><N who="0" m="50283" /><D68/><U74/><E74/><V106/><F39/><W64/><G64/><T117/><D117/><U111/><E111/><V112/><F67/><W88/><G88/><T114/><D114/><U86/><AGARI ba="1,1" hai="21,25,31,47,49,52,65,66,86,90,95" m="58807" machi="86" ten="30,6000,0" yaku="8,1,52,1,54,1" doraHai="27" who="1" fromWho="1" sc="160,-21,102,73,441,-21,287,-21" /><INIT seed="5,2,0,3,4,16" ten="139,175,420,266" oya="1" hai0="62,65,108,15,4,44,45,132,61,105,114,20,42" hai1="9,10,33,109,82,46,39,131,22,122,117,24,47" hai2="36,77,104,55,87,103,19,79,25,69,88,71,90" hai3="7,86,43,21,85,34,17,13,124,118,119,128,91"/><U70/><E70/><V58/><F36/><W0/><G34/><T120/><D105/><U80/><E117/><N who="3" m="44554" /><G124/><T75/><D75/><U3/><E122/><V38/><F38/><W115/><G115/><T101/><D108/><U2/><E33/><V73/><F90/><W96/><G43/><T110/><D110/><U32/><E32/><V23/><F79/><W66/><G66/><T100/><D114/><U1/><E109/><V11/><F11/><N who="3" m="2535" /><G128/><T125/><D4/><U78/><E131/><V126/><F77/><W134/><G134/><T99/><D132/><U60/><E60/><V49/><F73/><W97/><G86/><T31/><D125/><U67/><E67/><V48/><F48/><W94/><AGARI ba="2,0" hai="13,17,21,85,91,94,96,97" m="2535,44554" machi="94" ten="30,2000,0" yaku="12,1,52,1" doraHai="16" who="3" fromWho="3" sc="139,-7,175,-12,420,-7,266,26" /><INIT seed="6,0,0,4,2,103" ten="132,163,413,292" oya="2" hai0="25,9,96,76,115,88,127,32,78,93,62,83,50" hai1="52,0,108,30,97,42,59,104,113,70,11,60,73" hai2="34,26,24,57,21,51,46,71,105,98,64,106,23" hai3="114,19,82,10,102,3,29,48,69,20,36,91,135"/><V74/><F74/><W68/><G36/><T65/><D127/><U121/><E108/><V12/><F71/><W94/><G29/><T55/><D9/><U27/><E73/><V118/><F118/><W100/><G69/><T4/><D4/><U80/><E113/><V40/><F34/><W66/><G82/><T16/><D32/><U77/><E42/><V119/><F12/><W134/><G48/><T79/><D115/><U95/><E121/><V41/><F41/><W37/><G66/><T15/><D25/><U47/><E47/><V110/><F119/><W122/><G68/><T116/><D116/><U43/><E43/><V86/><F86/><N who="3" m="52599" /><G37/><T129/><D129/><U7/><E70/><V111/><F26/><N who="3" m="14623" /><G122/><T87/><D65/><U130/><E80/><V81/><F81/><W22/><G22/><T89/><D62/><U45/><E77/><V128/><F23/><W14/><G3/><T131/><D131/><U58/><E130/><V33/><F33/><W75/><G75/><T67/><D67/><U63/><E45/><V99/><F64/><W101/><G114/><T124/><D124/><U13/><E0/><V90/><F128/><W120/><G120/><T72/><D72/><U1/><E1/><V117/><F117/><W56/><G56/><N who="0" m="32887" /><D79/><U5/><E59/><V49/><F57/><W125/><G125/><T123/><D123/><U53/><E58/><V107/><F46/><W39/><G39/><T84/><D96/><U109/><E60/><V18/><F99/><W6/><G135/><T44/><D44/><U8/><E63/><V132/><F132/><RYUUKYOKU ba="0,0" sc="132,15,163,-15,413,-15,292,15" hai0="15,16,76,78,83,84,87,88,89,93" hai3="6,10,14,100,101,102,134" /><INIT seed="7,1,0,1,5,26" ten="147,148,398,307" oya="3" hai0="106,48,60,68,40,135,96,98,58,90,128,81,122" hai1="59,104,38,72,113,126,102,61,100,80,99,7,117" hai2="56,112,108,37,120,2,50,78,118,84,127,129,29" hai3="103,130,42,17,111,18,9,34,4,25,13,62,65"/><W109/><G42/><T110/><D122/><U24/><E38/><V121/><F108/><N who="3" m="41547" /><G103/><T92/><D110/><U33/><E102/><V32/><F112/><W125/><G125/><T123/><D123/><U83/><E113/><V21/><F118/><W14/><G130/><T86/><D128/><U115/><E115/><V12/><F129/><W53/><G53/><T5/><D68/><U3/><E117/><V1/><F127/><W47/><G47/><T87/><D135/><U82/><E72/><V52/><F37/><W89/><G89/><T55/><D106/><U75/><E75/><V91/><F78/><W124/><G124/><T85/><D5/><U27/><E33/><V35/><F120/><W22/><G34/><T41/><D96/><U134/><E134/><V88/><F121/><W63/><G65/><T74/><D74/><U73/><E73/><V79/><F79/><W132/><G132/><T57/><D81/><U28/><E126/><V0/><F91/><W133/><G133/><T107/><D107/><U39/><E39/><V70/><F70/><W6/><G6/><T94/><D94/><U64/><E7/><V93/><F29/><W11/><AGARI ba="1,0" hai="4,9,11,13,14,17,18,22,25,62,63" m="41547" machi="11" ten="30,1500,0" yaku="10,1" doraHai="26" who="3" fromWho="3" sc="147,-6,148,-6,398,-6,307,18" /><INIT seed="7,2,0,2,3,8" ten="141,142,392,325" oya="3" hai0="16,132,56,29,21,101,123,122,1,110,71,87,13" hai1="51,36,95,119,44,25,93,37,112,55,50,66,98" hai2="129,89,125,9,97,40,104,49,135,80,31,107,60" hai3="100,11,120,82,53,75,45,121,28,27,90,94,111"/><W117/><G117/><T15/><D71/><U74/><E74/><V118/><F118/><W67/><G67/><T134/><D1/><U73/><E73/><V24/><F125/><W109/><G100/><T88/><D101/><U3/><E3/><V32/><F129/><W92/><G53/><T42/><D42/><U128/><E119/><V124/><F124/><W76/><G45/><T106/><D106/><U65/><E128/><V12/><F60/><W0/><G11/><T22/><D56/><U47/><E55/><V2/><F2/><W59/><G59/><T77/><D77/><U133/><E98/><V34/><F34/><N who="3" m="20767" /><G0/><T48/><D48/><U61/><E61/><V83/><F49/><W62/><G62/><T86/><D29/><U130/><E130/><V131/><F40/><W63/><G63/><T105/><D105/><U57/><E57/><V7/><F131/><W23/><G23/><T38/><D38/><U72/><E72/><V52/><F52/><W81/><G82/><T85/><D110/><N who="3" m="41993" /><G94/><T39/><D39/><U43/><E43/><V126/><F83/><W96/><AGARI ba="2,0" hai="75,76,81,90,92,96,120,121" m="41993,20767" machi="96" ten="30,1500,0" yaku="10,1" doraHai="8" who="3" fromWho="3" sc="141,-7,142,-7,392,-7,325,21" /><INIT seed="7,3,0,3,5,102" ten="134,135,385,346" oya="3" hai0="81,22,36,32,43,86,3,88,68,120,8,52,111" hai1="125,28,109,127,77,54,93,113,20,25,66,34,126" hai2="112,27,95,17,31,48,30,80,21,118,23,106,105" hai3="0,47,37,107,115,5,24,6,76,7,26,78,131"/><W129/><G107/><T82/><D120/><U85/><E113/><V55/><F118/><W45/><G115/><T123/><D123/><U9/><E109/><V12/><F112/><W122/><G122/><T46/><D22/><U19/><E9/><V10/><F80/><W16/><G0/><T73/><D32/><U119/><E119/><V53/><F53/><W100/><G100/><T65/><D111/><U84/><E77/><N who="3" m="29802" /><G16/><T116/><D116/><U51/><E66/><V11/><F95/><W117/><G117/><T49/><D68/><U132/><E93/><V2/><F2/><W75/><G75/><T38/><D65/><U29/><E132/><V101/><F101/><W71/><G71/><T42/><D73/><U4/><E4/><V87/><F87/><N who="1" m="33353" /><E34/><V121/><F121/><W15/><G15/><T44/><D3/><U18/><E19/><V79/><F79/><W50/><G37/><T110/><D8/><U57/><AGARI ba="3,0" hai="18,20,25,28,29,51,54,57,125,126,127" m="33353" machi="57" ten="40,1500,0" yaku="18,1" doraHai="102" who="1" fromWho="1" sc="134,-7,135,24,385,-7,346,-10" owari="127,-37.3,159,-24.1,378,47.8,336,13.6" /></mjloggm>