<mjloggm ver="2.3"><GO type="41" lobby="0"/><UN n0="%E2%93%9D%4C%75%63%6B%79%4A" n1="%E5%85%AD%E6%9D%91%E4%BA%8C%E5%A1%81" n2="%79%61%74%74%61%6E%65" n3="%74%6F%6B%69%37%37%37" dan="16,14,14,13" rate="2144.50,1945.93,1928.20,1881.78" sx="M,M,M,M"/><TAIKYOKU oya="0"/><INIT seed="0,0,0,2,5,77" ten="250,250,250,250" oya="0" hai0="57,96,64,31,0,60,68,70,84,121,6,95,117" hai1="29,114,49,123,59,18,9,126,54,4,107,120,56" hai2="101,97,85,17,41,72,128,24,42,86,25,122,119" hai3="76,10,38,3,134,83,51,53,99,1,79,5,81"/><T71/><D121/><U39/><E39/><V66/><F122/><W118/><G118/><T103/><D117/><U78/><E126/><V132/><F72/><W35/><G35/><T109/><D109/><U92/><E107/><V34/><F128/><W80/><G38/><T75/><D75/><U65/><E114/><V94/><F132/><W104/><G3/><T13/><D0/><U28/><E120/><V27/><F34/><W21/><G134/><T130/><D130/><U88/><E123/><V62/><F119/><W45/><REACH who="3" step="1"/><G21/><REACH who="3" ten="250,250,250,240" step="2"/><T108/><D108/><U50/><E78/><V15/><F41/><W11/><G11/><T44/><D71/><U23/><E9/><V36/><F42/><W124/><G124/><T26/><D70/><U105/><E4/><V58/><F36/><W8/><G8/><AGARI ba="0,1" hai="8,15,17,24,25,27,58,62,66,85,86,94,97,101" machi="8" ten="40,1300,0" yaku="8,1" doraHai="77" who="2" fromWho="3" sc="250,0,250,0,250,23,240,-13" /><INIT seed="1,0,0,1,5,2" ten="250,250,273,227" oya="1" hai0="42,32,6,100,114,59,101,77,14,16,70,13,43" hai1="75,92,60,12,30,18,79,73,31,107,53,112,113" hai2="95,129,69,25,62,61,81,38,78,135,50,125,134" hai3="76,57,87,64,122,26,110,84,80,11,124,28,35"/><U111/><E107/><V71/><F38/><W119/><G122/><T82/><D32/><U128/><E111/><V40/><F125/><W15/><G110/><T7/><D70/><N who="2" m="26634" /><F95/><W66/><G124/><T118/><D118/><U83/><E128/><V109/><F109/><W126/><G126/><T120/><D114/><U19/><E92/><V9/><F129/><W39/><G39/><T131/><D59/><U96/><E96/><V3/><F25/><W123/><G123/><T58/><D58/><U55/><E12/><V91/><F91/><W34/><G34/><T102/><D120/><U104/><E104/><V27/><F27/><W29/><G29/><T127/><D127/><U41/><E41/><N who="0" m="15369" /><D14/><U68/><E68/><V51/><F61/><W93/><G119/><T36/><D36/><U24/><E60/><V132/><F62/><W90/><REACH who="3" step="1"/><G57/><REACH who="3" ten="250,250,273,217" step="2"/><T46/><D131/><U67/><E24/><V94/><F132/><W23/><G23/><N who="0" m="11663" /><D46/><U20/><E112/><V49/><F135/><W63/><G63/><T116/><D116/><U74/><E113/><V86/><F134/><W98/><G98/><T44/><D44/><U103/><E31/><V72/><F40/><W65/><G65/><T117/><D117/><U130/><E67/><V105/><F9/><W85/><G85/><AGARI ba="0,1" hai="6,7,77,82,85,100,101,102" m="11663,15369" machi="85" ten="30,7700,0" yaku="8,1,52,2,54,1" doraHai="2" who="0" fromWho="3" sc="250,87,250,0,273,0,217,-77" /><INIT seed="2,0,0,5,4,97" ten="337,250,273,140" oya="2" hai0="17,93,121,60,24,49,50,77,28,129,89,117,90" hai1="71,84,2,37,19,3,80,67,128,64,26,104,32" hai2="29,119,15,114,112,127,61,18,99,102,5,125,92" hai3="65,87,25,107,98,115,105,134,82,46,12,55,76"/><V111/><F119/><W78/><G134/><T30/><D117/><U36/><E128/><V116/><F116/><W41/><G115/><T54/><D77/><U13/><E104/><V43/><F43/><W10/><G65/><T122/><D129/><U120/><E120/><V75/><F75/><W23/><G76/><T95/><D17/><U73/><E73/><V132/><F5/><W35/><G35/><T44/><D60/><U40/><E36/><V39/><F39/><W131/><G55/><T70/><D24/><U88/><E37/><V52/><F132/><W62/><G62/><T53/><REACH who="0" step="1"/><D44/><REACH who="0" ten="327,250,273,140" step="2"/><U83/><E26/><V27/><F112/><W7/><G131/><T130/><D130/><U59/><E71/><AGARI ba="0,1" hai="28,30,49,50,53,54,70,71,89,90,93,95,121,122" machi="71" ten="25,3200,0" yaku="1,1,22,2,53,0" doraHai="97" doraHaiUra="113" who="0" fromWho="1" sc="327,42,250,-32,273,0,140,0" /><INIT seed="3,0,0,2,3,133" ten="369,218,273,140" oya="3" hai0="89,105,27,64,82,116,111,70,1,112,41,25,83" hai1="69,93,102,78,117,43,26,33,36,49,2,3,97" hai2="76,87,42,6,92,98,53,5,90,9,131,119,62" hai3="80,122,115,75,99,17,31,63,88,7,48,86,107"/><W56/><G115/><T128/><D112/><U34/><E117/><V135/><F119/><W121/><G31/><T29/><D1/><U18/><E36/><V11/><F135/><W123/><G7/><T126/><D41/><U67/><E78/><V125/><F42/><W85/><G48/><T114/><D128/><U39/><E39/><V84/><F131/><W15/><G75/><T103/><D89/><U77/><E77/><V10/><F125/><W96/><G107/><T108/><D27/><U19/><E69/><V55/><F76/><W13/><G86/><N who="2" m="32809" /><F62/><W74/><G74/><T120/><D120/><U104/><E67/><V51/><F55/><W95/><G17/><T23/><D114/><U71/><E71/><V94/><F92/><W52/><REACH who="3" step="1"/><G99/><REACH who="3" ten="369,218,273,130" step="2"/><T134/><D105/><U61/><E104/><V110/><F110/><W44/><G44/><AGARI ba="0,1" hai="5,6,9,10,11,44,51,53,90,94,98" m="32809" machi="44" ten="30,1000,0" yaku="8,1" doraHai="133" who="2" fromWho="3" sc="369,0,218,0,273,20,130,-10" /><INIT seed="4,0,0,5,5,49" ten="369,218,293,120" oya="0" hai0="14,29,25,110,32,43,126,58,85,103,78,115,88" hai1="6,34,41,55,51,128,66,134,96,84,112,74,70" hai2="60,93,116,48,81,102,38,9,21,0,68,12,53" hai3="130,44,82,86,1,22,122,42,76,19,135,77,64"/><T31/><D110/><U125/><E74/><V124/><F124/><W3/><G130/><T10/><D126/><U56/><E125/><V71/><F38/><W131/><G131/><T37/><D115/><U33/><E128/><V129/><F0/><W7/><G135/><T5/><D103/><U35/><E134/><V89/><F116/><W15/><G122/><T24/><D78/><U119/><E119/><V94/><F60/><W46/><G64/><T59/><D43/><U67/><E112/><V123/><F123/><W79/><G46/><T72/><D72/><U36/><E6/><V121/><F121/><W16/><G19/><T133/><D37/><U87/><E96/><V23/><F71/><W92/><G92/><T101/><D101/><U2/><E2/><V108/><F68/><W11/><REACH who="3" step="1"/><G3/><REACH who="3" ten="369,218,293,110" step="2"/><T50/><D133/><U30/><E67/><V57/><F129/><W40/><G40/><T52/><D59/><U69/><E69/><V54/><F108/><W104/><G104/><T62/><D31/><U100/><E30/><V13/><F93/><W111/><G111/><T132/><D132/><U120/><E100/><V109/><F102/><W47/><G47/><N who="0" m="27743" /><D29/><U65/><E65/><V98/><F109/><W8/><G8/><T45/><D45/><N who="1" m="23719" /><E120/><V90/><F9/><W127/><G127/><T17/><D17/><U107/><E107/><V18/><F18/><W105/><G105/><T61/><D58/><U39/><E39/><AGARI ba="0,1" hai="1,7,11,15,16,22,39,42,44,76,77,79,82,86" machi="39" ten="30,3900,0" yaku="1,1,7,1,54,1,53,0" doraHai="49" doraHaiUra="26" who="3" fromWho="1" sc="369,0,218,-39,293,0,110,49" /><INIT seed="5,0,0,0,4,51" ten="369,179,293,159" oya="1" hai0="10,114,88,29,19,26,15,49,129,130,53,85,61" hai1="82,96,107,63,23,55,25,17,131,95,109,122,16" hai2="127,9,60,70,58,11,111,28,74,46,21,117,93" hai3="24,135,22,99,126,4,0,92,106,47,52,62,41"/><U101/><E122/><V14/><F111/><W18/><G106/><T112/><D61/><U64/><E131/><N who="0" m="50185" /><D29/><U76/><E109/><V67/><F127/><W97/><G97/><T1/><D1/><U5/><E5/><V6/><F74/><W13/><G0/><T77/><D77/><U124/><E124/><V45/><F117/><W44/><G126/><T37/><D37/><U115/><E115/><V40/><F28/><W20/><G135/><T133/><D26/><U94/><E17/><V108/><F108/><W79/><G79/><T134/><D114/><U75/><REACH who="1" step="1"/><E55/><REACH who="1" ten="369,169,293,159" step="2"/><V120/><F120/><W116/><G116/><T89/><D112/><U65/><E65/><V81/><F6/><W27/><G41/><T125/><D125/><U2/><E2/><V57/><F40/><W86/><G4/><T31/><D31/><U84/><E84/><V100/><F67/><W80/><G86/><T123/><D123/><U43/><E43/><V48/><F11/><W35/><G35/><T68/><D85/><U56/><AGARI ba="0,1" hai="16,23,25,56,63,64,75,76,82,94,95,96,101,107" machi="56" ten="20,7800,0" yaku="1,1,0,1,7,1,54,1,53,0" doraHai="51" doraHaiUra="128" who="1" fromWho="1" sc="369,-26,169,88,293,-26,159,-26" /><INIT seed="5,1,0,2,2,58" ten="343,257,267,133" oya="1" hai0="108,25,73,11,1,85,120,36,0,102,54,66,87" hai1="51,7,43,117,69,64,83,45,70,57,71,94,123" hai2="59,53,6,121,42,55,49,126,84,68,32,90,96" hai3="35,78,41,95,9,65,30,112,86,132,114,127,104"/><U37/><E7/><V76/><F121/><W13/><G104/><T131/><D73/><U8/><E83/><V47/><F32/><W34/><G41/><T80/><D66/><U98/><E8/><V100/><F68/><N who="1" m="26217" /><E94/><V109/><F109/><W125/><G78/><T129/><D36/><U111/><E98/><V39/><F126/><N who="3" m="48139" /><G86/><T103/><D54/><N who="1" m="31967" /><E117/><V10/><F76/><W17/><G65/><T14/><D80/><U113/><E113/><N who="3" m="43626" /><G95/><T60/><D87/><U97/><E97/><V82/><F39/><W75/><G75/><T91/><D85/><U29/><E29/><V2/><REACH who="2" step="1"/><F59/><REACH who="2" ten="343,257,257,133" step="2"/><W21/><G132/><T79/><D79/><U20/><E20/><V19/><F19/><N who="3" m="8623" /><G30/><T93/><D120/><U133/><E123/><V122/><F122/><W22/><G22/><T61/><D11/><U46/><E133/><V101/><F101/><W135/><G135/><T5/><D103/><U15/><E111/><V89/><F89/><W24/><AGARI ba="1,1" hai="17,21,24,34,35" m="8623,43626,48139" machi="24" ten="30,7900,0" yaku="18,1,15,1,34,2" doraHai="58" who="3" fromWho="3" sc="343,-21,257,-40,257,-21,133,92" /><INIT seed="6,0,0,0,0,131" ten="322,217,236,225" oya="2" hai0="68,121,24,44,55,67,107,99,112,89,122,108,97" hai1="3,29,73,96,52,75,98,25,106,41,117,9,45" hai2="17,18,70,100,105,4,83,37,42,20,94,91,109" hai3="63,47,5,72,16,87,77,101,39,28,51,54,92"/><V135/><F109/><W76/><G28/><T8/><D108/><U48/><E117/><V14/><F70/><W66/><G5/><T50/><D107/><U35/><E98/><V1/><F105/><W32/><G32/><T49/><D24/><U90/><E3/><V62/><F100/><W104/><G39/><T127/><D8/><U61/><E9/><V103/><F103/><W132/><G72/><T21/><D21/><U23/><E35/><V12/><F4/><W11/><G104/><T43/><D89/><U125/><E125/><V115/><F1/><W2/><G2/><T33/><D112/><U113/><E113/><V88/><F115/><W134/><G101/><T65/><D33/><U53/><E106/><V38/><F62/><W82/><G92/><T80/><D80/><U69/><E73/><V58/><F58/><W71/><REACH who="3" step="1"/><G76/><REACH who="3" ten="322,217,236,215" step="2"/><T31/><D127/><U26/><E75/><V30/><F30/><W114/><G114/><T13/><D31/><U19/><E90/><V116/><F94/><W128/><G128/><T130/><D130/><U60/><E96/><V95/><F95/><W85/><G85/><T59/><D99/><U15/><E69/><V81/><F116/><W57/><G57/><T126/><D97/><U79/><E79/><V0/><F0/><W120/><G120/><N who="0" m="46187" /><D68/><U86/><E86/><V93/><F93/><W84/><G84/><T36/><D126/><U34/><E26/><V129/><F129/><W118/><G118/><T27/><D27/><U102/><E102/><V6/><F38/><W7/><G7/><T64/><D36/><RYUUKYOKU ba="0,1" sc="322,10,217,10,236,-30,215,10" hai0="13,43,44,49,50,55,59,64,65,67" hai1="15,19,23,25,29,34,41,45,48,52,53,60,61" hai3="11,16,47,51,54,63,66,71,77,82,87,132,134" /><INIT seed="7,1,1,1,2,102" ten="332,227,206,225" oya="3" hai0="52,37,8,45,132,70,65,28,19,104,133,58,35" hai1="29,122,112,109,113,27,127,40,15,117,12,23,60" hai2="5,86,126,92,81,114,85,101,79,121,41,135,105" hai3="87,63,94,66,48,98,62,111,116,7,83,69,77"/><W3/><G116/><T95/><D104/><U55/><E109/><V100/><F5/><W93/><G111/><T43/><D95/><U130/><E122/><V56/><F41/><W131/><G131/><T20/><D8/><U57/><E127/><V82/><F56/><W71/><G94/><T118/><D28/><U128/><E40/><V1/><F1/><W39/><G48/><N who="0" m="30983" /><D35/><U50/><E117/><V107/><F126/><W90/><G39/><T26/><D118/><U123/><E50/><V9/><F9/><W33/><G33/><T68/><D65/><U88/><E88/><V11/><F11/><W120/><G120/><T129/><D129/><N who="1" m="49771" /><E123/><V25/><F25/><W61/><G7/><T99/><D99/><U76/><E76/><N who="2" m="46247" /><F121/><W31/><G3/><T72/><D72/><U47/><E47/><V10/><F10/><W51/><G66/><T42/><D43/><U30/><E30/><V91/><F135/><AGARI ba="1,1" hai="19,20,26,37,42,45,68,70,132,133,135" m="30983" machi="135" ten="30,2000,0" yaku="20,1,54,1" doraHai="102" who="0" fromWho="2" sc="332,33,227,0,206,-23,225,0" owari="365,46.5,227,2.7,183,-31.7,225,-17.5" /></mjloggm>