<mjloggm ver="2.3"><GO type="41" lobby="0"/><UN n0="%E5%B0%8F%E5%AE%AE%E7%95%B3%E5%BA%97" n1="%E5%8D%83%E5%B9%B4%E5%B0%8F%E5%A6%96" n2="%E2%93%9D%4C%75%63%6B%79%4A" n3="%E3%83%97%E3%83%AA%E3%83%B3%E3%83%97%E3%83%AA%E3%83%B3" dan="15,14,18,13" rate="2003.50,1970.64,2201.65,1904.64" sx="M,M,M,M"/><TAIKYOKU oya="0"/><INIT seed="0,0,0,1,0,2" ten="250,250,250,250" oya="0" hai0="62,57,128,80,93,37,104,7,107,129,86,38,97" hai1="51,73,105,122,123,47,45,48,95,68,42,79,87" hai2="84,3,10,130,96,115,33,6,14,31,41,126,40" hai3="1,132,101,102,127,110,90,59,75,54,112,124,98"/><T25/><D38/><U74/><E105/><V81/><F115/><W103/><G112/><T113/><D37/><U91/><E68/><V26/><F126/><W50/><G1/><T24/><D107/><U78/><E78/><V16/><F96/><W76/><G110/><T30/><D104/><U60/><E60/><V29/><F31/><W108/><G108/><T17/><D113/><U106/><E106/><V66/><F66/><W63/><G132/><T8/><D17/><U111/><E111/><V85/><F130/><W34/><G34/><T35/><D25/><U92/><E92/><V23/><REACH who="2" step="1"/><F85/><REACH who="2" ten="250,250,240,250" step="2"/><W134/><G134/><T109/><D109/><U12/><E123/><V118/><F118/><W39/><G124/><T89/><D97/><U49/><E122/><V71/><F71/><W82/><G127/><T27/><D30/><U100/><E74/><V53/><F53/><W88/><G98/><T21/><D35/><U4/><E100/><V52/><F52/><W15/><G63/><T0/><D21/><U94/><E73/><V131/><F131/><N who="0" m="50250" /><D93/><U72/><E94/><V44/><F44/><W120/><G120/><T99/><D99/><U67/><E45/><V56/><F56/><W77/><G39/><T46/><D46/><U121/><E121/><V58/><F58/><W13/><REACH who="3" step="1"/><G76/><AGARI ba="0,1" hai="3,6,10,14,16,23,26,29,33,40,41,76,81,84" machi="76" ten="30,12000,2" yaku="1,1,7,1,24,2,52,1,54,1,53,0" doraHai="2" doraHaiUra="133" who="2" fromWho="3" sc="250,0,250,0,240,130,250,-120" /><INIT seed="1,0,0,1,3,56" ten="250,250,370,130" oya="1" hai0="36,118,129,117,79,14,59,125,124,5,88,133,22" hai1="84,62,100,130,93,35,76,103,58,37,53,60,104" hai2="45,119,28,38,4,6,90,81,49,116,95,132,101" hai3="0,52,50,112,107,97,54,17,10,111,72,120,32"/><U135/><E104/><V15/><F38/><W61/><G112/><T73/><D36/><U105/><E105/><V131/><F28/><W113/><G113/><T122/><D79/><U25/><E37/><V121/><F121/><W85/><G72/><T91/><D73/><U75/><E75/><V87/><F132/><W7/><G32/><T74/><D74/><U110/><E135/><V19/><F131/><W26/><G120/><T78/><D78/><U83/><E130/><V23/><F119/><W2/><G2/><T99/><D133/><U29/><E110/><V18/><F19/><W80/><G111/><T1/><D1/><U55/><E93/><V67/><F67/><W41/><G41/><T98/><D129/><U102/><REACH who="1" step="1"/><E55/><REACH who="1" ten="250,240,370,130" step="2"/><N who="2" m="30127" /><F116/><W89/><G107/><T31/><D118/><U30/><E30/><V43/><F43/><W128/><G128/><T77/><D117/><U46/><E46/><V69/><F69/><W115/><G115/><T42/><D31/><U65/><E65/><V96/><AGARI ba="0,1" hai="4,6,15,18,23,81,87,90,95,96,101" m="30127" machi="96" ten="30,1100,0" yaku="8,1" doraHai="56" who="2" fromWho="2" sc="250,-3,240,-5,370,21,130,-3" /><INIT seed="2,0,0,5,0,58" ten="247,235,391,127" oya="2" hai0="82,107,113,24,123,62,63,122,51,21,49,115,111" hai1="23,134,1,22,53,120,118,29,12,100,84,99,87" hai2="85,20,42,77,71,39,6,36,124,13,90,104,47" hai3="127,79,52,72,3,98,32,17,86,83,88,109,34"/><V93/><F104/><W78/><G3/><T54/><D107/><U50/><E118/><V110/><F124/><W15/><G127/><T74/><D74/><U43/><E1/><V105/><F105/><W81/><G109/><T2/><D2/><U73/><E73/><V56/><F71/><W26/><G26/><T117/><D82/><U97/><E134/><V125/><F125/><W102/><G78/><T135/><D21/><U19/><E43/><V119/><F119/><W25/><G25/><T92/><D92/><N who="1" m="58407" /><E99/><V114/><F114/><N who="0" m="43530" /><D24/><N who="1" m="16535" /><E120/><N who="0" m="46121" /><D117/><U128/><E128/><V70/><F77/><W126/><G126/><T37/><D111/><U41/><E41/><V4/><F110/><W112/><G112/><T44/><D135/><U38/><E38/><V33/><F39/><W31/><G31/><T129/><D129/><U116/><E116/><V121/><F121/><W28/><G28/><T67/><D37/><U75/><E75/><V103/><F103/><W69/><G69/><N who="0" m="42231" /><D44/><AGARI ba="0,0" hai="12,19,23,44,50,53,84,87" m="16535,58407" machi="44" ten="30,1000,0" yaku="8,1" doraHai="58" who="1" fromWho="0" sc="247,-10,235,10,391,0,127,0" /><INIT seed="3,0,0,5,0,128" ten="237,245,391,127" oya="3" hai0="80,19,126,20,131,5,17,56,103,33,116,4,95" hai1="24,8,41,63,34,109,101,133,9,119,29,120,70" hai2="32,14,25,54,57,6,87,61,77,100,124,67,12" hai3="117,102,68,105,79,37,23,71,86,99,31,114,72"/><W38/><G114/><T10/><D33/><U111/><E120/><V88/><F124/><W106/><G117/><T66/><D126/><U130/><E130/><V127/><F127/><W53/><G53/><T64/><D131/><U89/><E119/><V60/><F77/><W55/><G55/><T69/><D69/><U22/><E41/><V115/><F100/><W122/><G122/><T42/><D42/><U40/><E40/><V47/><F6/><W108/><G108/><T0/><D5/><U84/><E101/><V78/><F78/><W83/><G105/><T75/><D75/><U30/><E30/><V97/><F97/><W13/><G31/><T125/><D80/><U49/><E49/><V96/><F96/><W112/><G112/><T16/><D116/><U113/><E113/><V104/><F104/><W91/><G13/><T135/><D125/><U27/><E27/><V51/><F61/><W110/><G23/><T118/><D20/><U39/><E22/><V44/><F115/><W123/><G123/><T58/><D118/><U48/><E39/><V36/><F36/><W81/><G110/><N who="1" m="41994" /><E48/><V107/><F107/><W3/><G3/><T65/><D103/><U129/><E129/><V45/><F25/><W98/><G98/><T94/><REACH who="0" step="1"/><D135/><REACH who="0" ten="227,245,391,127" step="2"/><U90/><E133/><V26/><F32/><W52/><G68/><T59/><AGARI ba="0,1" hai="0,4,10,16,17,19,56,58,59,64,65,66,94,95" machi="59" ten="40,12000,2" yaku="1,1,2,1,0,1,29,2,54,1,53,0" doraHai="128" doraHaiUra="43" who="0" fromWho="0" sc="227,130,245,-30,391,-30,127,-60" /><INIT seed="4,0,0,3,4,112" ten="357,215,361,67" oya="0" hai0="11,101,130,95,133,58,78,34,108,126,74,116,121" hai1="15,0,42,76,135,52,5,87,31,18,37,63,67" hai2="83,2,7,26,40,71,68,97,47,90,124,125,128" hai3="38,1,3,49,28,114,105,80,39,111,131,53,91"/><T45/><D121/><U86/><E31/><V9/><F26/><W61/><G114/><T72/><D34/><U113/><E113/><V46/><F47/><W107/><G131/><T122/><D122/><U59/><E0/><V12/><F12/><W36/><G61/><T19/><D130/><U127/><E5/><V66/><F66/><W20/><G111/><T27/><D108/><U6/><E6/><V41/><F41/><W64/><G64/><T96/><D133/><U35/><E35/><V93/><F83/><W24/><G3/><T129/><D129/><U99/><E127/><N who="2" m="48715" /><F128/><W115/><G115/><T98/><D78/><U8/><E76/><V17/><F17/><W81/><G1/><T110/><D45/><U32/><E32/><V43/><F43/><W22/><G22/><T23/><D110/><U92/><E37/><AGARI ba="0,0" hai="2,7,9,37,40,46,68,71,90,93,97" m="48715" machi="37" ten="30,1000,0" yaku="18,1" doraHai="112" who="2" fromWho="1" sc="357,0,215,-10,361,10,67,0" /><INIT seed="5,0,0,4,4,110" ten="357,205,371,67" oya="1" hai0="40,65,106,98,62,52,71,7,70,3,105,48,91" hai1="93,25,21,89,76,26,122,47,28,57,129,16,30" hai2="22,13,113,81,127,27,24,64,115,111,72,53,86" hai3="12,123,61,73,99,34,107,133,116,15,79,124,9"/><U134/><E122/><V104/><F111/><W0/><G123/><T87/><D71/><U109/><E109/><V82/><F104/><W118/><G34/><T59/><D98/><U11/><E129/><V58/><F64/><W80/><G124/><T36/><D3/><U32/><E134/><V125/><F13/><W2/><G133/><T19/><D7/><U117/><E117/><V83/><F72/><W44/><G44/><T1/><D1/><U88/><E76/><V51/><F86/><W50/><G50/><T8/><D8/><U131/><E47/><V4/><F4/><W41/><G41/><T14/><D40/><U120/><E131/><V35/><F35/><W84/><G73/><T126/><D36/><U114/><E120/><V6/><F6/><W56/><G12/><T103/><D103/><U49/><E49/><V90/><F90/><W39/><G39/><T43/><D43/><U17/><E89/><V92/><F92/><W38/><G38/><T45/><D126/><N who="2" m="48138" /><F27/><W55/><G116/><T100/><D100/><U68/><E26/><V95/><F95/><W33/><G118/><T63/><D63/><U130/><E93/><V42/><F42/><W31/><G107/><T78/><D78/><U101/><E130/><V121/><F121/><W102/><G33/><T10/><D70/><U85/><E68/><V20/><F22/><W69/><G69/><T67/><D65/><U132/><E21/><V66/><F66/><W94/><REACH who="3" step="1"/><G31/><AGARI ba="0,0" hai="20,24,31,51,53,58,81,82,83,113,115" m="48138" machi="31" ten="40,5200,0" yaku="18,1,52,2" doraHai="110" who="2" fromWho="3" sc="357,0,205,0,371,52,67,-52" /><INIT seed="6,0,0,1,2,37" ten="357,205,423,15" oya="2" hai0="107,58,56,124,3,23,40,9,36,28,29,8,38" hai1="105,93,17,65,113,77,44,114,16,110,79,81,22" hai2="83,42,116,71,49,135,130,68,66,61,129,123,34" hai3="103,98,43,97,41,122,64,84,60,24,80,5,55"/><V73/><F34/><W75/><G75/><T14/><D107/><U67/><E110/><V48/><F73/><W18/><G122/><T87/><D124/><U12/><E105/><V50/><F83/><W33/><G5/><T104/><D104/><U118/><E118/><V78/><F78/><W19/><G97/><T11/><D3/><U30/><E30/><V52/><F123/><W62/><G62/><T7/><D7/><U101/><E44/><N who="2" m="25879" /><F135/><W45/><G33/><T127/><D127/><U72/><E79/><V95/><F95/><W112/><G112/><N who="1" m="43114" /><E17/><V88/><F88/><N who="3" m="51207" /><G103/><T134/><D134/><U92/><E92/><V51/><F116/><W35/><G35/><T91/><D36/><U89/><E101/><V69/><F52/><W47/><G98/><AGARI ba="0,0" hai="12,16,22,65,67,72,77,81,89,93,98" m="43114" machi="98" ten="30,2000,0" yaku="15,1,54,1" doraHai="37" who="1" fromWho="3" sc="357,0,205,20,423,0,15,-20" owari="357,15.7,225,-17.5,423,52.3,-5,-50.5" /></mjloggm>