<mjloggm ver="2.3"><GO type="9" lobby="0"/><UN n0="%E3%81%AE%E3%81%B6%EF%BC%91%EF%BC%97%EF%BC%95%EF%BC%91" n1="%E3%81%84%E3%81%A8%E3%81%8A%E3%82%84%E3%81%98%39%32" n2="%E2%93%9D%4C%75%63%6B%79%4A" n3="%CE%9F" dan="9,8,7,11" rate="1681.20,1559.41,1655.06,1645.91" sx="M,M,M,M"/><TAIKYOKU oya="0"/><INIT seed="0,0,0,0,3,22" ten="250,250,250,250" oya="0" hai0="8,18,39,63,70,93,48,27,81,17,45,105,121" hai1="112,84,59,58,67,117,60,114,90,72,75,100,35" hai2="13,9,88,55,37,110,10,109,53,74,119,5,32" hai3="14,43,99,78,44,86,2,7,89,116,31,1,16"/><T120/><D105/><U41/><E35/><V129/><F37/><W107/><G116/><T20/><D39/><U98/><E41/><V130/><F74/><W19/><G7/><T42/><D81/><U33/><E33/><V123/><F123/><W92/><G78/><T36/><D36/><U115/><E59/><V3/><F32/><W68/><G68/><T76/><D76/><U108/><E108/><N who="2" m="41579" /><F119/><W135/><G135/><T28/><D93/><U87/><E84/><V101/><F101/><W124/><G124/><T12/><REACH who="0" step="1"/><D28/><REACH who="0" ten="240,250,250,250" step="2"/><U73/><E117/><V40/><F130/><W62/><G31/><T134/><D134/><U94/><REACH who="1" step="1"/><E75/><REACH who="1" ten="240,240,250,250" step="2"/><V95/><F129/><W132/><G132/><T4/><D4/><U47/><E47/><V127/><F5/><W6/><G6/><T133/><D133/><U122/><E122/><V103/><F127/><W23/><G107/><AGARI ba="0,2" hai="58,60,67,72,73,87,90,94,98,100,107,112,114,115" machi="107" ten="40,5200,0" yaku="1,1,11,1,53,1" doraHai="22" doraHaiUra="61" who="1" fromWho="3" sc="240,0,240,72,250,0,250,-52" /><INIT seed="1,0,0,4,2,53" ten="240,312,250,198" oya="1" hai0="98,112,16,63,21,84,101,45,68,47,19,97,108" hai1="133,22,5,116,127,24,3,51,107,79,12,60,44" hai2="28,91,71,41,7,88,111,61,104,42,77,80,56" hai3="58,119,120,52,96,73,100,131,35,109,18,50,6"/><U36/><E133/><V132/><F71/><W99/><G35/><T4/><D112/><U59/><E127/><V67/><F104/><W46/><G73/><T34/><D34/><U128/><E128/><V103/><F103/><W129/><G120/><T106/><D4/><U126/><E126/><V78/><F132/><W66/><G119/><T23/><D108/><U17/><E36/><V113/><F113/><W9/><G109/><T31/><D31/><U11/><E107/><V134/><F134/><W26/><G26/><T105/><D84/><U121/><E79/><N who="2" m="30219" /><F7/><W62/><G18/><T43/><D43/><N who="2" m="16394" /><F111/><W0/><REACH who="3" step="1"/><G100/><REACH who="3" ten="240,312,250,188" step="2"/><T94/><D19/><U27/><E121/><V29/><F80/><W54/><G54/><T87/><D16/><U89/><E116/><V30/><AGARI ba="0,1" hai="28,29,30,56,61,67,88,91" m="16394,30219" machi="30" ten="30,4000,0" yaku="8,1,52,1,54,1" doraHai="53" who="2" fromWho="2" sc="240,-10,312,-20,250,50,188,-10" /><INIT seed="2,0,0,3,3,18" ten="230,292,300,178" oya="2" hai0="24,129,3,38,85,43,71,115,81,16,117,2,89" hai1="40,49,14,52,84,124,61,33,98,128,65,105,100" hai2="21,131,92,133,25,45,67,95,123,22,56,87,77" hai3="91,11,69,94,82,32,35,75,10,15,134,102,46"/><V110/><F123/><W119/><G69/><T41/><D115/><U66/><E128/><V39/><F131/><W96/><G119/><T7/><D129/><U34/><E124/><V1/><F1/><W73/><G134/><T125/><D71/><U118/><E40/><V62/><F133/><W37/><G37/><T127/><D117/><U54/><E54/><V116/><F116/><W12/><G46/><N who="0" m="23863" /><D43/><U101/><E101/><V104/><F104/><W97/><G82/><T57/><D57/><U78/><E65/><V106/><F106/><W64/><G64/><T31/><D7/><U5/><E5/><V50/><F110/><W99/><G102/><T44/><D44/><U90/><E78/><V0/><F0/><W63/><G63/><T48/><D48/><U74/><E14/><V27/><F39/><W103/><G103/><T17/><D31/><U109/><E109/><V28/><F77/><W36/><G36/><T59/><D59/><U47/><E74/><N who="3" m="28170" /><G91/><T58/><D58/><U6/><E6/><V132/><F87/><W55/><G55/><T30/><D30/><U53/><E53/><N who="2" m="29903" /><F132/><W4/><G94/><T83/><D17/><AGARI ba="0,0" hai="17,21,22,25,27,28,56,62,67,92,95" m="29903" machi="17" ten="30,5800,0" yaku="8,1,52,2" doraHai="18" who="2" fromWho="0" sc="230,-58,292,0,300,58,178,0" /><INIT seed="2,1,0,5,2,117" ten="172,292,358,178" oya="2" hai0="41,73,114,129,50,108,13,102,8,71,56,90,36" hai1="70,42,132,9,99,54,93,122,120,52,27,135,58" hai2="18,96,66,63,35,116,65,118,134,133,89,84,80" hai3="111,103,82,17,64,125,79,77,12,33,106,45,61"/><V94/><F35/><W20/><G33/><T21/><D114/><U62/><E9/><V7/><F66/><W86/><G111/><T105/><D71/><U119/><E27/><V25/><F7/><W95/><G125/><T0/><D108/><U47/><E70/><V97/><F63/><W98/><G106/><T76/><D90/><U92/><E99/><N who="2" m="37963" /><F65/><W60/><G45/><N who="0" m="23719" /><D21/><U55/><E92/><V30/><F18/><W107/><G107/><T59/><D50/><N who="1" m="26999" /><E93/><V51/><F51/><W100/><G100/><T31/><D13/><U2/><E2/><V74/><F25/><W83/><REACH who="3" step="1"/><G64/><REACH who="3" ten="172,292,358,168" step="2"/><T38/><D38/><U44/><E119/><N who="2" m="45611" /><F30/><W46/><G46/><T88/><D129/><U11/><E44/><V14/><F14/><W1/><G1/><T104/><D0/><U49/><E49/><V40/><F40/><W68/><G68/><T75/><D8/><U57/><E58/><V22/><F22/><W19/><G19/><T124/><D31/><U32/><E32/><V6/><F6/><W10/><G10/><T69/><D69/><U112/><E11/><V87/><F74/><AGARI ba="1,1" hai="12,17,20,60,61,74,77,79,82,83,86,95,98,103" machi="74" ten="30,2000,0" yaku="1,1,7,1,53,0" doraHai="117" doraHaiUra="127" who="3" fromWho="2" sc="172,0,292,0,358,-23,168,33" /><INIT seed="3,0,0,5,4,97" ten="172,292,335,201" oya="3" hai0="67,110,35,51,125,96,124,101,130,95,134,82,60" hai1="7,118,68,46,113,2,61,133,92,91,39,100,53" hai2="1,58,93,83,33,19,126,79,42,5,34,10,74" hai3="111,37,38,48,22,30,131,20,112,52,76,16,105"/><W43/><G105/><T117/><D117/><U55/><E133/><V129/><F129/><W107/><G112/><T75/><D35/><U78/><E78/><V84/><F126/><N who="0" m="48746" /><D110/><U54/><E100/><V0/><F1/><W45/><G131/><T90/><D51/><U27/><E27/><V28/><F28/><W57/><G107/><N who="0" m="63911" /><D60/><U80/><E80/><V36/><F19/><W73/><G111/><T81/><D67/><U32/><E91/><N who="2" m="53479" /><F58/><W109/><G109/><T132/><D130/><U121/><E92/><V135/><F135/><N who="0" m="51754" /><D75/><U56/><E32/><V11/><F11/><W123/><G123/><T3/><D3/><U120/><E113/><V29/><F29/><W104/><G104/><T127/><N who="0" m="48754" /><T72/><DORA hai="9" /><D72/><U17/><E17/><V26/><F26/><W49/><G73/><T63/><D63/><U24/><E24/><V40/><F42/><W85/><G30/><T87/><AGARI ba="0,0" hai="81,82,87,90,95" m="51754,63911,48754" machi="87" ten="50,8000,1" yaku="18,1,20,1,34,2,52,1" doraHai="97,9" who="0" fromWho="0" sc="172,80,292,-20,335,-20,201,-40" /><INIT seed="4,0,0,0,4,14" ten="252,272,315,161" oya="0" hai0="19,40,46,76,127,55,117,0,78,126,31,110,99" hai1="1,116,113,27,42,9,94,134,101,5,122,39,4" hai2="16,72,70,77,67,51,107,60,104,97,114,120,119" hai3="13,7,66,133,73,135,50,3,84,47,37,56,80"/><T61/><D117/><U86/><E134/><N who="3" m="51210" /><G73/><T123/><D123/><U130/><E130/><V35/><F120/><W18/><G3/><T22/><D0/><U132/><E132/><V30/><F51/><W129/><G7/><T24/><D99/><U100/><E113/><V91/><F114/><W26/><G129/><T8/><D110/><U21/><E122/><V71/><F71/><W49/><G26/><N who="0" m="14687" /><D61/><U45/><E116/><V17/><F119/><W44/><G37/><N who="0" m="21775" /><D55/><U69/><E69/><V52/><F52/><N who="3" m="31759" /><G66/><T118/><D8/><U33/><E33/><V64/><F35/><W20/><G50/><T112/><D112/><U74/><E74/><V59/><F72/><W34/><G34/><N who="0" m="20839" /><D118/><U82/><E94/><V95/><F95/><W62/><G62/><T98/><D98/><U105/><E105/><V81/><F107/><W109/><G109/><T111/><D111/><U121/><E121/><V43/><F104/><W128/><G128/><T93/><D93/><U89/><REACH who="1" step="1"/><E5/><REACH who="1" ten="252,262,315,161" step="2"/><V106/><F106/><W85/><G85/><T83/><D83/><U68/><E68/><V58/><F70/><W23/><G23/><T88/><D126/><U87/><E87/><V10/><F97/><W124/><G124/><T65/><D127/><U12/><E12/><V92/><F92/><W53/><G53/><T41/><D41/><U75/><E75/><V28/><F43/><W25/><G13/><T38/><D65/><U131/><E131/><V90/><F67/><W29/><G29/><AGARI ba="0,1" hai="1,4,9,21,27,29,39,42,45,82,86,89,100,101" machi="29" ten="30,3900,0" yaku="1,1,7,1,53,1" doraHai="14" doraHaiUra="2" who="1" fromWho="3" sc="252,0,262,49,315,0,161,-39" /><INIT seed="5,0,0,2,1,28" ten="252,311,315,122" oya="1" hai0="124,86,127,133,104,46,62,51,95,110,24,17,91" hai1="40,103,132,123,1,102,98,49,3,78,106,33,7" hai2="42,105,8,88,13,114,20,121,73,16,30,79,67" hai3="81,83,39,41,117,76,82,29,99,26,57,56,43"/><U52/><E132/><V32/><F105/><W90/><G39/><T21/><D110/><U65/><E65/><V109/><F121/><W101/><G117/><T38/><D104/><U12/><E40/><V64/><F109/><W115/><G115/><T130/><D38/><U9/><E78/><V61/><F114/><W85/><G76/><T55/><D130/><U54/><E54/><V6/><F42/><W36/><G36/><T59/><REACH who="0" step="1"/><D133/><REACH who="0" ten="242,311,315,122" step="2"/><U45/><E123/><V116/><F116/><W31/><G43/><AGARI ba="0,1" hai="17,21,24,43,46,51,55,59,62,86,91,95,124,127" machi="43" ten="40,2600,0" yaku="1,1,2,1,53,0" doraHai="28" doraHaiUra="2" who="0" fromWho="3" sc="242,36,311,0,315,0,122,-26" /><INIT seed="6,0,0,3,5,99" ten="278,311,315,96" oya="2" hai0="78,95,53,38,80,46,71,107,76,110,61,113,17" hai1="69,66,102,92,116,72,44,23,104,87,3,79,27" hai2="11,33,41,59,16,77,34,128,43,4,48,73,126" hai3="101,67,94,118,13,37,115,90,6,120,57,31,135"/><V50/><F73/><W117/><G37/><T60/><D110/><U56/><E69/><V105/><F105/><W98/><G120/><T93/><D107/><U109/><E3/><V121/><F121/><W112/><G31/><T2/><D2/><U1/><E1/><V42/><F77/><W8/><G57/><T97/><D95/><U108/><E44/><V96/><F128/><W39/><G39/><T114/><D71/><U26/><E26/><V88/><F126/><W106/><G67/><T52/><D78/><U64/><E72/><V63/><F4/><W122/><G122/><T7/><D7/><U25/><E25/><V103/><F34/><W129/><G129/><T12/><D46/><U75/><E66/><V68/><F33/><W82/><G135/><T24/><D24/><U124/><E124/><V70/><F70/><W133/><G133/><T51/><D38/><U49/><E75/><V84/><F68/><W35/><G35/><T15/><D15/><U125/><E104/><V32/><F32/><W81/><G6/><T47/><D53/><U45/><E116/><N who="3" m="44650" /><G8/><N who="0" m="6279" /><D76/><U127/><E127/><V65/><F11/><W131/><G13/><T134/><D80/><N who="3" m="30825" /><G131/><T123/><D123/><U5/><E5/><V28/><F28/><W18/><G18/><T55/><D55/><N who="1" m="30127" /><E79/><V86/><F16/><W62/><G62/><N who="0" m="24171" /><D134/><U10/><E125/><V14/><F14/><W100/><G106/><T74/><D74/><U20/><E10/><V19/><F19/><W36/><G36/><T30/><D30/><U0/><E27/><V9/><F9/><W21/><G21/><RYUUKYOKU ba="0,0" sc="278,15,311,-15,315,-15,96,15" hai0="47,51,52,93,97,113,114" hai3="90,94,98,100,101,112,115" /><INIT seed="7,1,0,2,5,107" ten="293,296,300,111" oya="3" hai0="110,10,8,76,90,50,32,3,130,77,66,100,28" hai1="63,109,82,60,126,11,65,49,127,89,30,78,47" hai2="22,44,31,74,129,72,70,45,19,95,46,13,36" hai3="21,96,14,15,41,120,81,4,103,53,113,71,133"/><W115/><G71/><T37/><D110/><U33/><E109/><V86/><F36/><W79/><G120/><T42/><D37/><U0/><E89/><V131/><F31/><W112/><G133/><T101/><D130/><N who="2" m="49674" /><F70/><W135/><G135/><T116/><D116/><U99/><E30/><V57/><F57/><W73/><G41/><T62/><D3/><U119/><E33/><V17/><F19/><W12/><G4/><T68/><D90/><AGARI ba="1,0" hai="13,17,22,44,45,46,72,74,86,90,95" m="49674" machi="90" ten="30,3900,0" yaku="19,1,52,2" doraHai="107" who="2" fromWho="0" sc="293,-42,296,0,300,42,111,0" owari="251,-14.9,296,9.6,342,44.2,111,-38.9" /></mjloggm>