<mjloggm ver="2.3"><GO type="41" lobby="0"/><UN n0="%E2%93%9D%4C%75%63%6B%79%4A" n1="%42%73%6B%79%6C%69%6E%65" n2="%E3%82%A2%E3%82%AC%E3%83%AC%E3%83%B3%E3%82%B8%E3%83%A3%E3%83%BC" n3="%E7%99%BD%E6%88%B8%E3%82%AC%E3%83%AA%E3%82%AC%E3%83%AA" dan="16,13,14,13" rate="2141.85,1821.58,1860.46,1902.92" sx="M,M,M,M"/><TAIKYOKU oya="0"/><INIT seed="0,0,0,2,0,108" ten="250,250,250,250" oya="0" hai0="115,36,52,116,17,41,18,51,83,104,88,90,124" hai1="82,30,61,40,111,53,71,109,133,60,89,67,26" hai2="100,7,76,21,64,55,87,27,117,74,75,50,121" hai3="43,5,98,78,68,39,80,56,129,128,96,59,113"/><T69/><D116/><U106/><E133/><V46/><F117/><W77/><G68/><T123/><D104/><U0/><E0/><V94/><F121/><W65/><G5/><T120/><D69/><U134/><E134/><V118/><F118/><W72/><G78/><T31/><D31/><U37/><E106/><V103/><F7/><W47/><G65/><T38/><D41/><U49/><E82/><V127/><F127/><W24/><G24/><T35/><D35/><U93/><E93/><V20/><F64/><W101/><G113/><T54/><D83/><U135/><E135/><V4/><F4/><W132/><G132/><T131/><D51/><U34/><E89/><V9/><F9/><W107/><REACH who="3" step="1"/><G98/><REACH who="3" ten="250,250,250,240" step="2"/><T110/><D110/><N who="1" m="41995" /><E67/><V97/><F76/><W15/><G15/><T6/><D6/><U10/><E71/><V1/><F1/><W42/><G42/><T57/><D124/><U79/><E79/><V114/><F114/><W19/><G19/><T16/><D18/><U58/><E10/><V112/><F112/><W130/><AGARI ba="0,1" hai="39,43,47,56,59,72,77,80,96,101,107,128,129,130" machi="130" ten="30,4000,0" yaku="1,1,0,1,19,1,53,0" doraHai="108" doraHaiUra="28" who="3" fromWho="3" sc="250,-20,250,-10,250,-10,240,50" /><INIT seed="1,0,0,3,2,22" ten="230,240,240,290" oya="1" hai0="59,1,68,77,47,64,102,27,106,105,120,117,73" hai1="101,67,9,14,111,87,53,41,89,132,116,48,78" hai2="24,57,2,124,104,38,65,103,114,42,28,25,96" hai3="131,86,118,51,66,16,91,62,83,97,133,123,94"/><U113/><E116/><V10/><F124/><W36/><G123/><T108/><D59/><U43/><E113/><V11/><F114/><W112/><G112/><T110/><D102/><U39/><E39/><V88/><F42/><W63/><G36/><T121/><D1/><U75/><E75/><V61/><F38/><W81/><G118/><T130/><D47/><N who="1" m="27807" /><E78/><V18/><F2/><W52/><G133/><T17/><D130/><U31/><E132/><V72/><F72/><W58/><G131/><T127/><D127/><U92/><E111/><N who="0" m="42537" /><D117/><U3/><E3/><V126/><F126/><W98/><G16/><T107/><D77/><U125/><E67/><V122/><F122/><N who="0" m="47210" /><D73/><U70/><E70/><V115/><F115/><W46/><REACH who="3" step="1"/><G63/><REACH who="3" ten="230,240,240,280" step="2"/><N who="0" m="39967" /><D17/><U37/><E37/><V26/><F18/><W29/><G29/><T69/><D69/><U55/><E31/><V35/><F28/><W34/><G34/><T30/><D107/><U60/><E125/><V4/><F35/><AGARI ba="0,1" hai="27,30,35,105,106" m="39967,47210,42537" machi="35" ten="30,7700,0" yaku="14,1,13,1,23,1,52,1" doraHai="22" who="0" fromWho="2" sc="230,87,240,0,240,-77,280,0" /><INIT seed="2,0,0,2,2,36" ten="317,240,163,280" oya="2" hai0="132,135,19,95,11,98,106,34,43,101,119,84,65" hai1="74,2,56,35,51,27,77,32,115,15,25,37,31" hai2="133,128,114,13,49,103,7,6,24,57,10,85,5" hai3="79,12,104,63,28,39,59,123,70,22,90,96,1"/><V109/><F114/><W52/><G123/><T107/><D34/><U105/><E115/><V91/><F133/><N who="0" m="51274" /><D65/><U48/><E2/><V97/><F128/><W42/><G1/><T81/><D19/><U72/><E37/><V122/><F122/><W61/><G79/><N who="0" m="46143" /><D11/><U14/><E105/><N who="0" m="39945" /><D43/><U53/><E77/><V8/><F24/><W21/><G70/><T9/><D9/><U78/><E78/><V131/><F131/><W71/><G104/><T87/><D87/><U58/><E53/><V46/><F57/><W40/><G71/><T44/><D44/><U66/><E66/><V111/><F13/><W89/><G96/><T110/><D110/><N who="2" m="41994" /><F97/><W130/><G130/><T0/><D0/><U94/><E31/><V50/><F50/><N who="3" m="31127" /><G39/><T113/><D113/><U129/><E129/><V17/><F17/><N who="3" m="10407" /><G63/><T83/><D119/><U88/><E32/><V102/><F10/><W23/><G61/><T20/><D20/><N who="3" m="7721" /><G28/><T121/><D121/><U99/><E35/><V76/><F8/><W18/><G18/><T38/><D38/><U116/><E116/><V124/><F76/><W41/><AGARI ba="0,0" hai="40,41,42,89,90" m="7721,10407,31127" machi="41" ten="30,8000,1" yaku="8,1,52,3,54,1" doraHai="36" who="3" fromWho="3" sc="317,-20,240,-20,163,-40,280,80" /><INIT seed="3,0,0,2,5,29" ten="297,220,123,360" oya="3" hai0="37,70,44,130,114,133,8,111,72,38,7,34,17" hai1="31,92,119,89,135,132,1,125,123,74,11,98,85" hai2="61,14,80,53,86,83,63,118,120,43,96,77,131" hai3="45,0,112,42,84,75,20,82,40,62,127,54,106"/><W105/><G112/><T35/><D114/><U47/><E123/><V2/><F2/><W87/><G0/><N who="0" m="103" /><D17/><U129/><E74/><V94/><F118/><W124/><G75/><T33/><D111/><U55/><E119/><V26/><F120/><W95/><G95/><T52/><D52/><U21/><E1/><V110/><F110/><W100/><G20/><T115/><D115/><U134/><E11/><V49/><F131/><W13/><G13/><T65/><D44/><U4/><E4/><V48/><F26/><W27/><G27/><T5/><D5/><U23/><E129/><V71/><F71/><W9/><G9/><T76/><D133/><U60/><E31/><V78/><F14/><W51/><G100/><T73/><D130/><U24/><E24/><V99/><F43/><N who="3" m="16427" /><G62/><N who="0" m="40247" /><D73/><U103/><E60/><V109/><F109/><W19/><G19/><T58/><D58/><U50/><REACH who="1" step="1"/><E125/><REACH who="1" ten="297,210,123,360" step="2"/><N who="3" m="48202" /><G87/><T116/><D116/><U91/><E91/><AGARI ba="0,1" hai="45,51,54,82,84,91,105,106" m="48202,16427" machi="91" ten="30,1500,0" yaku="18,1" doraHai="29" who="3" fromWho="1" sc="297,0,210,-15,123,0,360,25" /><INIT seed="3,1,0,2,1,79" ten="297,195,123,385" oya="3" hai0="122,78,50,95,66,89,26,44,123,87,132,31,58" hai1="133,127,15,102,70,83,20,11,52,61,116,134,77" hai2="33,69,90,9,75,110,55,4,62,63,60,49,65" hai3="16,128,73,3,68,6,22,19,105,35,57,59,130"/><W5/><G68/><T17/><D132/><N who="1" m="50795" /><E116/><V112/><F112/><W80/><G105/><T13/><D78/><U92/><E20/><V76/><F33/><W1/><G59/><T117/><D117/><U23/><E23/><V7/><F110/><W38/><G57/><T30/><D123/><U28/><E28/><V37/><F37/><W129/><G38/><T46/><D122/><U29/><E29/><N who="0" m="10761" /><D26/><U124/><E70/><V14/><F4/><N who="3" m="1643" /><G80/><T109/><D109/><U8/><E15/><V47/><REACH who="2" step="1"/><F90/><REACH who="2" ten="297,195,113,385" step="2"/><W54/><G73/><T12/><D89/><U108/><E108/><V82/><AGARI ba="1,1" hai="7,9,14,47,49,55,60,62,63,65,69,75,76,82" machi="82" ten="30,7900,0" yaku="1,1,2,1,0,1,52,1,53,0" doraHai="79" doraHaiUra="34" who="2" fromWho="2" sc="297,-21,195,-21,113,92,385,-40" /><INIT seed="4,0,0,3,4,106" ten="276,174,205,345" oya="0" hai0="112,27,134,133,104,33,107,16,87,15,71,119,43" hai1="70,93,40,129,54,13,12,31,28,114,118,120,96" hai2="24,111,103,132,59,42,7,11,102,9,88,62,128" hai3="117,81,84,26,79,34,78,36,90,115,121,127,74"/><T4/><D71/><U89/><E118/><V108/><F132/><N who="0" m="50794" /><D119/><U64/><E120/><V57/><F128/><W97/><G36/><T75/><D43/><U67/><E129/><V65/><F42/><W50/><G117/><T113/><D87/><U60/><E40/><V18/><F59/><W123/><G34/><T68/><D68/><U110/><E110/><V61/><F61/><W91/><G50/><T99/><D4/><U0/><E0/><V44/><F44/><W130/><G26/><T41/><D75/><U49/><E67/><V30/><F111/><W69/><G69/><T63/><D63/><U17/><E114/><N who="0" m="44137" /><D99/><U56/><REACH who="1" step="1"/><E13/><REACH who="1" ten="276,164,205,345" step="2"/><V38/><F108/><W72/><G130/><T83/><D41/><U126/><E126/><V47/><F38/><W45/><G115/><T124/><D124/><U82/><E82/><V20/><F65/><W109/><G127/><T21/><D83/><U51/><E51/><V73/><F7/><W76/><G109/><T48/><D48/><U80/><E80/><V29/><F24/><W131/><G131/><T2/><D2/><U66/><E66/><V55/><F55/><W77/><N who="3" m="19456" /><DORA hai="58" /><W6/><G6/><T25/><D27/><U92/><E92/><V122/><F122/><N who="3" m="46603" /><G45/><T46/><D46/><U19/><E19/><V116/><F47/><W86/><G97/><T100/><D25/><U98/><E98/><V22/><F116/><W125/><G125/><T39/><D39/><U53/><E53/><V105/><F105/><N who="0" m="40522" /><D33/><U8/><AGARI ba="0,1" hai="8,12,17,28,31,49,54,56,60,64,70,89,93,96" machi="8" ten="20,12000,2" yaku="1,1,0,1,7,1,52,1,53,2" doraHai="106,58" doraHaiUra="95,52" who="1" fromWho="1" sc="276,-60,164,130,205,-30,345,-30" /><INIT seed="5,0,0,5,2,56" ten="216,294,175,315" oya="1" hai0="31,57,58,102,76,24,111,17,42,6,108,35,29" hai1="93,26,0,50,25,59,115,49,80,84,100,126,36" hai2="33,131,37,70,12,91,90,104,11,86,52,105,55" hai3="32,38,96,53,112,114,74,75,124,39,99,45,89"/><U92/><E36/><N who="3" m="13866" /><G89/><T15/><D42/><U68/><E68/><V95/><F37/><W133/><G32/><T97/><D76/><N who="1" m="46087" /><E0/><V4/><F33/><W82/><G82/><T135/><D135/><U51/><E115/><N who="3" m="44074" /><G53/><T103/><D103/><U87/><E126/><V34/><F34/><W2/><G2/><T41/><D41/><U83/><E100/><V22/><F70/><W107/><G45/><T7/><D111/><U48/><N who="1" m="12288" /><DORA hai="64" /><U113/><E59/><V132/><F132/><W101/><G133/><T65/><D108/><U23/><E113/><V3/><F131/><W98/><G124/><T120/><D58/><U123/><E123/><V47/><F47/><W61/><G61/><T128/><D120/><U78/><E25/><V1/><F1/><W66/><G66/><T69/><D57/><U81/><E81/><V110/><F110/><W8/><G8/><T79/><D79/><U28/><AGARI ba="0,0" hai="23,26,28,78,83,87,92,93" m="12288,46087" machi="28" ten="40,2100,0" yaku="8,1" doraHai="56,64" who="1" fromWho="1" sc="216,-7,294,21,175,-7,315,-7" /><INIT seed="5,1,0,3,0,128" ten="209,315,168,308" oya="1" hai0="133,56,105,18,113,47,10,80,125,58,3,33,48" hai1="20,119,14,108,127,55,123,106,87,51,16,39,78" hai2="69,57,59,93,32,7,6,79,103,49,15,114,90" hai3="36,129,66,37,121,25,118,60,53,82,31,126,68"/><U34/><E123/><V19/><F69/><W21/><G121/><T81/><D33/><U27/><E119/><V102/><F32/><W2/><G2/><T67/><D105/><U71/><E39/><V117/><F117/><W24/><G118/><T130/><D125/><U109/><E127/><V11/><F79/><W40/><G126/><T95/><D95/><U62/><E106/><V8/><F114/><W46/><G129/><T74/><D74/><U75/><E75/><V41/><F19/><W12/><G12/><T44/><D3/><U94/><E34/><V111/><F111/><N who="1" m="42569" /><E71/><V45/><F59/><W96/><G25/><T64/><D130/><U110/><N who="1" m="42577" /><U97/><DORA hai="77" /><E62/><V63/><F8/><W88/><G53/><T0/><D0/><U52/><E27/><V122/><F7/><W131/><G131/><T84/><D10/><U35/><E51/><V17/><F17/><W91/><G96/><T9/><D18/><U54/><E35/><V28/><F28/><W13/><G13/><T30/><D30/><U101/><E55/><V70/><F70/><W115/><G115/><T65/><D67/><U4/><E4/><V132/><F132/><W85/><G91/><T120/><D120/><U124/><E124/><V100/><F122/><W92/><G92/><T42/><D113/><U98/><E98/><N who="2" m="57655" /><F103/><W23/><G21/><T26/><D9/><U135/><E135/><V134/><F134/><W5/><G5/><T38/><D133/><U112/><E112/><V72/><F72/><W104/><G104/><T61/><D65/><AGARI ba="1,0" hai="6,11,15,41,45,49,57,63,65,100,102" m="57655" machi="65" ten="30,1000,0" yaku="8,1" doraHai="128,77" who="2" fromWho="0" sc="209,-13,315,0,168,13,308,0" /><INIT seed="6,0,0,5,1,73" ten="196,315,181,308" oya="2" hai0="82,107,13,123,49,126,90,80,62,38,63,46,101" hai1="33,19,91,93,87,22,10,125,85,25,54,117,7" hai2="112,57,106,45,26,34,92,52,21,2,37,86,79" hai3="16,64,66,95,114,53,110,72,3,61,98,14,127"/><V8/><F106/><W36/><G110/><T59/><D123/><U128/><E117/><V102/><F34/><W29/><G3/><T65/><D38/><U115/><E125/><V78/><F112/><W51/><G36/><T108/><D108/><U11/><E115/><V23/><F37/><W41/><G114/><T129/><D129/><U55/><E128/><V81/><F2/><W88/><G41/><T111/><D111/><U109/><E109/><V39/><F39/><W120/><G120/><T67/><D90/><U50/><E33/><V135/><F135/><W24/><G72/><T121/><D126/><U77/><E77/><N who="2" m="46383" /><F8/><N who="1" m="3113" /><E7/><V44/><F23/><N who="3" m="15519" /><G61/><T0/><D63/><U75/><E75/><V40/><F40/><W30/><G30/><T113/><D121/><U130/><E130/><V74/><F74/><W131/><G131/><T70/><D113/><U4/><E4/><V94/><F94/><W100/><G100/><T12/><D101/><U15/><E15/><V68/><F68/><W47/><G127/><T99/><D70/><U122/><E122/><V84/><F84/><N who="1" m="32329" /><E50/><N who="2" m="30871" /><F102/><W104/><G104/><T42/><D107/><U96/><AGARI ba="0,0" hai="19,22,25,54,55,91,93,96" m="32329,3113" machi="96" ten="30,1100,0" yaku="8,1" doraHai="73" who="1" fromWho="1" sc="196,-3,315,11,181,-5,308,-3" /><INIT seed="7,0,0,1,2,118" ten="193,326,176,305" oya="3" hai0="105,82,15,38,102,72,92,18,58,29,103,117,131" hai1="19,130,86,27,95,63,32,50,127,111,76,75,6" hai2="43,132,54,22,70,100,129,74,0,94,101,13,37" hai3="31,116,20,110,14,34,25,35,4,45,109,93,26"/><W33/><G116/><T59/><D38/><U69/><E111/><N who="3" m="42506" /><G45/><T124/><D29/><N who="1" m="19519" /><E19/><V11/><F74/><W133/><G93/><T30/><D30/><U51/><E6/><V21/><F70/><W88/><G88/><T64/><D92/><U7/><E7/><V126/><F0/><W17/><G133/><T3/><D59/><U79/><E95/><V28/><F132/><W5/><G4/><T128/><D58/><U23/><E23/><V84/><F129/><W36/><G36/><T134/><D117/><U65/><E130/><V67/><F126/><W85/><G85/><T104/><D124/><U97/><E86/><V122/><F122/><W42/><G42/><T8/><D134/><U99/><E79/><V47/><F67/><W119/><G119/><T80/><D64/><U55/><E127/><V12/><F22/><W61/><G61/><T52/><D131/><U113/><E51/><V91/><F54/><W81/><G81/><T78/><D82/><N who="1" m="45343" /><E50/><V53/><F53/><W114/><G114/><T108/><D108/><U60/><E113/><V123/><F123/><W46/><G46/><T2/><D128/><U44/><E44/><V112/><F112/><W40/><G40/><T39/><D39/><U24/><E24/><N who="2" m="16399" /><F13/><W56/><G56/><T83/><D52/><U87/><E87/><V120/><F120/><W62/><G62/><T135/><D135/><U68/><E68/><V90/><F90/><W107/><G107/><N who="0" m="41035" /><D83/><U41/><E41/><V71/><F71/><W49/><G49/><T1/><D72/><U16/><E16/><N who="2" m="8223" /><F37/><W89/><G89/><RYUUKYOKU ba="0,0" sc="193,0,326,0,176,0,305,0" hai0="1,2,3,8,15,18,78,80,102,103" hai1="55,60,63,65,69,97,99" hai2="43,47,84,91,94,100,101" hai3="5,14,17,20,25,26,31,33,34,35" /><INIT seed="7,1,0,1,3,62" ten="193,326,176,305" oya="3" hai0="90,52,66,19,74,47,101,0,76,84,99,58,108" hai1="64,27,123,29,63,9,1,77,92,78,132,95,100" hai2="127,17,85,14,133,65,80,111,125,102,45,10,89" hai3="75,114,4,16,122,13,8,31,68,117,103,86,91"/><W106/><G117/><T83/><D0/><U107/><E123/><V35/><F111/><W53/><G122/><T135/><D108/><U88/><E132/><V104/><F35/><W49/><G75/><T37/><D135/><U112/><E1/><V67/><F133/><W81/><G68/><T110/><D110/><U34/><E9/><V134/><F134/><W5/><G31/><T40/><D19/><U20/><E112/><V2/><F2/><W30/><G30/><T72/><D66/><N who="2" m="25098" /><F45/><W71/><G71/><T25/><D25/><U79/><E34/><V129/><F129/><W59/><REACH who="3" step="1"/><G114/><REACH who="3" ten="193,326,176,295" step="2"/><T96/><D74/><U46/><E107/><V61/><F104/><W51/><G51/><T69/><D69/><U118/><E118/><V48/><F48/><W93/><G93/><T121/><D121/><U28/><E28/><V26/><F61/><W42/><G42/><T36/><D40/><U57/><E46/><V43/><F43/><W11/><G11/><T6/><D47/><U3/><E3/><V116/><F116/><W55/><G55/><T73/><D52/><U44/><E44/><V15/><F26/><W98/><AGARI ba="1,1" hai="4,5,8,13,16,49,53,59,81,86,91,98,103,106" machi="98" ten="30,11700,0" yaku="1,1,0,1,54,1,53,1" doraHai="62" doraHaiUra="97" who="3" fromWho="3" sc="193,-40,326,-40,176,-40,295,130" owari="153,-24.7,286,8.6,136,-36.4,425,52.5" /></mjloggm>