<mjloggm ver="2.3"><GO type="41" lobby="0"/><UN n0="%E2%93%9D%4C%75%63%6B%79%4A" n1="%72%79%6F%61%40" n2="%73%65%65%73%65%65%6E%64" n3="%33%6E%73%73%45%72%64%41" dan="17,15,14,15" rate="2135.81,1961.38,2040.55,1952.53" sx="M,M,F,M"/><TAIKYOKU oya="0"/><INIT seed="0,0,0,4,4,113" ten="250,250,250,250" oya="0" hai0="27,10,2,89,49,70,67,37,26,86,41,59,135" hai1="87,25,11,7,24,68,73,111,127,101,53,88,114" hai2="13,100,64,85,15,91,30,44,122,74,120,47,22" hai3="90,117,28,126,131,123,75,82,5,112,42,133,61"/><T38/><D135/><U99/><E111/><V130/><F74/><W46/><G112/><T23/><D70/><U119/><E114/><V54/><F130/><W110/><G110/><T63/><D27/><U108/><E73/><V52/><F100/><W34/><G90/><T121/><D121/><U102/><E68/><V104/><F104/><W16/><G16/><T128/><D128/><U118/><E108/><V3/><F3/><W50/><G61/><T93/><D2/><U8/><E53/><N who="2" m="20587" /><F64/><W56/><G56/><T78/><D10/><U40/><E40/><V29/><F120/><W21/><G34/><T77/><D38/><U60/><E60/><V18/><F15/><W66/><G66/><T31/><REACH who="0" step="1"/><D37/><REACH who="0" ten="240,250,250,250" step="2"/><U32/><E24/><V132/><F132/><W17/><G133/><T69/><D69/><U76/><E25/><V19/><F122/><W92/><G123/><T97/><D97/><U14/><E99/><V125/><F125/><W6/><G126/><T134/><D134/><U103/><E127/><V79/><F30/><W81/><G28/><T62/><D62/><U129/><E129/><V51/><F29/><W109/><G131/><T57/><D57/><U80/><E11/><V72/><F51/><W12/><G109/><T116/><D116/><U48/><E48/><V0/><F0/><W58/><G117/><T55/><D55/><U35/><E119/><V98/><F98/><W124/><G124/><T106/><D106/><U43/><E118/><V105/><F105/><W33/><G50/><T95/><D95/><N who="1" m="54687" /><E43/><V4/><F13/><W96/><G12/><RYUUKYOKU ba="0,1" sc="240,15,250,15,250,-15,250,-15" hai0="23,26,31,41,49,59,63,67,77,78,86,89,93" hai1="7,8,14,32,35,76,80,101,102,103" /><INIT seed="0,1,1,3,1,71" ten="255,265,235,235" oya="0" hai0="44,84,135,81,133,4,8,111,1,110,22,69,91" hai1="19,39,103,59,46,114,127,16,130,92,90,52,31" hai2="96,0,20,67,9,51,123,10,101,105,116,57,117" hai3="41,94,43,58,62,5,112,36,65,53,85,132,14"/><T88/><D69/><U33/><E103/><V23/><F123/><W26/><G112/><T113/><D113/><U121/><E121/><V35/><F35/><W98/><G132/><N who="0" m="50763" /><D22/><N who="2" m="8234" /><F0/><W68/><G26/><T129/><D129/><U29/><E114/><V97/><F97/><W104/><G104/><T108/><D44/><U75/><E75/><V106/><F106/><W118/><G118/><N who="2" m="45673" /><F51/><W89/><G5/><T45/><D45/><U13/><E130/><V60/><AGARI ba="1,1" hai="9,10,57,60,67,96,101,105" m="45673,8234" machi="60" ten="30,1100,0" yaku="12,1" doraHai="71" who="2" fromWho="2" sc="255,-6,265,-4,235,24,235,-4" /><INIT seed="1,0,0,1,3,17" ten="249,261,259,231" oya="1" hai0="72,71,88,44,61,135,73,113,74,116,98,0,58" hai1="55,63,35,9,108,36,15,83,8,12,92,60,27" hai2="90,95,66,132,20,31,46,69,109,62,5,18,29" hai3="76,106,54,85,47,30,105,127,126,53,64,112,38"/><U91/><E36/><V134/><F5/><W84/><G64/><T37/><D113/><U39/><E39/><V119/><F119/><W43/><G112/><T22/><D116/><U68/><E68/><V125/><F109/><W26/><G54/><T13/><D0/><U117/><E117/><V122/><F125/><N who="3" m="47627" /><G53/><T48/><D135/><N who="2" m="51754" /><F46/><W124/><N who="3" m="47635" /><W28/><DORA hai="77" /><G28/><T87/><D98/><U2/><E2/><V89/><F122/><W100/><G100/><T114/><D71/><U6/><E35/><V111/><F111/><W42/><G42/><T19/><D37/><U96/><E108/><V131/><F131/><W101/><G101/><T51/><D44/><U45/><E27/><N who="2" m="14743" /><F90/><W93/><G93/><T129/><D129/><U104/><E104/><N who="3" m="40042" /><G76/><T25/><D114/><U110/><E110/><V23/><F23/><AGARI ba="0,0" hai="23,26,30,38,43,47,84,85" m="40042,47635" machi="23" ten="40,2600,0" yaku="18,1,52,1" doraHai="17,77" who="3" fromWho="2" sc="249,0,261,0,259,-26,231,26" /><INIT seed="2,0,0,3,1,12" ten="249,261,233,257" oya="2" hai0="44,117,32,31,2,95,53,104,112,42,119,69,28" hai1="41,128,122,21,50,76,73,5,19,89,37,60,81" hai2="24,13,134,111,100,34,107,74,39,62,72,79,52" hai3="10,17,127,133,124,6,91,126,123,51,16,66,83"/><V125/><F39/><W45/><G123/><T22/><D104/><U132/><E128/><V94/><F107/><W118/><G118/><N who="0" m="45067" /><D69/><U135/><E37/><V80/><F134/><W110/><G110/><T129/><D53/><U1/><E122/><V108/><F125/><W46/><G66/><T82/><D2/><U9/><E60/><V58/><F74/><W113/><G113/><T49/><D32/><U3/><E3/><V8/><F100/><W98/><G133/><T63/><D63/><U68/><E68/><V43/><F94/><N who="3" m="56671" /><G83/><T20/><D112/><U120/><E120/><V77/><F43/><N who="3" m="25023" /><G46/><T97/><D82/><U103/><E41/><V96/><F96/><W59/><G59/><T85/><D85/><U115/><E115/><V90/><F90/><W102/><G102/><N who="0" m="60735" /><D129/><U18/><E103/><V92/><F92/><W130/><G130/><T40/><D42/><U78/><E78/><V27/><F77/><W11/><G11/><T106/><D106/><U56/><E9/><V65/><F65/><W7/><G7/><T54/><D40/><U4/><E81/><V84/><F72/><W48/><G48/><T26/><D49/><U64/><E50/><V114/><F114/><W36/><G36/><T99/><D44/><U29/><E73/><V93/><F93/><W15/><AGARI ba="0,0" hai="6,10,15,16,17,124,126,127" m="25023,56671" machi="15" ten="30,7900,0" yaku="18,1,52,2,54,1" doraHai="12" who="3" fromWho="3" sc="249,-20,261,-20,233,-39,257,79" /><INIT seed="3,0,0,5,0,58" ten="229,241,194,336" oya="3" hai0="127,102,12,134,59,43,1,85,86,93,84,63,65" hai1="13,118,56,128,15,104,92,72,30,116,131,108,51" hai2="73,45,101,8,99,40,91,33,111,24,107,34,87" hai3="122,76,70,120,9,3,26,119,17,52,46,98,83"/><W94/><G119/><N who="1" m="45610" /><E104/><V23/><F73/><W18/><G70/><T114/><D1/><U21/><E72/><V135/><F111/><W117/><G117/><T106/><D134/><U77/><E77/><V96/><F96/><W37/><G18/><T20/><D127/><U69/><E69/><V35/><F8/><W25/><G25/><T68/><D114/><U89/><E108/><V66/><F66/><W16/><G17/><N who="0" m="10279" /><D106/><U31/><E51/><V11/><F11/><W2/><G2/><T133/><D133/><U112/><E56/><V49/><F135/><W61/><G37/><T44/><D68/><U130/><E112/><V113/><F113/><W7/><G26/><T80/><D43/><U129/><E129/><V82/><REACH who="2" step="1"/><F35/><REACH who="2" ten="229,241,184,336" step="2"/><W50/><G9/><T48/><D86/><N who="1" m="52279" /><E21/><V109/><F109/><W90/><G98/><N who="0" m="59727" /><D85/><U115/><E115/><V22/><F22/><W67/><G67/><T47/><D48/><U42/><E130/><V110/><F110/><W57/><G50/><T29/><D29/><AGARI ba="0,1" hai="23,24,29,33,34,40,45,49,82,87,91,99,101,107" machi="29" ten="30,2000,0" yaku="1,1,7,1,53,0" doraHai="58" doraHaiUra="125" who="2" fromWho="0" sc="229,-20,241,0,184,30,336,0" /><INIT seed="4,0,0,5,3,75" ten="209,241,214,336" oya="0" hai0="48,60,58,3,1,101,117,22,130,100,104,61,85" hai1="73,59,50,47,36,102,53,86,49,14,31,57,116" hai2="21,99,115,43,135,82,39,96,64,71,108,129,68" hai3="8,40,88,32,15,9,125,105,54,34,132,77,38"/><T62/><D117/><U0/><E73/><V13/><F108/><W42/><G132/><T12/><D104/><U84/><E0/><V46/><F135/><W19/><G125/><T69/><D69/><U24/><E36/><V79/><F115/><W17/><G105/><T113/><D113/><U126/><E116/><V134/><F129/><W89/><G54/><T83/><D3/><U16/><E102/><N who="0" m="39529" /><D1/><U37/><E37/><V133/><F133/><W94/><G38/><T76/><D130/><U4/><E4/><V65/><F134/><W95/><G15/><T111/><D111/><U67/><E67/><V114/><F114/><W106/><REACH who="3" step="1"/><G106/><REACH who="3" ten="209,241,214,326" step="2"/><T128/><D128/><U74/><E126/><V80/><F13/><W27/><G27/><T7/><D48/><U6/><E50/><V121/><F39/><W33/><G33/><T92/><D92/><U30/><E49/><V98/><F65/><W112/><G112/><T120/><D120/><U20/><E24/><V103/><F121/><W66/><G66/><N who="0" m="39255" /><D22/><U78/><E20/><V2/><F21/><W41/><G41/><T124/><D124/><U81/><E53/><V45/><F2/><W63/><G63/><T122/><D122/><U44/><E44/><V119/><F119/><W127/><G127/><T11/><AGARI ba="0,1" hai="7,11,12,60,61,76,83,85" m="39255,39529" machi="11" ten="30,3000,0" yaku="8,1,52,1" doraHai="75" who="0" fromWho="0" sc="209,40,241,-10,214,-10,326,-10" /><INIT seed="4,1,0,0,3,19" ten="249,231,204,316" oya="0" hai0="56,90,1,87,96,118,124,26,39,120,105,3,45" hai1="97,27,28,88,37,7,23,57,42,116,0,78,9" hai2="70,89,86,115,61,35,131,64,99,126,58,43,102" hai3="108,11,82,85,30,95,92,80,21,130,50,15,72"/><T98/><D120/><U24/><E116/><V128/><F35/><W93/><G108/><T134/><D118/><U12/><E78/><V113/><F43/><W79/><G130/><N who="2" m="49705" /><F70/><W54/><G30/><T29/><D124/><U123/><E123/><V68/><F68/><W34/><G34/><T36/><D134/><U104/><E57/><V63/><F63/><W135/><G135/><T5/><D5/><U111/><E111/><V117/><F117/><W112/><G112/><N who="2" m="43081" /><F126/><W74/><G21/><T84/><D56/><U69/><E69/><V122/><F122/><W81/><G74/><T51/><D39/><U125/><E42/><V32/><F32/><W60/><G72/><T44/><D36/><U66/><E37/><V20/><F86/><W53/><G60/><T41/><D87/><U52/><E125/><V6/><F6/><N who="3" m="3575" /><G54/><T31/><D84/><U33/><E52/><V71/><F71/><W127/><G127/><T65/><D41/><U91/><E66/><V114/><F114/><W22/><G22/><T121/><D121/><U62/><E62/><V4/><F4/><W17/><G17/><T129/><D129/><U107/><E7/><V49/><F49/><W101/><G53/><T59/><D51/><U110/><E33/><V83/><F20/><W25/><G50/><T76/><D31/><U2/><E28/><V38/><F38/><W40/><G40/><T133/><D29/><U100/><E23/><V109/><F109/><W94/><G25/><T13/><D26/><U103/><E24/><V10/><F10/><W47/><G47/><T67/><D45/><RYUUKYOKU ba="1,0" sc="249,-10,231,-10,204,-10,316,30" hai3="79,80,81,82,85,92,93,94,95,101" /><INIT seed="5,2,0,5,0,101" ten="239,221,194,346" oya="1" hai0="118,120,79,34,133,88,93,82,47,135,21,128,85" hai1="117,106,84,95,39,13,16,72,111,71,26,62,116" hai2="4,1,90,83,77,17,129,9,6,25,60,29,113" hai3="76,31,5,122,36,20,119,109,49,78,2,91,24"/><U126/><E72/><V131/><F90/><W33/><G109/><T121/><D34/><U67/><E39/><V55/><F55/><W134/><G122/><N who="0" m="47211" /><D21/><U11/><E126/><V63/><F6/><W97/><G134/><N who="0" m="51211" /><D47/><U8/><E111/><V114/><F17/><W51/><G119/><T124/><D124/><U103/><E26/><V110/><F110/><W27/><G78/><T37/><D37/><U81/><E95/><V14/><F14/><W42/><G76/><T80/><D128/><N who="2" m="49226" /><F83/><N who="0" m="31786" /><D79/><U46/><E8/><V53/><F77/><W30/><G5/><T43/><D43/><U22/><E11/><V66/><F53/><W100/><G2/><T12/><D12/><U130/><E130/><V54/><F54/><W45/><G36/><T99/><D118/><U75/><E46/><V52/><F52/><W35/><G20/><T70/><D70/><U41/><E71/><N who="2" m="42439" /><F63/><W32/><G42/><T98/><AGARI ba="2,0" hai="85,88,93,98,99" m="31786,51211,47211" machi="98" ten="40,8000,1" yaku="13,1,20,1,34,2,54,1" doraHai="101" who="0" fromWho="0" sc="239,86,221,-42,194,-22,346,-22" /><INIT seed="6,0,0,1,1,71" ten="325,179,172,324" oya="2" hai0="38,33,107,109,121,103,12,60,10,69,34,114,23" hai1="72,100,91,16,20,32,117,30,48,37,84,4,46" hai2="40,93,15,89,65,64,3,63,47,49,129,29,135" hai3="76,25,19,26,113,27,127,7,57,105,35,99,61"/><V55/><F3/><W2/><G76/><T119/><D121/><U5/><E117/><V118/><F118/><W14/><G127/><T53/><D119/><U44/><E72/><V41/><F129/><W0/><G113/><T17/><D109/><U108/><E100/><V62/><F29/><W83/><G83/><T43/><D114/><U104/><E104/><V96/><F135/><W81/><G81/><T39/><D43/><U132/><E132/><V50/><F15/><W28/><G99/><T77/><D77/><U68/><E68/><V52/><F63/><W131/><G105/><T97/><D23/><U73/><E73/><V85/><F96/><W87/><G87/><T18/><D18/><U70/><E70/><V9/><F9/><N who="3" m="2279" /><G57/><T98/><D98/><U128/><E128/><V90/><F90/><W6/><G61/><T112/><D112/><U120/><E120/><V42/><REACH who="2" step="1"/><F62/><REACH who="2" ten="325,179,162,324" step="2"/><W21/><G131/><T101/><D103/><U124/><E91/><V13/><F13/><W111/><G111/><T79/><D69/><U11/><E108/><V45/><AGARI ba="0,1" hai="40,41,42,45,47,49,50,52,55,64,65,85,89,93" machi="45" ten="30,12000,1" yaku="1,1,0,1,9,1,8,1,54,1,53,0" doraHai="71" doraHaiUra="110" who="2" fromWho="2" sc="325,-40,179,-40,162,130,324,-40" /><INIT seed="6,1,0,4,3,53" ten="285,139,292,284" oya="2" hai0="33,40,46,13,24,118,35,69,89,99,10,104,77" hai1="0,107,125,43,23,102,120,88,72,42,131,87,76" hai2="61,63,111,36,103,28,2,58,54,74,29,30,127" hai3="129,112,101,105,75,31,7,12,81,91,16,50,135"/><V60/><F74/><W116/><G116/><T121/><D121/><U86/><E131/><V113/><F2/><W83/><G129/><T57/><D69/><U18/><E125/><V9/><F36/><W124/><G124/><T22/><D77/><U82/><E0/><V109/><F127/><W11/><G135/><T8/><D10/><U21/><E87/><V70/><F113/><W41/><G31/><T37/><D118/><U123/><E21/><V64/><F103/><W106/><G101/><T134/><D134/><U47/><E47/><V97/><F97/><W79/><G112/><T93/><D104/><U95/><E123/><V85/><F9/><W49/><G49/><T17/><REACH who="0" step="1"/><D57/><REACH who="0" ten="275,139,292,284" step="2"/><U52/><E120/><V128/><F128/><W59/><G105/><T115/><D115/><U73/><E73/><V3/><F3/><W38/><G106/><T27/><D27/><U26/><REACH who="1" step="1"/><E52/><REACH who="1" ten="275,129,292,284" step="2"/><V94/><F54/><N who="3" m="32215" /><G75/><T98/><D98/><AGARI ba="1,2" hai="18,23,26,42,43,72,76,82,86,88,95,98,102,107" machi="98" ten="40,8000,1" yaku="1,1,24,2,54,1,53,0" doraHai="53" doraHaiUra="65" who="1" fromWho="0" sc="275,-83,129,103,292,0,284,0" /><INIT seed="7,0,0,2,1,90" ten="192,232,292,284" oya="3" hai0="77,66,108,71,44,121,0,102,88,111,29,120,50" hai1="28,124,38,63,59,35,33,74,92,123,3,7,91" hai2="11,83,62,131,17,130,76,79,41,122,94,135,86" hai3="115,104,37,133,31,32,72,126,70,132,82,116,52"/><W117/><RYUUKYOKU type="yao9" ba="0,0" sc="192,0,232,0,292,0,284,0" hai3="31,32,37,52,70,72,82,104,115,116,117,126,132,133" /><INIT seed="7,1,0,1,3,95" ten="192,232,292,284" oya="3" hai0="85,128,87,71,79,63,97,58,94,45,108,120,20" hai1="103,3,124,102,60,12,54,19,5,25,114,83,109" hai2="14,106,66,99,44,38,0,32,57,1,132,74,70" hai3="41,107,100,53,116,80,18,119,67,61,26,10,4"/><W46/><G53/><T88/><D71/><U96/><E109/><V48/><F74/><W92/><G92/><T112/><D120/><U21/><E3/><V118/><F32/><W52/><G80/><N who="0" m="47519" /><D128/><U33/><E33/><V129/><F118/><W8/><G100/><T123/><D123/><U49/><E114/><V115/><F115/><W77/><G77/><T9/><D108/><U82/><E60/><V91/><F129/><W55/><G107/><T13/><D45/><N who="1" m="27951" /><E124/><V23/><F106/><W28/><G116/><T35/><D35/><U16/><E5/><V90/><F44/><W125/><G125/><T93/><D20/><N who="1" m="11271" /><E103/><V113/><F23/><W39/><G119/><T64/><D112/><U51/><E51/><V17/><F48/><W34/><G18/><N who="0" m="8495" /><D94/><AGARI ba="1,0" hai="19,21,25,82,83,94,96,102" m="11271,27951" machi="94" ten="30,3900,0" yaku="8,1,52,1,54,1" doraHai="95" who="1" fromWho="0" sc="192,-42,232,42,292,0,284,0" /><INIT seed="8,0,0,3,4,53" ten="150,274,292,284" oya="0" hai0="93,62,91,106,14,66,116,92,27,67,74,84,38" hai1="104,58,18,6,50,39,43,37,134,3,82,121,135" hai2="99,63,29,46,115,55,120,87,26,70,118,13,113" hai3="25,33,129,125,81,1,89,85,31,45,95,36,49"/><T132/><D106/><U22/><E121/><V59/><F120/><W130/><G1/><T107/><D107/><U76/><E104/><V103/><F70/><W8/><G36/><T54/><D74/><U48/><E6/><V69/><F69/><W51/><G8/><T90/><D38/><U102/><E102/><V126/><F126/><W86/><G125/><T124/><D124/><U133/><E3/><V119/><F13/><W12/><G12/><T5/><D132/><U32/><E32/><N who="2" m="20535" /><F87/><W73/><G73/><T88/><D116/><N who="2" m="44586" /><F46/><W40/><REACH who="3" step="1"/><G49/><REACH who="3" ten="150,274,292,274" step="2"/><T41/><D27/><N who="1" m="14807" /><E48/><V100/><F100/><W83/><G83/><T114/><D114/><U44/><E37/><V57/><F57/><W15/><G15/><T71/><D71/><U123/><E123/><V128/><F128/><W9/><G9/><N who="0" m="4399" /><D41/><U111/><E39/><V108/><F108/><W56/><G56/><N who="0" m="35095" /><D84/><N who="1" m="48199" /><E111/><V131/><F131/><W19/><G19/><T60/><D60/><U98/><E134/><V17/><F17/><W75/><G75/><T30/><D30/><U23/><E133/><V72/><F72/><W52/><G52/><T112/><D112/><U0/><E135/><V109/><F109/><W122/><G122/><T20/><D20/><U7/><E23/><V79/><F79/><AGARI ba="0,1" hai="25,31,33,40,45,51,79,81,85,86,89,95,129,130" machi="79" ten="40,1300,0" yaku="1,1,53,0" doraHai="53" doraHaiUra="110" who="3" fromWho="2" sc="150,0,274,0,292,-13,274,23" /><INIT seed="9,0,0,1,1,71" ten="150,274,279,297" oya="1" hai0="113,79,127,12,55,65,115,87,114,74,82,80,27" hai1="59,120,13,116,72,119,6,99,45,69,102,54,17" hai2="103,0,123,122,19,83,35,60,3,31,100,53,128" hai3="126,95,7,14,107,41,84,101,104,49,57,81,10"/><U50/><E120/><V70/><F128/><W94/><G126/><T38/><D65/><U20/><E69/><V11/><F83/><W133/><G133/><T46/><D127/><U124/><E124/><V85/><F85/><W66/><G66/><T28/><D12/><U64/><E72/><V2/><F31/><W4/><G4/><T16/><D55/><U89/><E89/><V24/><F35/><W110/><G110/><T131/><D131/><U40/><E64/><V121/><F70/><W91/><G101/><T118/><D118/><U93/><REACH who="1" step="1"/><E6/><REACH who="1" ten="150,264,279,297" step="2"/><V44/><F121/><W33/><G7/><T130/><D130/><U34/><E34/><V29/><F122/><W42/><G33/><T92/><D92/><U68/><E68/><V8/><F123/><W108/><G94/><T52/><D28/><U78/><E78/><V106/><F29/><W105/><G95/><T117/><D117/><U1/><E1/><V77/><F77/><W56/><G104/><T90/><D27/><U48/><AGARI ba="0,1" hai="13,17,20,40,45,48,50,54,59,93,99,102,116,119" machi="48" ten="30,3000,0" yaku="1,1,0,1,53,0" doraHai="71" doraHaiUra="26" who="1" fromWho="1" sc="150,-10,264,40,279,-10,297,-10" owari="140,-36.0,304,40.4,269,-13.1,287,8.7" /></mjloggm>