<mjloggm ver="2.3"><GO type="41" lobby="0"/><UN n0="%6E%61%76%65%6C" n1="%E3%83%81%E3%82%AB%E3%83%A9" n2="%E2%93%9D%4C%75%63%6B%79%4A" n3="%31%33%2D%32%36" dan="15,14,18,14" rate="2095.53,1941.31,2166.34,1958.87" sx="M,M,M,M"/><TAIKYOKU oya="0"/><INIT seed="0,0,0,2,5,35" ten="250,250,250,250" oya="0" hai0="43,51,92,94,69,47,16,37,127,89,62,134,79" hai1="74,109,112,6,66,1,55,120,7,130,18,118,61" hai2="115,99,9,84,100,36,132,34,71,72,56,48,114" hai3="98,3,64,14,59,106,41,57,75,77,52,121,28"/><T30/><D134/><U33/><E18/><V93/><F71/><W123/><G41/><T0/><D30/><U107/><E7/><V5/><F72/><W11/><G28/><T96/><D127/><U53/><E55/><V13/><F36/><W81/><G64/><T42/><D79/><U27/><E66/><V22/><F34/><W31/><G31/><T85/><D0/><U58/><E27/><V40/><F132/><W90/><G59/><T83/><D92/><U95/><E58/><V101/><F101/><W131/><G131/><T105/><D105/><U25/><E6/><V63/><F84/><W111/><G111/><T4/><D4/><U15/><E53/><V8/><F9/><W67/><G67/><T39/><D43/><U103/><E15/><V20/><F115/><W2/><G121/><T108/><D108/><U82/><E61/><V125/><F125/><W80/><G123/><T124/><D124/><U50/><E25/><V46/><REACH who="2" step="1"/><F114/><REACH who="2" ten="250,250,240,250" step="2"/><W54/><G75/><T32/><D32/><U76/><E103/><V26/><F26/><W102/><G11/><T135/><D135/><U126/><E74/><V73/><F73/><W91/><G102/><N who="0" m="60695" /><D39/><U78/><E126/><V24/><F24/><W104/><G104/><T12/><D37/><U68/><E112/><V70/><F70/><W23/><G106/><T21/><D69/><U29/><E68/><V133/><F133/><W116/><G98/><T86/><D85/><U65/><E107/><V97/><F97/><W113/><G113/><T110/><D110/><U117/><E109/><V129/><F129/><RYUUKYOKU ba="0,1" sc="250,15,250,-15,240,15,250,-15" hai0="12,16,21,42,47,51,62,83,86,89" hai2="5,8,13,20,22,40,46,48,56,63,93,99,100" /><INIT seed="0,1,1,1,4,120" ten="265,235,255,235" oya="0" hai0="101,3,124,131,12,112,45,64,8,37,5,34,105" hai1="74,57,68,100,11,82,132,21,121,80,77,7,17" hai2="71,117,58,26,93,6,16,88,23,22,46,79,119" hai3="52,76,133,89,91,67,60,125,130,81,19,98,2"/><T13/><D112/><U111/><E68/><V56/><F71/><W113/><G113/><T122/><D122/><U118/><E121/><V51/><F79/><W109/><G125/><T123/><D123/><U54/><E118/><N who="2" m="45067" /><F23/><W55/><G130/><T14/><D131/><U73/><E132/><V116/><N who="2" m="45075" /><V72/><DORA hai="25" /><F72/><W50/><G133/><T42/><D124/><U94/><E111/><V103/><F103/><W63/><G2/><T59/><D34/><U40/><E40/><N who="2" m="25031" /><F6/><W128/><G128/><T27/><D27/><U4/><E11/><V41/><F41/><W96/><G19/><T83/><D83/><U85/><E74/><V102/><F102/><W30/><G30/><T38/><D38/><U110/><E110/><V129/><F129/><W92/><G109/><T31/><D101/><U15/><E100/><V18/><F18/><W24/><G24/><T48/><D105/><U75/><E75/><V53/><F53/><N who="3" m="20555" /><G50/><T87/><D37/><U90/><E82/><V1/><F1/><W69/><G69/><T47/><D42/><U115/><E115/><V84/><AGARI ba="1,1" hai="16,22,26,56,58,84,88,93" m="25031,45075" machi="84" ten="40,5200,0" yaku="12,1,54,2" doraHai="120,25" who="2" fromWho="2" sc="265,-27,235,-14,255,65,235,-14" /><INIT seed="1,0,0,3,4,98" ten="238,221,320,221" oya="1" hai0="59,66,123,54,48,130,114,75,101,118,104,33,45" hai1="82,90,71,44,19,46,38,3,135,51,76,16,52" hai2="92,86,113,22,88,106,12,115,32,63,119,26,11" hai3="74,50,65,23,29,107,30,7,134,15,105,96,28"/><U109/><E3/><V132/><F119/><W34/><G134/><T47/><D118/><U0/><E0/><V6/><F132/><W4/><G34/><T17/><D114/><U56/><E71/><V125/><F106/><W2/><G2/><T103/><D33/><U78/><E109/><V1/><F63/><W126/><G126/><T24/><D75/><U69/><E69/><V116/><F116/><W64/><G74/><T95/><D123/><U31/><E31/><V80/><F125/><W61/><G50/><T117/><D104/><U68/><E68/><V67/><F67/><W108/><G108/><T60/><D130/><U42/><E135/><V100/><F32/><W87/><G87/><T5/><D5/><U20/><E19/><V36/><F36/><W79/><G79/><T129/><D129/><U120/><E120/><V43/><F43/><W37/><G37/><T70/><D117/><U35/><E35/><V57/><F57/><W39/><G39/><T55/><D95/><U97/><E46/><V77/><F1/><W94/><G23/><N who="0" m="13423" /><D70/><U83/><E83/><V122/><F122/><W99/><G107/><T110/><D110/><U93/><E82/><V53/><F53/><N who="0" m="19978" /><D47/><U111/><E111/><V102/><F115/><W81/><G105/><T21/><D21/><U124/><E124/><V84/><F113/><W41/><G81/><T49/><D49/><U27/><AGARI ba="0,0" hai="16,20,27,38,42,44,51,52,56,76,78,90,93,97" machi="27" ten="20,7800,0" yaku="0,1,7,1,54,2" doraHai="98" who="1" fromWho="1" sc="238,-26,221,78,320,-26,221,-26" /><INIT seed="1,1,0,0,5,130" ten="212,299,294,195" oya="1" hai0="44,61,38,120,13,79,110,4,119,42,28,15,132" hai1="67,92,124,133,109,114,16,48,123,58,66,0,77" hai2="14,101,43,54,25,9,75,2,7,116,84,108,45" hai3="94,106,115,99,40,34,56,91,41,131,78,68,23"/><U88/><E114/><V39/><F116/><W90/><G115/><T65/><D119/><U37/><E123/><V27/><F108/><W71/><G131/><T33/><D110/><U100/><E37/><V26/><F101/><W81/><G34/><T17/><D79/><U21/><E77/><V122/><F122/><W20/><G106/><T60/><D120/><U112/><E0/><V6/><F54/><W111/><G111/><T135/><D4/><U83/><E109/><V127/><F127/><W97/><G56/><T64/><D28/><U103/><E83/><V52/><F75/><W53/><G53/><T129/><D33/><U118/><E118/><V36/><F39/><W96/><G71/><T125/><D125/><U18/><E124/><V87/><F7/><W1/><G68/><T22/><D15/><N who="1" m="9375" /><E18/><V128/><F128/><W95/><G1/><T32/><D32/><U121/><E121/><V117/><F117/><W107/><G107/><T105/><D105/><U98/><E112/><V55/><F2/><W93/><G81/><T31/><D31/><U57/><E103/><V104/><F104/><W35/><G35/><T63/><REACH who="0" step="1"/><D129/><REACH who="0" ten="202,299,294,195" step="2"/><U113/><E113/><V89/><F89/><N who="3" m="33803" /><G78/><T49/><D49/><U62/><E48/><V74/><F74/><W3/><G3/><T82/><D82/><U126/><E88/><V134/><F87/><W10/><G10/><T11/><D11/><U47/><E126/><V59/><F84/><W80/><G80/><T5/><D5/><U30/><E30/><V73/><F73/><W69/><G96/><T24/><D24/><RYUUKYOKU ba="1,1" sc="202,30,299,-10,294,-10,195,-10" hai0="13,17,22,38,42,44,60,61,63,64,65,132,135" /><INIT seed="2,2,1,0,2,108" ten="232,289,284,185" oya="2" hai0="99,82,98,35,17,90,52,58,117,21,6,107,34" hai1="72,51,48,40,24,109,16,49,60,67,45,20,19" hai2="7,75,81,106,3,133,104,76,8,132,66,130,44" hai3="123,56,134,12,29,22,92,55,129,126,41,71,97"/><V53/><F66/><W114/><G123/><T119/><D6/><U101/><E72/><V65/><F65/><W26/><G71/><T125/><D125/><U59/><E109/><V32/><F32/><W54/><G126/><T62/><D35/><U89/><E101/><V74/><F75/><W100/><G129/><T36/><D36/><U84/><REACH who="1" step="1"/><E19/><REACH who="1" ten="232,279,284,185" step="2"/><V27/><F130/><W85/><G100/><T128/><D128/><U69/><E69/><V57/><F27/><W94/><G26/><T1/><D17/><U23/><E23/><V33/><F33/><W50/><G22/><T78/><D21/><U120/><E120/><V103/><F103/><W131/><G131/><T113/><D34/><U110/><E110/><V118/><F118/><W15/><G134/><N who="2" m="51817" /><F44/><W86/><G29/><T2/><D119/><U115/><E115/><V9/><F9/><W112/><G114/><T10/><D113/><U93/><AGARI ba="2,2" hai="16,20,24,40,45,48,49,51,59,60,67,84,89,93" machi="93" ten="20,8000,1" yaku="1,1,0,1,7,1,8,1,54,1,53,0" doraHai="108" doraHaiUra="124" who="1" fromWho="1" sc="232,-22,279,106,284,-42,185,-22" /><INIT seed="3,0,0,3,5,6" ten="210,385,242,163" oya="3" hai0="73,59,28,97,107,75,105,29,134,17,61,79,108" hai1="45,26,34,69,110,117,9,82,80,55,72,3,119" hai2="118,1,92,77,43,124,133,46,127,93,51,86,62" hai3="30,130,83,123,10,68,76,47,35,74,78,37,57"/><W8/><G123/><T41/><D134/><U44/><E69/><V121/><F118/><N who="1" m="45065" /><E110/><V20/><F1/><W12/><G130/><T67/><D108/><U126/><E126/><N who="2" m="48171" /><F121/><W135/><G68/><T52/><D41/><U84/><E72/><V104/><F104/><W58/><G135/><T13/><D105/><U131/><E131/><V16/><F62/><W31/><G76/><T4/><D4/><N who="1" m="1183" /><E55/><V125/><N who="2" m="48179" /><V15/><DORA hai="56" /><F133/><W19/><G10/><T64/><D75/><U114/><E114/><V53/><F43/><W25/><G37/><T71/><D67/><U122/><E122/><V132/><F132/><W129/><G129/><T103/><D79/><N who="1" m="46111" /><E82/><AGARI ba="0,0" hai="15,16,20,46,51,53,77,82,86,92,93" m="48179" machi="82" ten="40,2600,0" yaku="18,1,54,1" doraHai="6,56" who="2" fromWho="1" sc="210,0,385,-26,242,26,163,0" /><INIT seed="4,0,0,1,3,82" ten="210,359,268,163" oya="0" hai0="111,27,125,37,31,5,19,121,33,65,52,131,133" hai1="63,7,105,134,119,71,21,36,12,101,30,58,54" hai2="25,61,69,123,68,80,135,129,57,128,50,108,0" hai3="78,9,120,32,64,96,85,18,130,93,20,77,46"/><T110/><D37/><U14/><E36/><V55/><F0/><W117/><G117/><T76/><D121/><U62/><E134/><V94/><F94/><W104/><G130/><N who="2" m="50281" /><F25/><W6/><G32/><T81/><D131/><U109/><E109/><N who="0" m="41481" /><D65/><U4/><E105/><V124/><F80/><W48/><G120/><T47/><D133/><U91/><E101/><V127/><F108/><W100/><G64/><T83/><D125/><N who="2" m="48202" /><F123/><W51/><G104/><T66/><D66/><U3/><E71/><N who="2" m="27211" /><F135/><W24/><G85/><N who="0" m="48295" /><D83/><U43/><E3/><V84/><F84/><W41/><REACH who="3" step="1"/><G51/><AGARI ba="0,0" hai="50,51,55,57,61" m="27211,48202,50281" machi="51" ten="40,8000,1" yaku="19,1,18,1,34,2" doraHai="82" who="2" fromWho="3" sc="210,0,359,0,268,80,163,-80" /><INIT seed="5,0,0,5,3,85" ten="210,359,348,83" oya="1" hai0="24,7,56,14,113,60,107,120,11,106,25,123,12" hai1="97,95,2,31,125,34,87,46,94,6,134,52,93" hai2="112,15,27,58,4,91,127,48,43,20,102,63,37" hai3="132,64,65,72,68,49,77,96,118,100,1,109,8"/><U51/><E125/><V0/><F37/><W116/><G109/><T92/><D113/><U73/><E73/><V67/><F0/><W50/><G132/><T10/><D92/><U16/><E134/><V44/><F127/><W61/><G65/><T90/><D56/><U28/><E34/><V29/><F112/><W42/><G50/><T57/><D57/><U111/><E111/><V40/><F102/><W101/><G101/><T121/><D60/><U131/><E131/><V119/><F119/><W23/><G23/><T99/><D99/><U114/><E114/><V39/><F39/><W115/><G115/><T70/><D70/><U3/><E3/><V74/><F74/><W78/><G78/><T36/><D36/><U47/><E2/><V83/><F4/><W21/><G21/><T18/><REACH who="0" step="1"/><D90/><REACH who="0" ten="200,359,348,83" step="2"/><N who="1" m="53471" /><E6/><V53/><F15/><W88/><G96/><T30/><D30/><N who="1" m="11307" /><E47/><V79/><F79/><W104/><G77/><T122/><N who="0" m="30720" /><DORA hai="22" /><T45/><D45/><U126/><E126/><V82/><REACH who="2" step="1"/><F91/><REACH who="2" ten="200,359,338,83" step="2"/><W13/><G88/><T103/><D103/><N who="1" m="60855" /><E95/><V32/><F32/><W9/><G118/><T17/><D17/><AGARI ba="0,2" hai="16,17,46,51,52" m="60855,11307,53471" machi="17" ten="30,11600,0" yaku="8,1,52,1,54,2" doraHai="85,22" who="1" fromWho="0" sc="200,-116,359,136,338,0,83,0" /><INIT seed="5,1,0,5,5,71" ten="84,495,338,83" oya="1" hai0="84,94,72,0,93,125,77,37,32,64,15,118,91" hai1="36,86,75,104,18,105,43,54,65,123,99,124,127" hai2="90,23,130,25,97,103,57,34,31,119,133,102,13" hai3="14,120,62,134,45,56,24,100,70,111,21,85,51"/><U35/><E75/><V126/><F119/><W129/><G111/><T76/><D0/><U20/><E35/><V30/><F130/><W89/><G120/><T7/><D32/><U73/><E73/><V83/><F133/><W61/><G129/><T79/><D118/><U10/><E123/><V81/><F126/><N who="1" m="48169" /><E65/><V60/><F103/><W46/><G134/><T92/><D125/><U26/><E99/><V74/><F90/><W110/><G110/><T128/><D64/><U52/><E86/><V131/><F74/><W41/><G70/><T114/><D128/><U53/><E10/><V19/><F31/><W22/><G100/><T9/><D114/><U66/><E66/><V17/><F19/><N who="3" m="10487" /><G46/><AGARI ba="1,0" hai="18,20,26,36,43,46,52,53,54,104,105" m="48169" machi="46" ten="30,5800,0" yaku="18,1,52,1,54,1" doraHai="71" who="1" fromWho="3" sc="84,0,495,61,338,0,83,-61" /><INIT seed="5,2,0,3,1,54" ten="84,556,338,22" oya="1" hai0="89,53,28,36,95,13,118,45,3,67,26,30,40" hai1="83,50,70,42,120,32,41,73,48,122,104,77,39" hai2="110,75,86,8,76,135,25,88,22,132,117,37,27" hai3="116,59,113,81,125,52,0,84,72,121,87,98,92"/><U23/><E32/><V21/><F37/><W82/><G121/><T126/><D3/><U64/><E70/><V20/><F117/><W106/><G116/><T17/><D126/><U4/><E104/><V31/><F76/><W18/><G0/><T69/><D118/><U100/><E64/><V2/><F75/><W74/><G125/><T101/><D101/><U97/><E4/><N who="2" m="1047" /><F86/><W55/><G18/><T10/><D53/><U114/><E114/><V109/><F88/><W5/><G5/><T12/><D12/><U63/><E63/><V60/><F60/><W107/><G113/><T47/><D47/><U90/><E90/><V103/><F103/><W24/><G24/><N who="2" m="9289" /><F31/><W34/><G92/><T71/><D67/><U35/><E39/><V119/><F119/><W51/><G98/><T61/><D61/><U44/><E35/><V46/><F46/><W1/><G1/><T66/><D66/><U127/><E127/><V19/><F19/><W108/><G51/><T123/><D30/><U85/><E73/><V16/><F16/><W94/><G94/><T134/><D95/><U58/><E42/><V78/><F78/><W79/><G79/><T91/><D91/><U130/><E100/><V38/><F38/><W129/><G34/><T99/><D89/><U57/><E97/><V111/><AGARI ba="2,0" hai="20,21,22,109,110,111,132,135" m="9289,1047" machi="111" ten="40,2700,0" yaku="34,2" doraHai="54" who="2" fromWho="2" sc="84,-9,556,-15,338,33,22,-9" /><INIT seed="6,0,0,2,5,63" ten="75,541,371,13" oya="2" hai0="131,108,128,117,41,6,3,39,59,104,130,94,47" hai1="98,89,72,65,71,36,95,92,103,122,111,58,7" hai2="99,10,43,51,82,16,61,60,119,23,68,32,22" hai3="37,14,124,69,135,80,90,116,115,4,113,20,106"/><V34/><F119/><W93/><G116/><T77/><D117/><U105/><E36/><V56/><F68/><W76/><G124/><T25/><D108/><U100/><E111/><V62/><F34/><W107/><G135/><T45/><D104/><N who="3" m="39977" /><G37/><T2/><D77/><U109/><E72/><V21/><F32/><W31/><G69/><T66/><D47/><U11/><E109/><V1/><F99/><N who="3" m="57783" /><G31/><T84/><D6/><U74/><E74/><V42/><F82/><W64/><G20/><T88/><D25/><U134/><E105/><V85/><F85/><N who="3" m="48263" /><G14/><T53/><D66/><U132/><E134/><V96/><F96/><W24/><G24/><T33/><D33/><U126/><E132/><V110/><F1/><W49/><G49/><AGARI ba="0,0" hai="2,3,39,41,45,49,53,59,84,88,94,128,130,131" machi="49" ten="40,2600,0" yaku="19,1,54,1" doraHai="63" who="0" fromWho="3" sc="75,26,541,0,371,0,13,-26" owari="101,-29.9,541,64.1,371,17.1,-13,-51.3" /></mjloggm>