<mjloggm ver="2.3"><GO type="41" lobby="0"/><UN n0="%E3%83%95%E3%83%AB%E3%82%BC%E3%83%B3%E3%83%84%E3%81%8F%E3%82%93" n1="%E3%83%A2%E3%83%B3%E3%82%B9%E3%82%BF%E3%83%BC%E7%A4%BE%E5%93%A1" n2="%73%79%75%6E%31%31%32%32" n3="%E2%93%9D%4C%75%63%6B%79%4A" dan="14,14,14,18" rate="1914.67,1857.22,1853.25,2153.21" sx="F,M,M,M"/><TAIKYOKU oya="0"/><INIT seed="0,0,0,2,3,116" ten="250,250,250,250" oya="0" hai0="120,33,124,91,73,43,94,123,22,38,88,16,17" hai1="28,4,53,10,24,79,55,14,1,45,34,90,15" hai2="110,20,89,95,37,42,74,66,129,75,62,67,35" hai3="5,6,50,72,85,96,130,103,57,3,7,77,2"/><T59/><D73/><U126/><E126/><V56/><F35/><W51/><G72/><T105/><D105/><U83/><E90/><V119/><F119/><W109/><G109/><T29/><D124/><U52/><REACH who="1" step="1"/><E45/><REACH who="1" ten="250,240,250,250" step="2"/><V86/><F110/><W76/><G3/><T107/><D91/><U102/><E102/><V36/><F129/><W70/><G130/><T118/><D118/><U93/><E93/><V114/><F114/><W122/><G103/><T23/><D107/><U61/><E61/><V113/><F95/><W31/><G77/><T111/><D111/><U30/><E30/><V32/><F89/><W121/><G31/><T19/><D29/><U92/><E92/><V133/><F62/><W135/><G76/><T98/><D33/><U87/><AGARI ba="0,1" hai="1,4,10,14,15,24,28,34,52,53,55,79,83,87" machi="87" ten="30,12000,2" yaku="1,1,0,1,54,1,53,3" doraHai="116" doraHaiUra="48" who="1" fromWho="1" sc="250,-60,240,130,250,-30,250,-30" /><INIT seed="1,0,0,5,5,117" ten="190,370,220,220" oya="1" hai0="80,62,107,108,83,95,35,100,27,76,67,61,41" hai1="72,54,126,3,11,30,123,116,69,79,113,34,8" hai2="40,2,52,29,19,33,45,127,135,104,92,49,89" hai3="13,57,36,64,55,28,109,17,115,6,9,99,88"/><U129/><RYUUKYOKU type="yao9" ba="0,0" sc="190,0,370,0,220,0,220,0" hai1="3,8,11,30,34,54,69,72,79,113,116,123,126,129" /><INIT seed="1,1,0,1,3,119" ten="190,370,220,220" oya="1" hai0="105,51,8,27,3,133,0,66,65,74,31,99,97" hai1="7,125,77,2,134,132,88,94,5,92,30,20,93" hai2="58,45,39,121,110,19,101,87,79,83,86,72,59" hai3="26,89,57,24,135,64,67,128,22,95,56,76,12"/><U50/><E2/><V61/><F110/><W120/><G76/><T130/><D74/><U60/><E77/><V113/><F113/><W47/><G135/><T29/><D133/><N who="1" m="51307" /><E125/><V48/><F101/><W6/><G47/><T10/><D130/><U71/><E50/><V129/><F129/><W117/><G117/><T69/><D51/><U17/><E30/><V115/><F39/><W25/><G120/><T127/><D127/><U73/><E73/><V131/><F121/><W13/><G128/><T62/><D66/><N who="3" m="25129" /><G6/><N who="1" m="2058" /><E60/><V96/><F61/><W63/><G22/><T103/><D99/><N who="1" m="57735" /><E71/><V35/><F131/><W54/><G57/><T111/><D31/><U78/><E78/><V49/><F58/><W91/><G91/><T123/><D123/><U108/><E108/><V18/><F59/><W98/><AGARI ba="1,0" hai="12,13,24,25,26,54,56,63,89,95,98" m="25129" machi="98" ten="30,1100,0" yaku="8,1" doraHai="119" who="3" fromWho="3" sc="190,-4,370,-6,220,-4,220,14" /><INIT seed="2,0,0,3,4,132" ten="186,364,216,234" oya="2" hai0="51,91,45,68,79,70,116,95,125,128,129,64,50" hai1="41,59,10,130,8,25,133,81,31,46,53,43,134" hai2="101,13,28,5,69,88,93,21,39,92,52,63,17" hai3="27,123,32,15,117,40,119,85,3,23,112,111,24"/><V37/><F101/><W102/><G40/><T103/><D103/><U73/><E43/><V96/><F5/><W61/><G61/><T11/><D79/><U99/><E130/><N who="0" m="50281" /><D116/><U33/><E99/><V9/><F69/><W14/><G85/><N who="0" m="52719" /><D64/><U29/><E29/><V127/><F127/><W62/><G62/><T56/><D125/><U113/><E113/><V94/><F39/><W106/><G102/><T122/><D122/><U34/><E34/><V124/><F124/><W35/><G106/><T86/><D86/><U19/><E81/><V42/><F42/><W4/><G123/><T107/><D107/><U75/><E8/><V47/><F37/><W48/><G112/><T30/><D30/><U74/><E19/><V18/><F28/><W121/><G121/><T76/><D76/><U83/><E10/><V87/><F87/><W1/><G4/><T120/><D120/><U90/><E90/><V72/><F72/><W66/><G66/><T78/><D78/><U126/><E83/><V2/><F2/><W60/><G3/><T67/><D11/><U44/><E126/><V22/><F9/><W7/><G1/><T97/><D97/><U55/><E55/><V135/><F135/><N who="1" m="51721" /><E41/><V38/><F38/><W77/><G77/><T84/><D84/><U89/><E89/><V104/><F104/><W16/><G7/><T6/><D6/><U57/><E57/><N who="2" m="35239" /><F47/><W71/><G119/><T98/><D98/><U65/><E65/><V80/><F80/><W54/><G117/><T105/><D105/><U12/><E75/><V114/><F114/><W26/><G54/><RYUUKYOKU ba="0,0" sc="186,-10,364,-10,216,30,234,-10" hai2="13,17,18,21,22,88,92,93,94,96" /><INIT seed="2,1,0,0,3,36" ten="176,354,246,224" oya="2" hai0="66,32,89,100,1,86,10,65,8,35,43,113,16" hai1="64,117,98,121,55,104,70,59,28,93,129,38,51" hai2="31,39,115,130,69,5,95,96,111,85,52,17,29" hai3="12,42,102,63,50,53,75,68,61,128,118,58,24"/><V34/><F69/><W4/><G75/><T82/><D113/><U7/><E117/><V27/><F115/><W122/><G118/><T20/><D100/><U56/><E104/><V114/><F114/><W116/><G122/><T41/><D32/><U11/><E129/><V108/><F130/><W19/><G128/><T40/><D35/><U23/><E38/><V123/><F123/><W74/><G74/><T103/><D103/><U45/><E121/><V14/><F39/><W126/><G4/><T84/><D84/><U37/><E70/><V131/><F5/><W120/><G126/><T127/><D127/><U112/><E112/><V62/><F31/><W47/><G120/><T132/><D132/><U109/><E109/><N who="2" m="42059" /><F85/><W33/><G116/><T105/><D105/><U124/><E124/><V9/><F131/><W125/><G125/><T25/><D1/><U94/><E94/><V110/><N who="2" m="42067" /><V22/><DORA hai="76" /><F34/><W73/><G73/><T72/><D72/><U80/><E37/><V26/><F26/><W87/><G24/><T49/><D49/><U6/><E28/><V79/><F79/><W0/><G33/><T135/><D135/><U83/><E23/><V13/><F14/><W107/><G12/><N who="0" m="7175" /><D10/><U67/><E11/><V99/><F95/><W134/><G134/><T91/><D91/><U57/><E6/><V48/><F62/><W101/><G63/><T119/><D119/><U3/><E3/><V88/><F88/><W90/><G0/><T133/><D133/><U92/><E7/><V54/><F48/><W2/><G2/><T44/><D44/><RYUUKYOKU ba="1,0" sc="176,15,354,-15,246,15,224,-15" hai0="20,25,40,41,43,65,66,82,86,89" hai2="9,13,17,22,27,29,52,54,96,99" /><INIT seed="2,2,0,2,0,45" ten="191,339,261,209" oya="2" hai0="118,110,115,116,97,48,72,85,18,37,90,20,1" hai1="9,111,52,40,66,30,31,71,134,88,22,124,50" hai2="53,15,23,25,7,105,114,126,12,65,86,35,6" hai3="81,113,93,26,130,42,107,102,29,101,128,60,34"/><V11/><F105/><W74/><G93/><T4/><D37/><U51/><E111/><V16/><F65/><W123/><G123/><T44/><D72/><U103/><E103/><V87/><F114/><W2/><G2/><T83/><D110/><U108/><E108/><V49/><F126/><W3/><G3/><T117/><D115/><U95/><E124/><V38/><F38/><W96/><G102/><T89/><D97/><U68/><E134/><V135/><F35/><W133/><G42/><T0/><D89/><U8/><E66/><V84/><F135/><W94/><G94/><T27/><REACH who="0" step="1"/><D4/><REACH who="0" ten="181,339,261,209" step="2"/><N who="2" m="1578" /><F11/><W10/><G10/><T99/><D99/><U120/><E120/><V98/><F98/><W5/><G113/><T106/><D106/><U80/><E8/><V19/><F19/><W67/><G5/><T28/><D28/><U119/><E9/><V36/><F36/><W61/><G133/><T39/><D39/><U70/><E31/><V100/><F100/><W64/><G101/><T13/><D13/><U109/><E109/><V132/><F132/><W63/><G96/><T21/><D21/><U24/><E80/><V125/><F125/><W104/><G107/><T79/><D79/><U14/><E14/><V121/><F121/><W122/><G104/><T56/><D56/><AGARI ba="2,1" hai="12,15,16,23,25,49,53,56,84,86,87" m="1578" machi="56" ten="30,5800,0" yaku="8,1,52,1,54,1" doraHai="45" who="2" fromWho="0" sc="181,-64,339,0,261,74,209,0" /><INIT seed="2,3,0,1,2,67" ten="117,339,335,209" oya="2" hai0="92,40,41,130,128,34,42,54,80,37,135,17,32" hai1="55,126,121,95,78,48,64,88,125,14,70,29,79" hai2="61,39,131,0,5,123,65,115,81,49,30,68,100" hai3="75,62,82,9,134,46,74,108,53,57,93,94,109"/><V2/><F115/><W18/><G46/><T120/><D120/><U7/><E121/><V6/><F123/><W103/><G134/><T20/><D37/><U96/><E29/><V107/><F131/><N who="0" m="50218" /><D135/><U73/><E73/><N who="3" m="27658" /><G82/><T63/><D80/><U44/><E7/><V21/><F39/><W104/><G104/><T132/><D92/><U28/><E28/><V31/><F81/><W36/><G103/><T129/><N who="0" m="50226" /><T35/><DORA hai="33" /><D132/><U106/><E14/><V117/><F31/><W91/><G91/><T116/><D116/><U50/><E106/><V38/><F117/><W89/><G89/><T122/><D122/><U56/><E70/><V101/><F38/><W72/><G36/><T1/><D1/><U59/><E64/><V69/><F107/><W98/><G98/><T26/><D40/><U11/><E11/><V10/><F10/><W4/><G72/><T124/><D124/><N who="1" m="47723" /><E59/><AGARI ba="3,0" hai="17,20,26,32,34,35,41,42,54,59,63" m="50226" machi="59" ten="50,1600,0" yaku="19,1" doraHai="67,33" who="0" fromWho="1" sc="117,25,339,-25,335,0,209,0" /><INIT seed="3,0,0,5,0,118" ten="142,314,335,209" oya="3" hai0="63,126,89,38,48,44,91,103,30,73,125,99,110" hai1="124,14,93,21,31,102,9,106,86,42,56,96,108" hai2="92,18,2,70,129,46,88,53,7,121,76,127,19" hai3="107,122,40,84,83,12,133,33,72,82,58,94,128"/><W16/><G107/><T49/><D73/><U5/><E108/><V123/><F123/><W0/><G0/><T117/><D117/><U28/><E124/><N who="0" m="47721" /><D110/><U50/><E21/><V60/><F76/><W90/><G122/><T54/><D30/><U130/><E130/><V74/><F74/><W37/><G133/><T135/><D38/><U119/><E119/><V75/><F75/><W1/><G1/><T6/><D6/><U105/><E105/><V27/><F127/><W116/><G116/><T80/><D80/><U100/><E106/><V71/><F129/><W24/><G128/><T34/><D34/><U81/><E102/><V51/><F2/><W77/><G37/><T55/><D63/><U26/><E26/><V4/><F121/><W87/><G40/><T65/><D65/><U3/><E3/><V23/><F23/><W78/><G58/><N who="0" m="33095" /><D135/><U69/><E69/><V68/><F60/><W61/><G61/><T111/><D111/><U17/><E5/><V39/><F39/><W57/><G57/><T13/><D13/><U36/><E36/><V131/><F131/><W22/><REACH who="3" step="1"/><G33/><REACH who="3" ten="142,314,335,199" step="2"/><T10/><D10/><U11/><E11/><V79/><F71/><W47/><G47/><T25/><D25/><AGARI ba="0,1" hai="12,16,22,24,25,72,77,78,82,83,84,87,90,94" machi="25" ten="40,3900,0" yaku="1,1,54,1,53,0" doraHai="118" doraHaiUra="52" who="3" fromWho="0" sc="142,-39,314,0,335,0,199,49" /><INIT seed="3,1,0,3,5,30" ten="103,314,335,248" oya="3" hai0="90,108,96,50,111,91,23,44,41,8,20,2,11" hai1="124,43,112,98,38,132,58,89,100,120,83,88,125" hai2="5,13,35,55,40,76,62,87,80,16,14,7,72" hai3="31,25,9,116,45,6,81,101,92,79,46,85,19"/><W93/><G116/><T106/><D106/><U130/><E120/><V37/><F72/><W33/><G19/><T107/><D107/><U84/><E112/><V135/><F135/><W115/><G115/><T133/><D133/><U21/><E132/><V118/><F87/><W69/><G69/><T104/><D104/><U117/><E117/><V134/><F118/><W99/><REACH who="3" step="1"/><G93/><REACH who="3" ten="103,314,335,238" step="2"/><T53/><D108/><U121/><E121/><V75/><F16/><W12/><AGARI ba="1,1" hai="6,9,12,25,31,33,45,46,79,81,85,92,99,101" machi="12" ten="20,12000,1" yaku="1,1,2,1,0,1,7,1,52,1,53,0" doraHai="30" doraHaiUra="59" who="3" fromWho="3" sc="103,-41,314,-41,335,-41,238,133" /><INIT seed="3,2,0,4,0,35" ten="62,273,294,371" oya="3" hai0="132,40,15,83,14,129,51,31,116,68,20,66,124" hai1="53,16,52,61,79,101,46,19,95,93,104,73,43" hai2="50,85,98,44,91,42,133,131,81,34,71,7,130" hai3="117,109,0,76,1,65,105,9,111,36,69,2,58"/><W78/><G117/><T134/><D116/><U99/><E73/><V127/><F71/><W45/><G105/><T33/><D33/><U8/><E79/><V88/><F34/><W23/><G69/><T126/><D83/><U4/><E104/><V120/><F120/><W64/><G9/><T72/><D72/><U102/><E61/><V113/><F113/><W62/><G23/><T5/><D66/><U48/><E102/><V115/><F115/><W96/><G96/><T97/><D97/><U12/><E95/><V18/><F7/><W63/><G45/><T41/><D51/><N who="1" m="28791" /><E43/><V32/><F32/><W123/><G36/><T128/><D68/><U59/><AGARI ba="2,0" hai="4,8,12,16,19,48,53,59,93,99,101" m="28791" machi="59" ten="30,4000,0" yaku="8,1,54,2" doraHai="35" who="1" fromWho="1" sc="62,-12,273,46,294,-12,371,-22" /><INIT seed="4,0,0,3,1,56" ten="50,319,282,349" oya="0" hai0="108,129,54,55,7,52,45,118,80,20,61,22,133" hai1="124,68,93,84,78,109,17,42,82,67,9,10,97" hai2="40,39,34,73,11,130,62,98,125,58,27,111,19" hai3="96,90,114,76,107,113,70,104,21,57,5,132,94"/><T75/><D118/><U63/><E109/><V106/><F73/><W127/><G70/><T92/><D108/><U103/><E124/><V37/><F125/><W115/><G5/><T69/><D129/><U31/><E42/><V116/><F130/><W51/><G127/><T44/><D133/><U66/><E66/><V49/><F116/><W134/><G21/><T43/><D7/><U121/><E121/><V87/><F87/><W25/><G25/><T14/><D45/><U102/><E102/><V99/><F111/><W38/><G38/><T117/><D117/><U105/><E31/><V120/><F120/><W29/><G29/><T89/><D14/><U83/><E105/><N who="3" m="40522" /><G76/><T48/><D80/><U110/><E110/><V28/><F106/><W32/><G32/><T1/><D75/><U12/><REACH who="1" step="1"/><E82/><REACH who="1" ten="50,309,282,349" step="2"/><V119/><F119/><W23/><G134/><T71/><D1/><U79/><E79/><V0/><F40/><W64/><G132/><T135/><D135/><U36/><E36/><V126/><F126/><W16/><G64/><T91/><D91/><U8/><AGARI ba="0,1" hai="8,9,10,12,17,63,67,68,78,83,84,93,97,103" machi="8" ten="20,5200,0" yaku="1,1,0,1,7,1,52,1,53,0" doraHai="56" doraHaiUra="100" who="1" fromWho="1" sc="50,-26,309,62,282,-13,349,-13" /><INIT seed="5,0,0,5,1,27" ten="24,371,269,336" oya="1" hai0="44,97,10,31,50,112,107,133,113,77,103,37,117" hai1="123,59,22,36,89,75,87,20,24,0,72,120,30" hai2="40,67,23,130,106,52,82,13,39,125,122,134,56" hai3="2,8,92,62,119,69,83,105,100,76,84,55,1"/><U51/><E36/><V29/><F122/><W90/><G119/><T64/><D50/><U99/><E0/><V18/><F106/><W131/><G131/><T71/><D117/><U7/><E7/><V25/><F130/><W4/><G105/><T128/><D128/><U15/><E99/><V104/><F104/><W53/><G100/><T12/><D77/><U98/><E98/><V135/><F125/><W88/><G2/><T6/><D133/><U47/><E59/><V60/><F82/><W58/><G69/><T33/><D44/><U68/><E68/><V79/><F79/><W108/><G108/><T85/><D85/><U66/><E66/><V54/><F40/><W14/><G1/><T32/><D32/><U94/><E123/><V121/><F39/><W45/><G92/><T111/><D37/><U73/><E120/><V38/><F38/><W102/><G102/><T61/><REACH who="0" step="1"/><D111/><REACH who="0" ten="14,371,269,336" step="2"/><U43/><REACH who="1" step="1"/><E15/><REACH who="1" ten="14,361,269,336" step="2"/><V96/><F121/><W19/><G14/><T11/><D11/><U3/><E3/><V21/><REACH who="2" step="1"/><F96/><REACH who="2" ten="14,361,259,336" step="2"/><W118/><G118/><T5/><D5/><U114/><E114/><V35/><F35/><AGARI ba="0,3" hai="20,22,24,30,35,43,47,51,72,73,75,87,89,94" machi="35" ten="40,3900,0" yaku="1,1,52,1,53,0" doraHai="27" doraHaiUra="124" who="1" fromWho="2" sc="14,0,361,69,259,-39,336,0" /><INIT seed="5,1,0,5,5,37" ten="14,430,220,336" oya="1" hai0="20,31,6,57,84,100,63,70,29,26,13,68,66" hai1="105,44,94,135,73,48,86,119,58,60,14,19,127" hai2="3,99,106,45,101,47,12,51,32,113,115,62,28" hai3="97,85,104,38,121,122,83,102,41,27,23,118,55"/><U10/><E119/><V67/><F3/><W77/><G118/><T81/><D100/><U43/><E135/><V46/><F12/><W8/><G55/><T108/><D108/><U125/><E105/><V96/><F96/><W18/><REACH who="3" step="1"/><G8/><REACH who="3" ten="14,430,220,326" step="2"/><T126/><D126/><U91/><REACH who="1" step="1"/><E73/><REACH who="1" ten="14,420,220,326" step="2"/><V111/><F111/><W80/><G80/><T71/><D6/><U116/><E116/><V124/><F124/><W120/><G120/><T42/><D42/><U82/><E82/><V79/><F115/><W75/><G75/><T87/><D13/><U30/><E30/><V0/><F28/><W117/><G117/><T128/><D128/><U9/><E9/><V114/><F113/><W22/><G22/><T59/><D31/><U4/><E4/><V5/><F5/><W64/><G64/><AGARI ba="1,2" hai="10,14,19,43,44,48,58,60,64,86,91,94,125,127" machi="64" ten="40,7700,0" yaku="1,1,52,1,53,1" doraHai="37" doraHaiUra="61" who="1" fromWho="3" sc="14,0,420,100,220,0,326,-80" /><INIT seed="5,2,0,3,3,13" ten="14,520,220,246" oya="1" hai0="71,66,38,97,25,18,50,53,28,47,40,87,59" hai1="35,64,42,57,39,90,92,134,52,89,131,22,34" hai2="45,8,31,133,101,88,58,4,15,41,44,20,68" hai3="17,119,94,125,65,7,27,129,1,124,73,84,123"/><U29/><E134/><V43/><F68/><W23/><G73/><T79/><D97/><U81/><E131/><V113/><F133/><W70/><G123/><T36/><D79/><U122/><E122/><V106/><F113/><W107/><G107/><T132/><D132/><U126/><E126/><N who="3" m="48746" /><G129/><T105/><D105/><U5/><E64/><V60/><F106/><W62/><G7/><T93/><D93/><U111/><E111/><V72/><F72/><W75/><G75/><T3/><D3/><U121/><E121/><V46/><F101/><W16/><G1/><T135/><D135/><U80/><E5/><V0/><F0/><W11/><G119/><T115/><D87/><U49/><E35/><V95/><F20/><W116/><G116/><T91/><D91/><U82/><E34/><V33/><F31/><N who="3" m="17919" /><G11/><T9/><D115/><U48/><E39/><V19/><F33/><W30/><G30/><T55/><D38/><U69/><E69/><V14/><F4/><W103/><G84/><T61/><D55/><U24/><E92/><V128/><F128/><W74/><G74/><T77/><D77/><U114/><E114/><V102/><F41/><W37/><G37/><T32/><D9/><U98/><E98/><AGARI ba="2,0" hai="16,17,62,65,70,94,98,103" m="17919,48746" machi="98" ten="30,7700,0" yaku="18,1,52,2,54,1" doraHai="13" who="3" fromWho="1" sc="14,0,520,-83,220,0,246,83" /><INIT seed="6,0,0,2,1,134" ten="14,437,220,329" oya="2" hai0="74,133,62,88,112,67,99,54,34,86,71,97,31" hai1="23,20,48,120,60,114,24,57,126,15,56,109,6" hai2="83,12,78,135,119,69,11,131,72,106,77,25,44" hai3="85,128,49,1,46,41,50,98,75,5,113,125,4"/><V89/><F69/><W73/><G128/><T2/><D74/><U95/><E109/><V16/><F106/><W22/><G1/><T7/><D133/><U79/><E114/><V26/><F119/><W129/><G129/><T121/><D121/><U87/><E120/><V127/><F135/><W100/><G85/><T0/><D112/><U63/><E126/><V122/><F122/><W61/><G61/><T28/><D54/><U91/><E79/><V104/><F104/><W94/><G113/><T92/><D31/><U118/><E118/><V58/><F131/><W32/><G32/><T55/><D55/><U130/><E130/><V64/><F77/><W105/><G105/><T90/><D7/><U37/><E37/><V123/><F44/><W51/><G125/><T27/><REACH who="0" step="1"/><D99/><REACH who="0" ten="4,437,220,329" step="2"/><U53/><E57/><V132/><F127/><W81/><G75/><T45/><D45/><U117/><E117/><V29/><F132/><W35/><G5/><T52/><D52/><U108/><E108/><V101/><F123/><W10/><G73/><T33/><D33/><U9/><REACH who="1" step="1"/><E23/><REACH who="1" ten="4,427,220,329" step="2"/><V76/><F72/><W47/><G22/><T42/><D42/><U65/><E65/><V82/><F64/><W43/><G35/><T3/><D3/><U66/><E66/><V96/><F11/><W124/><G124/><T103/><D103/><U14/><E14/><V110/><F101/><W111/><G111/><T107/><D107/><U84/><E84/><V38/><F110/><W18/><G43/><T59/><D59/><U102/><E102/><V21/><F12/><N who="3" m="7447" /><G41/><T70/><D70/><RYUUKYOKU ba="0,2" sc="4,15,427,15,220,-15,329,-15" hai0="0,2,27,28,34,62,67,71,86,88,90,92,97" hai1="6,9,15,20,24,48,53,56,60,63,87,91,95" /><INIT seed="7,1,2,1,0,22" ten="19,442,205,314" oya="3" hai0="15,125,2,59,119,56,16,52,64,80,19,117,3" hai1="134,1,90,63,40,20,77,43,110,36,124,13,97" hai2="7,39,33,61,45,114,51,96,133,78,85,12,44" hai3="49,69,25,24,128,4,135,32,130,111,108,109,74"/><W122/><G122/><T89/><D125/><U131/><E1/><V18/><F114/><W116/><G116/><T14/><D80/><U9/><E110/><V60/><F133/><W98/><G135/><T23/><D64/><U86/><E134/><V120/><F120/><W48/><G74/><T72/><D23/><U75/><E124/><V68/><F33/><W31/><G69/><T87/><D87/><U73/><E77/><V115/><F115/><W70/><G70/><T88/><REACH who="0" step="1"/><D52/><REACH who="0" ten="9,442,205,314" step="2"/><U6/><E97/><V103/><F85/><W65/><G65/><T67/><D67/><U102/><E63/><V81/><F61/><W37/><G98/><T126/><D126/><U34/><E34/><V79/><F60/><W105/><G105/><T123/><D123/><U100/><E75/><V8/><F81/><W35/><G37/><T66/><D66/><U53/><E73/><V21/><F39/><W118/><G118/><T42/><D42/><U104/><E104/><V58/><F68/><W57/><G57/><T47/><D47/><U26/><E53/><V46/><F58/><W92/><G92/><T121/><D121/><U11/><E11/><V127/><F127/><W112/><G112/><T132/><D132/><U41/><E131/><N who="3" m="50218" /><G4/><T76/><D76/><U95/><E36/><V0/><REACH who="2" step="1"/><F51/><REACH who="2" ten="9,442,195,314" step="2"/><W84/><G84/><T101/><D101/><U10/><E10/><V129/><F129/><W107/><G107/><AGARI ba="1,4" hai="0,7,8,12,18,21,44,45,46,78,79,96,103,107" machi="107" ten="40,1300,0" yaku="1,1,53,0" doraHai="22" doraHaiUra="38" who="2" fromWho="3" sc="9,0,442,0,195,56,314,-16" owari="9,-49.1,442,54.2,251,-14.9,298,9.8" /></mjloggm>