<mjloggm ver="2.3"><GO type="41" lobby="0"/><UN n0="%4B%4F%4B%49%34%30%36%32" n1="%E2%93%9D%4C%75%63%6B%79%4A" n2="%E3%83%8A%E3%82%A4%E3%82%BF%E3%82%AB" n3="%E3%81%9F%E3%81%8F%E3%81%82%E3%82%93%E3%81%8A%E3%81%84%E3%81%97%E3%81%84" dan="14,16,15,13" rate="1978.11,2153.96,1993.64,1833.84" sx="M,M,M,M"/><TAIKYOKU oya="0"/><INIT seed="0,0,0,1,1,27" ten="250,250,250,250" oya="0" hai0="50,92,112,51,45,97,68,28,72,31,5,101,103" hai1="65,126,22,26,57,12,43,58,115,128,100,134,84" hai2="6,70,39,20,109,63,9,119,30,98,29,91,71" hai3="47,85,52,78,48,32,131,64,108,62,130,133,75"/><T49/><D112/><U2/><E115/><V37/><F109/><W44/><G108/><T125/><D72/><U59/><E2/><V4/><F119/><W73/><G133/><T95/><D125/><U56/><E126/><V33/><F33/><W15/><G47/><T41/><D68/><U7/><E128/><N who="3" m="49194" /><G15/><T25/><D5/><U80/><E100/><V110/><F110/><W1/><G1/><T86/><D25/><U111/><E43/><V113/><F113/><W60/><G32/><T53/><D51/><U3/><E3/><V23/><F9/><W89/><G78/><T66/><D66/><U116/><E116/><V17/><F17/><W67/><G67/><T13/><D13/><U74/><E134/><V35/><F35/><W104/><G104/><T132/><D132/><U8/><E111/><V18/><F18/><W0/><G0/><T19/><D19/><U127/><E127/><V121/><F98/><W107/><G107/><T120/><D120/><U76/><N who="1" m="14336" /><DORA hai="105" /><U114/><E114/><V54/><F54/><W82/><G62/><T94/><D101/><U90/><E65/><V42/><F42/><W79/><G79/><T99/><D86/><U124/><E124/><V96/><F96/><N who="0" m="36938" /><D103/><U11/><E12/><V106/><F106/><W36/><G36/><T10/><D10/><U14/><E11/><V88/><REACH who="2" step="1"/><F63/><REACH who="2" ten="250,250,240,250" step="2"/><W38/><G38/><T40/><D53/><U87/><REACH who="1" step="1"/><E90/><REACH who="1" ten="250,240,240,250" step="2"/><V122/><AGARI ba="0,2" hai="4,6,20,23,29,30,37,39,70,71,88,91,121,122" machi="122" ten="25,16000,3" yaku="1,1,2,1,0,1,22,2,52,2,54,1,53,0" doraHai="27,105" doraHaiUra="34,61" who="2" fromWho="2" sc="250,-80,240,-40,240,180,250,-40" /><INIT seed="1,0,0,1,1,55" ten="170,200,420,210" oya="1" hai0="130,68,69,54,62,116,87,10,132,76,86,120,118" hai1="97,39,42,24,70,31,15,102,23,27,64,126,58" hai2="18,11,77,46,133,29,21,115,72,96,85,0,81" hai3="40,9,2,82,117,60,71,22,84,108,93,5,112"/><U88/><E70/><V38/><F133/><W98/><G112/><T110/><D110/><U7/><E126/><V57/><F115/><W35/><G108/><T75/><D132/><U63/><E39/><V113/><F113/><W30/><G117/><T66/><D69/><U3/><E3/><V65/><F29/><W12/><G40/><T6/><D130/><U74/><E74/><V37/><F96/><W73/><G73/><T41/><D41/><U26/><E42/><V109/><F109/><W16/><G71/><T32/><D32/><U123/><E123/><V125/><F125/><W89/><G60/><T8/><D8/><N who="1" m="4511" /><E102/><V80/><F46/><W17/><G17/><T99/><D120/><U134/><E134/><V78/><F11/><W61/><G61/><T20/><D75/><U56/><E58/><V101/><F101/><W59/><G59/><T19/><D68/><U124/><E124/><V127/><F0/><W92/><REACH who="3" step="1"/><G98/><REACH who="3" ten="170,200,420,200" step="2"/><T51/><D99/><U114/><E114/><V50/><F127/><W45/><G45/><T111/><D111/><U48/><E48/><V106/><F50/><W28/><G28/><T13/><D116/><U33/><E33/><V119/><F119/><W129/><G129/><T90/><D118/><U25/><E97/><V14/><REACH who="2" step="1"/><F106/><REACH who="2" ten="170,200,410,200" step="2"/><W44/><G44/><T34/><D51/><U1/><E1/><V135/><F135/><W131/><G131/><T103/><D62/><AGARI ba="0,2" hai="14,18,21,37,38,57,62,65,72,77,78,80,81,85" machi="62" ten="40,5200,0" yaku="1,1,52,1,53,1" doraHai="55" doraHaiUra="104" who="2" fromWho="0" sc="170,-52,200,0,410,72,200,0" /><INIT seed="2,0,0,4,5,48" ten="118,200,482,200" oya="2" hai0="107,44,99,14,59,55,75,57,133,117,82,66,25" hai1="112,32,118,37,127,2,109,6,129,64,54,28,89" hai2="43,71,20,76,41,78,103,52,0,5,110,46,12" hai3="35,100,116,119,123,73,29,84,42,79,7,50,113"/><V13/><F71/><W93/><G123/><T60/><D117/><U115/><E37/><V10/><F110/><W108/><G108/><T49/><D133/><U51/><E109/><V114/><F114/><W106/><G113/><T81/><D75/><U30/><E64/><V62/><F103/><W132/><G7/><T80/><D25/><U67/><E67/><V126/><F126/><W15/><G15/><T47/><D107/><U36/><E36/><V68/><F68/><W23/><G23/><T77/><D99/><U39/><E39/><V38/><F43/><W40/><G29/><T27/><D77/><U26/><E129/><V128/><F128/><W120/><G35/><T56/><D27/><U17/><E30/><V131/><F131/><W61/><G61/><T92/><D92/><U8/><E118/><V24/><F12/><W101/><G120/><T1/><D1/><U91/><E127/><V134/><F0/><W85/><G132/><T45/><D14/><U22/><E115/><V96/><F96/><W87/><G50/><T98/><D98/><U86/><E112/><V83/><F134/><W97/><G40/><T135/><D135/><U69/><E69/><V9/><F9/><W34/><G42/><T21/><D21/><U33/><E28/><N who="2" m="17415" /><F83/><N who="3" m="45551" /><G34/><T3/><D3/><U121/><E121/><V31/><F31/><W16/><G16/><T19/><D19/><U102/><E33/><V104/><F104/><W74/><G74/><T124/><D124/><U63/><E32/><V70/><F70/><W90/><G106/><T11/><D11/><U111/><E111/><RYUUKYOKU ba="0,0" sc="118,10,200,-30,482,10,200,10" hai0="44,45,47,49,55,56,57,59,60,66,80,81,82" hai2="5,10,13,38,41,46,52,62,76,78" hai3="84,85,87,90,93,97,100,101,116,119" /><INIT seed="2,1,0,5,3,84" ten="128,170,492,210" oya="2" hai0="128,20,26,106,110,85,31,98,131,71,49,124,92" hai1="123,100,104,5,112,90,69,15,105,126,48,35,34" hai2="66,3,11,30,82,42,130,81,125,16,38,51,65" hai3="44,72,101,7,133,99,57,61,50,83,74,116,59"/><V4/><F130/><N who="0" m="49706" /><D124/><U63/><E100/><V117/><F117/><W29/><G116/><T115/><D115/><U73/><E48/><V2/><F125/><W114/><G114/><T119/><D110/><U87/><E73/><V36/><F30/><W113/><G113/><T13/><D71/><U80/><E112/><V8/><F51/><W102/><G133/><T89/><D49/><U9/><E123/><V46/><F38/><W134/><G134/><T53/><D53/><U86/><E126/><V121/><F121/><W22/><G7/><T109/><D119/><U14/><E15/><V37/><F37/><W45/><G29/><T0/><D0/><U111/><E111/><V41/><F41/><W43/><G22/><T120/><D109/><U62/><E63/><V67/><REACH who="2" step="1"/><F16/><REACH who="2" ten="128,170,482,210" step="2"/><W103/><G50/><T10/><D120/><U21/><E62/><V58/><F58/><W60/><G43/><T18/><D106/><U78/><E105/><V129/><F129/><W77/><G61/><T95/><D31/><U12/><E104/><V56/><F56/><W55/><G59/><T33/><D33/><U70/><E35/><V108/><F108/><W1/><G60/><T88/><D26/><U39/><E34/><V75/><F75/><W23/><G74/><T47/><D47/><U54/><E39/><V19/><F19/><W135/><G135/><T118/><D118/><U96/><E70/><V64/><N who="2" m="16384" /><DORA hai="32" /><V97/><F97/><W79/><G99/><T91/><D20/><U25/><E69/><V27/><F27/><W132/><G132/><T127/><D127/><RYUUKYOKU ba="1,1" sc="128,15,170,-15,482,15,210,-15" hai0="10,13,18,85,88,89,91,92,95,98" hai2="2,3,4,8,11,36,42,46,81,82" /><INIT seed="2,2,1,0,2,58" ten="143,155,497,195" oya="2" hai0="20,24,40,34,70,51,106,102,116,92,59,30,73" hai1="8,110,74,32,71,125,119,101,132,49,100,48,16" hai2="9,29,90,46,68,127,91,94,134,11,26,28,87" hai3="61,42,12,75,109,1,23,27,22,57,17,131,37"/><V66/><F134/><W47/><G109/><T10/><D70/><U67/><E32/><V19/><F127/><W120/><G131/><T95/><D73/><U60/><E119/><V2/><F68/><W82/><G120/><T31/><D116/><U0/><E74/><V44/><F66/><W53/><G1/><T128/><D128/><U129/><E129/><V21/><F2/><W64/><G75/><T33/><D106/><U103/><E110/><V7/><F11/><W93/><G82/><T123/><D123/><U62/><E132/><V126/><F126/><W77/><G77/><T80/><D40/><U118/><E118/><V14/><F29/><W5/><G5/><T88/><D51/><U15/><E125/><V54/><F54/><W55/><REACH who="3" step="1"/><G93/><REACH who="3" ten="143,155,497,185" step="2"/><T121/><D121/><U4/><REACH who="1" step="1"/><E62/><REACH who="1" ten="143,145,497,185" step="2"/><V83/><REACH who="2" step="1"/><F7/><REACH who="2" ten="143,145,487,185" step="2"/><W76/><G76/><T63/><D34/><U107/><E107/><V85/><AGARI ba="2,4" hai="9,14,19,21,26,28,44,46,83,85,87,90,91,94" machi="85" ten="20,12000,1" yaku="1,1,2,1,0,1,7,1,8,1,53,0" doraHai="58" doraHaiUra="115" who="2" fromWho="2" sc="143,-42,145,-42,487,166,185,-42" /><INIT seed="2,3,0,1,5,45" ten="101,103,653,143" oya="2" hai0="86,65,22,67,112,79,101,48,57,20,107,125,133" hai1="115,33,85,14,30,92,104,7,129,62,98,74,23" hai2="3,120,47,100,16,71,99,46,122,95,68,83,108" hai3="52,42,84,75,43,73,135,8,44,10,94,97,54"/><V26/><F3/><W102/><G135/><T116/><D112/><U124/><E74/><V128/><F128/><W70/><G70/><T76/><D133/><U39/><E104/><V11/><F108/><W49/><G84/><T19/><D125/><U36/><E33/><V53/><F83/><W59/><G75/><T106/><D101/><U50/><E62/><V69/><F47/><W6/><G73/><T132/><D132/><U63/><E63/><V80/><F80/><W37/><G37/><T105/><D116/><U55/><E115/><V78/><F78/><W72/><G72/><T12/><D86/><U41/><E41/><V111/><F111/><W5/><G10/><T64/><REACH who="0" step="1"/><D20/><REACH who="0" ten="91,103,653,143" step="2"/><U17/><E85/><V56/><F120/><W87/><G87/><T61/><D61/><U89/><E124/><V24/><F122/><W66/><G8/><T0/><D0/><U118/><E118/><V58/><F100/><W35/><G35/><T88/><D88/><U117/><E117/><V130/><F130/><W51/><G66/><T82/><D82/><U38/><E129/><V96/><F96/><W93/><G93/><T134/><D134/><U113/><E113/><V114/><F114/><W109/><G109/><T2/><D2/><U27/><E98/><V28/><F95/><W110/><G110/><T15/><D15/><U21/><E92/><V77/><F99/><W81/><G81/><T9/><D9/><U90/><E7/><AGARI ba="3,1" hai="5,6,7,42,43,44,49,51,52,54,59,94,97,102" machi="7" ten="40,8000,1" yaku="8,1,52,2,54,1" doraHai="45" who="3" fromWho="1" sc="91,0,103,-89,653,0,143,99" /><INIT seed="3,0,0,5,5,115" ten="91,14,653,242" oya="3" hai0="70,127,109,36,71,114,100,34,126,132,28,93,106" hai1="60,22,74,47,31,130,21,129,25,19,78,6,26" hai2="88,41,61,14,10,11,68,49,27,63,108,133,135" hai3="118,42,17,15,1,94,33,90,43,128,79,122,98"/><W87/><G122/><T95/><D114/><U67/><E74/><V56/><F108/><W66/><G1/><T102/><D109/><U65/><E78/><V104/><F104/><W32/><G118/><T8/><D36/><U77/><E77/><V48/><F27/><W54/><G66/><T107/><D28/><U13/><E47/><V112/><F112/><W119/><G119/><T46/><D46/><U9/><E60/><V83/><F68/><W20/><G128/><T50/><D8/><U58/><E58/><V7/><F63/><W76/><G33/><T4/><D50/><U37/><E37/><V18/><F135/><W80/><G32/><T45/><D45/><U44/><E44/><V24/><F41/><W53/><G79/><T86/><D34/><U3/><E67/><V91/><F133/><W73/><G73/><T96/><D4/><U35/><E65/><V5/><F24/><W2/><G2/><T105/><D86/><U52/><E52/><AGARI ba="0,0" hai="15,17,20,42,43,52,53,54,76,80,87,90,94,98" machi="52" ten="40,3900,0" yaku="8,1,54,1" doraHai="115" who="3" fromWho="1" sc="91,0,14,-39,653,0,242,39" owari="91,-30.9,-25,-52.5,653,75.3,281,8.1" /></mjloggm>