<mjloggm ver="2.3"><GO type="41" lobby="0"/><UN n0="%E2%93%9D%4C%75%63%6B%79%4A" n1="%E9%9A%86%E5%A3%AB%E4%B8%B8" n2="%E2%98%86%E3%81%BF%E3%81%A1" n3="%E7%B2%97%E5%8F%AF%E4%BB%A5%E5%9B%9B%E6%AE%B5" dan="15,14,14,13" rate="2155.42,1910.47,2016.89,1911.33" sx="M,M,M,F"/><TAIKYOKU oya="0"/><INIT seed="0,0,0,1,5,68" ten="250,250,250,250" oya="0" hai0="80,77,4,10,11,95,122,19,114,97,70,109,33" hai1="38,104,113,116,21,52,106,75,57,56,60,79,82" hai2="90,86,15,83,98,78,100,35,117,59,0,13,51" hai3="6,131,124,49,55,24,73,133,89,32,107,25,101"/><T130/><D122/><U7/><E116/><V91/><F0/><W50/><G73/><T128/><D70/><U41/><E113/><V119/><F35/><W103/><G131/><N who="0" m="50219" /><D33/><U20/><E7/><V74/><F119/><W18/><G6/><T76/><D114/><U67/><E106/><V44/><F59/><W135/><G55/><T5/><D19/><U102/><E104/><V105/><F117/><W12/><G32/><T46/><D109/><U36/><E102/><V45/><F91/><W39/><G89/><N who="0" m="55535" /><D46/><U53/><E67/><V125/><F125/><W88/><G18/><T17/><D17/><U112/><E112/><V34/><F34/><W63/><G124/><T92/><D92/><U134/><E134/><V121/><F45/><W3/><G107/><T14/><D80/><U115/><E115/><V66/><F66/><W94/><G3/><AGARI ba="0,0" hai="3,4,5,10,11,14,76,77" m="55535,50219" machi="3" ten="30,1500,0" yaku="19,1" doraHai="68" who="0" fromWho="3" sc="250,15,250,0,250,0,250,-15" /><INIT seed="0,1,0,0,4,24" ten="265,250,250,235" oya="0" hai0="132,27,57,109,4,37,26,90,81,43,79,18,91" hai1="55,124,47,11,30,17,16,20,118,23,38,117,106" hai2="45,75,130,119,58,86,123,127,80,134,114,121,129" hai3="49,51,54,8,10,6,92,14,110,64,25,46,15"/><T115/><D115/><U87/><E106/><V34/><F45/><W120/><G110/><T84/><D132/><U97/><E97/><V35/><F58/><W2/><G120/><N who="2" m="46153" /><F86/><W62/><G25/><T113/><D4/><U133/><E87/><V32/><F80/><W73/><G73/><T67/><D113/><U101/><E101/><V48/><F48/><W69/><G10/><T40/><D109/><U74/><E74/><V52/><F52/><W100/><G100/><T56/><D37/><U76/><E76/><V85/><F85/><W59/><REACH who="3" step="1"/><G92/><REACH who="3" ten="265,250,250,225" step="2"/><T128/><D27/><U22/><E118/><V5/><F75/><W94/><G94/><T12/><D26/><N who="1" m="16711" /><E117/><V104/><F104/><W9/><G9/><T41/><D128/><N who="2" m="49258" /><F119/><W29/><G29/><T13/><D91/><U44/><E133/><V61/><F114/><W65/><G65/><T82/><D67/><U96/><E11/><V102/><F102/><W31/><G31/><T99/><D82/><U60/><E96/><V98/><F98/><W125/><G125/><T111/><D111/><U89/><E124/><V42/><F127/><W3/><G3/><T70/><D99/><U50/><E38/><V83/><F134/><W21/><G21/><N who="1" m="7690" /><E89/><V131/><F131/><W95/><G95/><T107/><D90/><U68/><E68/><V116/><F83/><W1/><G1/><T122/><D122/><U112/><E112/><V78/><F116/><W7/><G7/><T39/><D107/><U93/><E93/><V33/><F5/><W126/><G126/><T53/><D84/><U135/><E135/><RYUUKYOKU ba="1,1" sc="265,-10,250,-10,250,-10,225,30" hai3="2,6,8,14,15,46,49,51,54,59,62,64,69" /><INIT seed="1,2,1,5,2,111" ten="255,240,240,255" oya="1" hai0="67,64,121,134,32,129,132,106,26,20,36,63,50" hai1="107,101,70,34,45,118,15,39,131,91,93,13,24" hai2="55,4,65,73,2,46,80,17,89,133,56,31,108" hai3="126,40,122,115,123,38,72,117,12,10,99,62,53"/><U25/><E118/><V37/><F108/><W125/><G72/><T96/><D36/><U0/><E0/><V30/><F133/><N who="0" m="51306" /><D50/><U19/><E70/><V52/><F65/><W76/><G76/><T1/><D1/><U87/><E131/><V59/><F73/><W41/><G117/><T105/><D67/><U5/><E34/><V120/><F120/><W75/><G75/><T79/><D79/><U85/><E107/><N who="0" m="40969" /><D96/><U42/><E101/><V92/><F80/><W16/><G99/><T69/><D129/><U103/><E103/><V78/><F78/><W47/><G41/><T71/><D32/><U44/><E44/><V9/><F37/><W33/><G33/><T43/><D43/><U95/><E5/><V11/><F46/><W83/><G83/><T48/><D48/><U135/><E135/><V60/><F17/><W28/><G28/><N who="0" m="17479" /><D121/><U88/><E15/><V6/><F11/><AGARI ba="2,1" hai="11,13,19,24,25,39,42,45,85,87,88,91,93,95" machi="11" ten="30,5800,0" yaku="7,1,9,1,54,1" doraHai="111" who="1" fromWho="2" sc="255,0,240,74,240,-64,255,0" /><INIT seed="1,3,0,5,4,111" ten="255,314,176,255" oya="1" hai0="41,79,78,47,116,70,104,94,98,114,105,120,58" hai1="1,60,53,42,72,118,17,13,32,51,99,16,73" hai2="36,129,121,135,69,117,130,24,123,122,46,31,102" hai3="3,45,30,86,11,39,6,62,113,66,2,18,125"/><U49/><E118/><V27/><F102/><W108/><G108/><T61/><D70/><U93/><E1/><V19/><F69/><W85/><G125/><T74/><D116/><U37/><E32/><N who="2" m="20583" /><F36/><W35/><G3/><T57/><D114/><U28/><E28/><V128/><F46/><W0/><G0/><T29/><D29/><U4/><E37/><V119/><F135/><W68/><G18/><T23/><D120/><U26/><E4/><V127/><F127/><W48/><G48/><T56/><D23/><AGARI ba="3,0" hai="19,23,27,117,119,121,122,123,128,129,130" m="20583" machi="23" ten="40,5200,0" yaku="19,1,34,2" doraHai="111" who="2" fromWho="0" sc="255,-61,314,0,176,61,255,0" /><INIT seed="2,0,0,4,2,82" ten="194,314,237,255" oya="2" hai0="33,43,91,30,93,60,95,17,111,68,113,103,131" hai1="52,4,96,26,69,125,36,22,128,92,50,120,63" hai2="46,35,48,41,18,67,94,32,2,5,42,126,110" hai3="102,38,86,53,55,23,124,123,130,54,87,64,112"/><V31/><F126/><W119/><G123/><T1/><D1/><U117/><E117/><V37/><F67/><W74/><G74/><T44/><D113/><U47/><E125/><V45/><F31/><W56/><G119/><T106/><D111/><U133/><E120/><V122/><F122/><W101/><G124/><T100/><D106/><U14/><E128/><V90/><F110/><W24/><G130/><T97/><D131/><U104/><E104/><V16/><F5/><W28/><G38/><T61/><D68/><U57/><E133/><V29/><F2/><W77/><G77/><T51/><D33/><U132/><E132/><V58/><F58/><W115/><G64/><T70/><D30/><U76/><E76/><V129/><F129/><W127/><G127/><T65/><D61/><U116/><E116/><V78/><F78/><W118/><G118/><T62/><D62/><U3/><E3/><V81/><F81/><W8/><G56/><T12/><REACH who="0" step="1"/><D95/><REACH who="0" ten="184,314,237,255" step="2"/><U10/><E69/><V134/><F134/><W83/><G112/><T84/><D84/><N who="3" m="32297" /><G115/><T21/><AGARI ba="0,1" hai="12,17,21,43,44,51,60,65,70,91,93,97,100,103" machi="21" ten="20,2700,0" yaku="1,1,0,1,7,1,53,0" doraHai="82" doraHaiUra="34" who="0" fromWho="0" sc="184,37,314,-7,237,-13,255,-7" /><INIT seed="3,0,0,4,1,69" ten="221,307,224,248" oya="3" hai0="56,50,131,40,55,64,89,6,11,12,13,96,62" hai1="80,16,29,104,120,20,22,31,30,38,125,98,32" hai2="26,19,58,123,73,101,112,2,93,66,63,48,39" hai3="113,102,78,65,14,110,70,127,67,57,87,54,79"/><W92/><G113/><T1/><D131/><U83/><E120/><V35/><F2/><W82/><G127/><T94/><REACH who="0" step="1"/><D40/><REACH who="0" ten="211,307,224,248" step="2"/><U25/><E125/><V116/><F123/><W71/><G110/><T119/><D119/><U4/><E32/><V111/><F116/><W75/><G71/><AGARI ba="0,1" hai="1,6,11,12,13,50,55,56,62,64,71,89,94,96" machi="71" ten="30,2000,0" yaku="1,1,7,1,53,0" doraHai="69" doraHaiUra="122" who="0" fromWho="3" sc="211,30,307,0,224,0,248,-20" /><INIT seed="4,0,0,2,1,119" ten="241,307,224,228" oya="0" hai0="105,30,8,126,23,33,27,86,94,42,135,36,24" hai1="10,125,89,69,28,7,3,34,113,19,48,102,52" hai2="26,31,76,14,55,121,88,103,72,35,0,106,51" hai3="132,37,108,93,82,15,46,122,114,73,84,78,96"/><T17/><D105/><U40/><E69/><V100/><F0/><W71/><G108/><T83/><D126/><U97/><E125/><V44/><F106/><W5/><G71/><T81/><D135/><U129/><E129/><V115/><F115/><W2/><G114/><T62/><D36/><U18/><E113/><V118/><F118/><W13/><G132/><T4/><D42/><U134/><E134/><V95/><F121/><W58/><G58/><T90/><REACH who="0" step="1"/><D62/><REACH who="0" ten="231,307,224,228" step="2"/><U104/><E40/><V98/><F72/><W65/><G73/><T59/><D59/><U29/><E34/><V38/><F38/><W11/><G37/><T22/><D22/><U70/><E70/><V116/><F116/><W54/><G2/><AGARI ba="0,1" hai="2,4,8,17,23,24,27,30,33,81,83,86,90,94" machi="2" ten="30,2900,0" yaku="1,1,7,1,53,0" doraHai="119" doraHaiUra="101" who="0" fromWho="3" sc="231,39,307,0,224,0,228,-29" /><INIT seed="4,1,0,3,1,18" ten="270,307,224,199" oya="0" hai0="56,94,65,135,34,89,67,5,75,52,7,3,8" hai1="74,61,28,31,103,33,86,83,123,102,98,12,6" hai2="120,55,131,118,85,51,26,128,101,68,109,15,82" hai3="19,117,21,64,42,126,17,77,43,32,23,46,113"/><T47/><D34/><U41/><E123/><V36/><F36/><W25/><G117/><T60/><D75/><U4/><E74/><V69/><F101/><N who="1" m="38409" /><E33/><V99/><F99/><W40/><G113/><T27/><D135/><U24/><E41/><V95/><F95/><W121/><G121/><T132/><D132/><U124/><E124/><V76/><F120/><W45/><G126/><T96/><D7/><N who="1" m="2603" /><E98/><V133/><F133/><W63/><G77/><T38/><REACH who="0" step="1"/><D27/><REACH who="0" ten="260,307,224,199" step="2"/><U111/><E111/><V80/><F109/><W119/><G32/><T125/><D125/><U73/><E73/><V58/><F118/><W50/><G119/><T110/><D110/><U30/><E24/><V10/><F26/><N who="3" m="14639" /><G46/><T22/><D22/><U134/><E134/><V81/><F69/><W16/><G19/><T14/><D14/><U49/><E12/><V91/><F68/><W78/><G78/><T93/><D93/><U115/><E115/><V29/><F76/><W88/><G88/><T87/><D87/><U66/><E86/><V116/><F116/><W84/><G84/><T13/><D13/><U37/><E83/><V62/><F82/><W90/><G90/><T11/><D11/><U114/><E114/><V108/><F81/><W72/><G72/><T54/><D54/><U127/><E127/><V1/><F108/><W35/><G35/><T59/><D59/><AGARI ba="1,1" hai="16,23,25,40,42,43,45,50,59,63,64" m="14639" machi="59" ten="30,7700,0" yaku="8,1,52,2,54,1" doraHai="18" who="3" fromWho="0" sc="260,-80,307,0,224,0,199,90" /><INIT seed="5,0,0,5,2,70" ten="180,307,224,289" oya="1" hai0="105,23,87,118,29,54,103,128,74,109,111,135,129" hai1="85,19,121,113,92,107,64,12,15,116,60,47,119" hai2="122,126,56,51,95,37,77,96,133,134,99,66,79" hai3="21,110,61,132,35,55,89,48,28,18,39,20,14"/><U59/><E121/><V115/><F122/><W11/><G110/><N who="0" m="41995" /><D54/><U73/><E73/><V108/><F108/><W34/><G132/><T58/><D58/><U2/><E2/><V67/><F126/><W104/><G104/><T57/><D57/><U83/><E107/><V68/><F68/><W81/><G61/><T125/><D23/><U120/><E120/><V100/><F115/><W114/><G114/><T69/><D29/><U102/><E113/><V82/><F37/><W32/><G39/><T33/><D33/><U40/><E15/><V53/><F79/><W22/><G28/><T1/><D1/><U27/><E27/><V65/><REACH who="2" step="1"/><F99/><REACH who="2" ten="180,307,214,289" step="2"/><W30/><G30/><T45/><D69/><U46/><E119/><V98/><F98/><W49/><G35/><T13/><D125/><U4/><E116/><V26/><F26/><W0/><G34/><T6/><D118/><U9/><E102/><V131/><F131/><W42/><G32/><T130/><D103/><U123/><E123/><V52/><F52/><W90/><G55/><T91/><D130/><U36/><E92/><V93/><F93/><W24/><G24/><T44/><D129/><U78/><REACH who="1" step="1"/><E46/><REACH who="1" ten="180,297,214,289" step="2"/><V112/><F112/><W43/><G0/><T8/><D128/><U75/><E75/><AGARI ba="0,2" hai="51,53,56,65,66,67,75,77,82,95,96,100,133,134" machi="75" ten="40,2600,0" yaku="1,1,53,1" doraHai="70" doraHaiUra="106" who="2" fromWho="1" sc="180,0,297,-26,214,46,289,0" /><INIT seed="6,0,0,0,1,120" ten="180,271,260,289" oya="2" hai0="56,83,86,6,107,123,99,113,47,90,3,124,17" hai1="40,95,19,42,20,81,119,35,32,67,4,21,132" hai2="31,7,28,109,14,38,58,16,73,102,36,111,12" hai3="27,29,66,104,5,96,53,50,34,57,70,60,33"/><V10/><F73/><W94/><G5/><T129/><D123/><U92/><E119/><V68/><F68/><W108/><G108/><N who="2" m="41545" /><F102/><W79/><G79/><T8/><D124/><U13/><E132/><V116/><F116/><W25/><G25/><T48/><D129/><U63/><E35/><V88/><F58/><W15/><G15/><T130/><D113/><U135/><E32/><V11/><F88/><W22/><G104/><T1/><D130/><U41/><E135/><V133/><F133/><W65/><G66/><T62/><D107/><U85/><E4/><V87/><F87/><W91/><AGARI ba="0,0" hai="22,27,29,33,34,50,53,57,60,65,70,91,94,96" machi="91" ten="20,1500,0" yaku="0,1,7,1" doraHai="120" who="3" fromWho="3" sc="180,-4,271,-4,260,-7,289,15" /><INIT seed="7,0,0,3,3,13" ten="176,267,253,304" oya="3" hai0="105,108,77,65,5,26,42,38,80,82,31,60,69" hai1="6,84,124,15,36,33,32,81,49,16,95,134,110" hai2="63,12,100,71,83,64,40,3,122,19,61,43,59" hai3="78,55,11,94,35,7,98,76,92,29,25,128,91"/><W48/><G128/><T88/><D108/><U0/><E110/><V112/><F122/><W96/><G92/><T37/><D5/><U52/><E36/><V46/><F112/><W20/><G35/><T34/><D42/><U50/><E124/><V1/><F100/><W41/><G41/><T54/><D54/><U47/><E134/><V2/><F83/><W72/><G96/><T22/><D105/><U111/><E111/><V125/><F46/><N who="3" m="28055" /><G72/><T107/><D107/><U53/><E95/><V28/><F28/><W104/><G104/><T14/><D82/><U70/><E70/><V90/><F90/><W109/><G109/><T97/><D97/><U86/><E0/><V56/><F71/><W4/><G11/><T131/><D131/><U132/><E6/><AGARI ba="0,0" hai="4,6,7,20,25,29,76,78,91,94,98" m="28055" machi="6" ten="30,1500,0" yaku="8,1" doraHai="13" who="3" fromWho="1" sc="176,0,267,-15,253,0,304,15" owari="176,-32.4,252,-14.8,253,5.3,319,41.9" /></mjloggm>