<mjloggm ver="2.3"><GO type="9" lobby="0"/><UN n0="%4D%2D%4B%41%4D%41%44%41" n1="%73%6D%6F%6B%65%72%33%33" n2="%E2%93%9D%4C%75%63%6B%79%4A" n3="%E3%83%A2%E3%83%AD%E3%83%96%E3%83%A9%E3%83%B3" dan="7,11,6,11" rate="1684.98,1597.94,1627.73,1698.79" sx="M,M,M,F"/><TAIKYOKU oya="0"/><INIT seed="0,0,0,1,1,108" ten="250,250,250,250" oya="0" hai0="48,105,123,92,39,111,25,60,58,78,34,129,18" hai1="73,28,14,55,119,85,61,121,53,41,3,40,68" hai2="65,52,36,124,93,45,22,116,54,15,97,126,72" hai3="67,80,90,26,117,82,96,120,27,63,104,0,89"/><T5/><D123/><U135/><E119/><V112/><F72/><W134/><G0/><T130/><D105/><U2/><E121/><V115/><F65/><W49/><G117/><T99/><D39/><U114/><E73/><V109/><F116/><W110/><G120/><T42/><D5/><U107/><E107/><V24/><F15/><W9/><G9/><T127/><D78/><U83/><E135/><V38/><F109/><W87/><G110/><T8/><D111/><U43/><E28/><V79/><F79/><W21/><G49/><T37/><D37/><N who="2" m="14442" /><F22/><W64/><G21/><N who="0" m="13495" /><D34/><U10/><E114/><N who="2" m="43563" /><F24/><W35/><G63/><T13/><D42/><N who="1" m="16491" /><E68/><V70/><F70/><W66/><G35/><T101/><D48/><U29/><E29/><V11/><F11/><W132/><G104/><T88/><D101/><U106/><E106/><V71/><F71/><W17/><G17/><N who="0" m="8359" /><D127/><N who="2" m="48682" /><F45/><W81/><G96/><T50/><D50/><U75/><E75/><V56/><F56/><W98/><G87/><T51/><D51/><U33/><E33/><V113/><N who="2" m="43571" /><V102/><AGARI ba="0,0" hai="52,54,93,97,102" m="48682,43571,14442" machi="102" ten="50,12000,2" yaku="4,1,18,1,52,4,54,1" doraHai="108" who="2" fromWho="2" sc="250,-60,250,-30,250,120,250,-30" /><INIT seed="1,0,0,4,5,11" ten="190,220,370,220" oya="1" hai0="131,12,98,79,35,52,96,119,68,57,42,94,28" hai1="66,109,62,83,39,30,22,108,112,107,71,74,13" hai2="43,16,10,82,103,122,126,87,125,64,81,111,135" hai3="128,105,45,61,48,102,133,118,32,56,0,117,110"/><U3/><E112/><V40/><F122/><W97/><G128/><T65/><D119/><U90/><E107/><V73/><F64/><W75/><G0/><T9/><D35/><U127/><E3/><V67/><F67/><W106/><G75/><T5/><D28/><U129/><E39/><V8/><F103/><W19/><G32/><T76/><D42/><U18/><E129/><V37/><F111/><N who="1" m="42569" /><E127/><V84/><F73/><W80/><G80/><T120/><D131/><U86/><E74/><V116/><F37/><W50/><G133/><T31/><D31/><AGARI ba="0,0" hai="13,18,22,30,31,62,66,71,83,86,90" m="42569" machi="31" ten="30,5800,0" yaku="14,1,10,1,52,1" doraHai="11" who="1" fromWho="0" sc="190,-58,220,58,370,0,220,0" /><INIT seed="1,1,0,0,2,126" ten="132,278,370,220" oya="1" hai0="62,67,72,19,17,43,33,110,68,60,127,76,40" hai1="84,112,12,91,105,7,120,74,130,78,86,14,0" hai2="95,58,98,29,6,30,99,20,34,22,2,26,89" hai3="37,32,124,52,44,50,117,118,82,122,116,41,93"/><U132/><E120/><V56/><F34/><W87/><G32/><T79/><D72/><U4/><E112/><V97/><F2/><W28/><G122/><T39/><D33/><U69/><E69/><V80/><F6/><W10/><G28/><T73/><D73/><U85/><E132/><V42/><F42/><W131/><G124/><T75/><D75/><U135/><E135/><V46/><F46/><N who="3" m="23855" /><G93/><T94/><D127/><U77/><E105/><V13/><F80/><W54/><G10/><T48/><D39/><U63/><E0/><V70/><F70/><W134/><G54/><T21/><D68/><U15/><E63/><V59/><REACH who="2" step="1"/><F13/><REACH who="2" ten="132,278,360,220" step="2"/><W108/><G134/><T129/><D67/><U31/><E74/><V47/><F47/><W45/><G45/><T101/><D94/><U3/><E3/><V57/><N who="2" m="14336" /><DORA hai="113" /><V27/><AGARI ba="1,1" hai="20,22,26,27,29,30,89,95,97,98,99" m="14336" machi="27" ten="40,16000,3" yaku="1,1,4,1,0,1,9,1,8,1,53,4" doraHai="126,113" doraHaiUra="119,53" who="2" fromWho="2" sc="132,-41,278,-81,360,173,220,-41" /><INIT seed="2,0,0,3,2,121" ten="91,197,533,179" oya="2" hai0="50,83,66,127,78,65,69,103,61,31,100,110,3" hai1="124,59,26,122,45,86,14,135,80,60,101,49,68" hai2="17,20,2,114,29,32,1,134,40,105,131,97,48" hai3="56,27,43,53,126,116,85,15,62,4,54,102,91"/><V38/><F38/><W79/><G116/><T57/><D3/><U34/><E135/><V46/><F114/><W10/><G126/><T88/><D127/><U125/><E122/><V99/><F134/><W25/><G43/><T84/><D69/><U96/><E124/><V128/><F29/><W130/><G102/><T70/><D70/><U22/><E125/><V92/><F32/><W94/><G130/><N who="2" m="49705" /><F105/><W67/><G79/><T76/><D31/><U117/><E117/><V23/><F99/><W55/><AGARI ba="0,0" hai="4,10,15,25,27,53,54,55,56,62,67,85,91,94" machi="55" ten="30,2000,0" yaku="0,1,8,1" doraHai="121" who="3" fromWho="3" sc="91,-5,197,-5,533,-10,179,20" /><INIT seed="3,0,0,1,2,41" ten="86,192,523,199" oya="3" hai0="40,22,125,124,51,55,13,6,85,15,57,118,89" hai1="73,90,20,64,126,53,87,47,95,112,111,32,83" hai2="45,76,21,120,69,81,66,60,102,130,105,9,122" hai3="114,109,121,80,58,38,59,92,14,10,127,70,110"/><W75/><G121/><N who="2" m="46697" /><F21/><W88/><G70/><T5/><D118/><U117/><E117/><V108/><F9/><W128/><G114/><T27/><D5/><U12/><E112/><V39/><F108/><N who="3" m="41579" /><G38/><T116/><D116/><U94/><E111/><V19/><F19/><W31/><G127/><N who="0" m="48715" /><D6/><U18/><E126/><V26/><F26/><W67/><G67/><T107/><D107/><U119/><E32/><V52/><F102/><W34/><G128/><T30/><D40/><U106/><E106/><V72/><F105/><W33/><G75/><T135/><D135/><U65/><E119/><V131/><F52/><W134/><G80/><AGARI ba="0,0" hai="13,15,22,27,30,51,55,57,80,85,89" m="48715" machi="80" ten="30,1000,0" yaku="18,1" doraHai="41" who="0" fromWho="3" sc="86,10,192,0,523,0,199,-10" /><INIT seed="4,0,0,5,4,123" ten="96,192,523,189" oya="0" hai0="61,3,10,101,48,67,135,112,41,124,121,125,83" hai1="19,15,57,66,94,85,50,39,42,71,133,55,38" hai2="111,9,65,72,97,116,120,52,74,22,62,30,126" hai3="45,99,79,25,91,109,68,56,127,106,70,44,75"/><T98/><D121/><U88/><E133/><V84/><F120/><W92/><G127/><N who="0" m="48715" /><D135/><U102/><E102/><V129/><F84/><W49/><G25/><T86/><D3/><U59/><E59/><V31/><F9/><W87/><G56/><N who="0" m="37287" /><D10/><U77/><E77/><V47/><F116/><W134/><G134/><T29/><D29/><U80/><E42/><V131/><F31/><W73/><G73/><T7/><D7/><U27/><E27/><V58/><F30/><W53/><G44/><N who="0" m="25615" /><D112/><U4/><E4/><V119/><F119/><W18/><G18/><T128/><D128/><U8/><E71/><V132/><F132/><W20/><G20/><T69/><D69/><U115/><E115/><V1/><F22/><W108/><G68/><T5/><D5/><U96/><E66/><V104/><F1/><W46/><G70/><T107/><D86/><U95/><E95/><V21/><F126/><W51/><G51/><T78/><D78/><U16/><E96/><V36/><F97/><W17/><G45/><T14/><D14/><U11/><E94/><V32/><F131/><W105/><G17/><T37/><D83/><U54/><E54/><V26/><F52/><W2/><G2/><T34/><D37/><U90/><E90/><V28/><F129/><W130/><G130/><T103/><D103/><U100/><E100/><V110/><F36/><W23/><G106/><T93/><D93/><U33/><E33/><AGARI ba="0,0" hai="33,34,98,101,107" m="25615,37287,48715" machi="33" ten="30,1500,0" yaku="18,1" doraHai="123" who="0" fromWho="1" sc="96,15,192,-15,523,0,189,0" /><INIT seed="4,1,0,4,0,43" ten="111,177,523,189" oya="0" hai0="40,77,91,103,134,4,1,52,83,131,129,47,50" hai1="101,117,18,122,68,19,41,70,3,9,99,17,8" hai2="7,24,65,95,72,33,127,35,64,128,135,29,6" hai3="12,34,22,31,32,107,121,88,118,10,75,119,73"/><T105/><D1/><U82/><E122/><V81/><F128/><N who="0" m="49226" /><D4/><U100/><E117/><V54/><F127/><W79/><G107/><T61/><D105/><U125/><E125/><V87/><F72/><W36/><G121/><T94/><D103/><U46/><E3/><V74/><F74/><W80/><G75/><N who="0" m="43455" /><D61/><U67/><E67/><V14/><F35/><W102/><G36/><T37/><D134/><U86/><E99/><V98/><F7/><W112/><G112/><T0/><D0/><U106/><E106/><V108/><F135/><W92/><G22/><T60/><D60/><U110/><E110/><V26/><F108/><W62/><G62/><T120/><D120/><U114/><E114/><V58/><F6/><W38/><G38/><T53/><D37/><U57/><E57/><V15/><F58/><W49/><G102/><T51/><D51/><U132/><E132/><V55/><F65/><W124/><G124/><T76/><D76/><U63/><E63/><V23/><F64/><W11/><G11/><T116/><D116/><U16/><E70/><V115/><F115/><W104/><G104/><T20/><D20/><U27/><E68/><V109/><F109/><W71/><G71/><T111/><D111/><U97/><E97/><AGARI ba="1,0" hai="40,47,50,52,53,91,94,97" m="43455,49226" machi="97" ten="30,5800,0" yaku="19,1,52,1,54,1" doraHai="43" who="0" fromWho="1" sc="111,61,177,-61,523,0,189,0" /><INIT seed="4,2,0,5,5,121" ten="172,116,523,189" oya="0" hai0="117,111,58,135,56,74,63,128,77,59,14,42,88" hai1="116,90,133,82,40,94,29,57,101,46,55,95,48" hai2="53,60,78,9,87,65,130,93,113,83,114,50,102" hai3="25,125,110,131,129,39,41,91,49,10,8,76,16"/><T5/><D117/><U13/><E116/><V47/><F130/><W33/><G125/><T99/><D74/><U62/><E133/><V71/><F102/><W98/><G39/><T119/><D119/><U122/><E122/><V45/><F93/><W26/><G76/><T32/><D32/><U12/><E29/><V20/><F20/><W18/><G49/><T19/><D135/><U52/><E101/><V104/><F104/><W66/><G66/><T0/><D0/><U132/><E132/><V7/><REACH who="2" step="1"/><F47/><REACH who="2" ten="172,116,513,189" step="2"/><W89/><G98/><T124/><D128/><U86/><E40/><V1/><AGARI ba="2,1" hai="1,7,9,45,50,53,60,65,71,78,83,87,113,114" machi="1" ten="30,4000,0" yaku="1,1,2,1,0,1,53,0" doraHai="121" doraHaiUra="68" who="2" fromWho="2" sc="172,-22,116,-12,513,56,189,-12" /><INIT seed="5,0,0,0,4,26" ten="150,104,569,177" oya="1" hai0="108,135,133,11,30,6,91,103,87,31,59,75,81" hai1="105,28,126,131,122,63,65,77,129,19,78,37,38" hai2="104,102,45,17,41,55,25,114,51,4,90,134,112" hai3="5,60,32,48,40,7,98,125,123,62,101,69,53"/><U24/><E122/><V121/><F121/><W29/><G123/><T86/><D103/><U97/><E126/><V118/><F4/><W58/><G125/><T44/><D108/><U99/><E19/><V68/><F118/><W119/><G40/><T52/><D75/><U124/><E124/><V132/><F90/><W56/><G119/><T20/><D44/><U71/><E78/><V82/><F82/><W16/><G16/><T100/><D100/><N who="1" m="62607" /><E77/><V10/><F104/><W127/><G127/><T14/><D20/><U106/><E99/><V39/><F102/><W89/><G89/><T9/><D9/><U92/><E92/><V70/><F10/><W95/><G69/><N who="2" m="26729" /><F25/><W83/><G83/><T88/><D135/><N who="2" m="51754" /><F17/><W33/><G48/><N who="0" m="31111" /><D133/><U79/><E79/><V21/><F21/><W12/><G12/><T94/><AGARI ba="0,0" hai="6,11,14,30,31,81,86,87,88,91,94" m="31111" machi="94" ten="30,8000,1" yaku="8,1,52,2,54,2" doraHai="26" who="0" fromWho="0" sc="150,80,104,-40,569,-20,177,-20" /><INIT seed="6,0,0,5,5,72" ten="230,64,549,157" oya="2" hai0="113,135,53,123,52,3,22,83,68,96,115,31,65" hai1="17,51,126,84,127,54,87,86,32,133,121,112,97" hai2="77,63,56,81,73,48,16,62,125,14,46,64,91" hai3="24,30,11,109,130,110,55,39,21,27,44,23,98"/><V2/><F125/><N who="1" m="47625" /><E32/><V120/><F120/><W116/><G116/><T36/><D3/><U10/><E121/><V101/><F2/><W106/><G130/><T60/><D36/><U19/><E133/><V35/><F35/><W108/><G106/><T34/><D123/><U82/><E112/><N who="0" m="43081" /><D135/><U131/><E131/><V28/><F28/><W85/><G98/><T26/><D22/><U13/><E97/><V7/><F63/><W95/><G11/><T70/><D70/><U38/><E38/><V88/><F7/><W40/><G55/><T111/><D111/><U45/><E19/><V132/><F101/><W124/><G124/><T92/><D83/><AGARI ba="0,0" hai="10,13,17,45,51,54,82,83,84,86,87" m="47625" machi="83" ten="30,1000,0" yaku="18,1" doraHai="72" who="1" fromWho="0" sc="230,-10,64,10,549,0,157,0" /><INIT seed="7,0,0,3,1,73" ten="220,74,549,157" oya="3" hai0="96,22,108,6,85,35,42,67,37,38,68,132,135" hai1="43,111,128,126,12,66,47,129,99,31,25,56,82" hai2="46,97,50,33,127,27,24,102,13,59,101,45,55" hai3="10,3,109,16,95,26,75,89,32,36,103,118,29"/><W4/><G118/><T52/><D35/><U83/><E111/><V125/><F102/><W57/><G109/><T9/><D22/><U121/><E121/><V86/><F86/><W11/><G36/><T105/><D108/><U106/><E126/><N who="2" m="48139" /><F13/><W110/><G110/><T48/><D105/><U113/><E113/><V100/><F101/><W61/><G75/><T87/><D96/><U134/><E134/><N who="0" m="51241" /><D68/><U78/><E83/><V64/><F64/><W84/><G103/><T81/><D67/><U40/><E12/><V69/><F69/><W119/><G119/><T5/><D42/><U71/><E56/><V116/><F116/><W117/><G117/><T30/><D30/><U21/><E47/><N who="2" m="17931" /><F33/><W130/><G11/><T14/><D5/><U17/><E17/><V104/><AGARI ba="0,0" hai="24,27,50,55,59,97,100,104" m="17931,48139" machi="104" ten="30,1100,0" yaku="18,1" doraHai="73" who="2" fromWho="2" sc="220,-3,74,-3,549,11,157,-5" owari="217,1.7,71,-42.9,560,66.0,152,-24.8" /></mjloggm>