<mjloggm ver="2.3"><GO type="41" lobby="0"/><UN n0="%E3%81%92%E3%82%93%E3%81%8D%E3%81%A1" n1="%6D%69%6C%6F%6E%6B" n2="%E9%BB%92%E7%BE%BD%E7%B9%94" n3="%E2%93%9D%4C%75%63%6B%79%4A" dan="14,13,15,18" rate="2022.32,1819.23,2085.41,2200.69" sx="M,M,M,M"/><TAIKYOKU oya="0"/><INIT seed="0,0,0,3,1,61" ten="250,250,250,250" oya="0" hai0="20,34,124,23,109,120,47,83,62,14,9,1,84" hai1="4,122,39,112,50,99,117,45,107,31,77,57,98" hai2="43,79,60,54,5,38,100,85,15,46,135,127,118" hai3="72,128,55,91,132,113,93,28,119,69,78,3,22"/><T65/><D120/><U106/><E117/><V41/><F127/><W103/><G69/><T16/><D124/><U53/><E122/><V101/><F135/><W63/><G3/><T129/><D129/><U37/><E77/><V52/><F41/><W105/><G28/><T24/><D109/><U88/><E4/><V121/><F118/><W94/><G22/><T70/><D1/><U2/><E2/><V108/><F108/><W10/><G55/><T29/><REACH who="0" step="1"/><D47/><REACH who="0" ten="240,250,250,250" step="2"/><U76/><E45/><V30/><F46/><W27/><G128/><T97/><D97/><U68/><E98/><V126/><F126/><W73/><G119/><T64/><D64/><U11/><E99/><V115/><F121/><W92/><G132/><T89/><AGARI ba="0,1" hai="9,14,16,20,23,24,29,34,62,65,70,83,84,89" machi="89" ten="20,12000,1" yaku="1,1,0,1,7,1,52,1,54,1,53,0" doraHai="61" doraHaiUra="71" who="0" fromWho="0" sc="240,130,250,-40,250,-40,250,-40" /><INIT seed="0,1,0,0,3,125" ten="370,210,210,210" oya="0" hai0="15,31,97,26,4,44,123,115,13,60,133,29,23" hai1="45,84,37,106,96,6,66,20,89,69,99,124,39" hai2="38,103,100,126,108,113,105,81,25,54,53,48,93" hai3="134,112,58,86,127,72,132,94,85,91,79,128,111"/><T57/><D115/><U83/><E124/><V27/><F38/><W1/><G1/><T65/><D123/><U117/><E117/><V88/><F108/><W90/><G58/><T122/><D122/><U87/><E6/><V19/><F105/><W33/><G33/><T2/><D133/><N who="3" m="51305" /><G112/><T63/><D31/><U129/><E66/><V120/><F126/><W17/><G17/><T8/><D44/><U98/><E69/><V34/><F54/><W43/><G43/><T9/><D60/><U50/><E106/><V46/><F120/><W82/><G127/><T121/><D121/><U104/><E104/><V10/><F81/><N who="3" m="49615" /><G111/><T102/><REACH who="0" step="1"/><D9/><REACH who="0" ten="360,210,210,210" step="2"/><U70/><E45/><V16/><F113/><W36/><G36/><T42/><D42/><U67/><E39/><V41/><F41/><W109/><G109/><T56/><D56/><U59/><E59/><V3/><F10/><W35/><G35/><T116/><D116/><U73/><E37/><V61/><F34/><W118/><G118/><T52/><D52/><U18/><E70/><V64/><F61/><W76/><G79/><T49/><D49/><U101/><E67/><V47/><F53/><W24/><G24/><T77/><D77/><U131/><E50/><V80/><F48/><W95/><G128/><T74/><D74/><U30/><E30/><V7/><F27/><W0/><G0/><T75/><D75/><U110/><E110/><V21/><F25/><W92/><AGARI ba="1,1" hai="72,76,82,85,90,92,94,95" m="49615,51305" machi="92" ten="30,4000,0" yaku="20,1,34,2" doraHai="125" who="3" fromWho="3" sc="360,-21,210,-11,210,-11,210,53" /><INIT seed="1,0,0,1,0,21" ten="339,199,199,263" oya="1" hai0="128,11,13,25,60,8,104,69,50,78,30,45,10" hai1="42,65,113,14,40,132,107,112,92,49,39,75,41" hai2="84,36,1,81,79,64,55,66,133,124,16,52,71" hai3="101,23,18,73,129,91,47,17,67,94,38,59,35"/><U125/><E39/><V116/><F116/><W48/><G35/><T121/><D128/><U37/><E37/><V22/><F124/><W6/><G73/><T99/><D121/><U130/><E107/><V123/><F123/><W20/><G6/><T115/><D115/><U9/><E75/><V103/><F1/><W27/><G38/><T93/><D78/><U4/><E125/><V56/><F71/><W135/><G135/><T96/><D104/><U32/><E32/><V131/><F131/><W90/><G129/><T76/><D76/><U68/><E130/><V63/><F133/><W58/><G101/><T54/><D96/><U62/><E132/><V26/><F36/><W29/><G67/><N who="2" m="25641" /><F55/><W80/><G80/><T19/><D69/><U12/><E49/><V86/><F86/><W0/><G0/><T72/><D60/><U106/><E106/><V98/><F98/><W34/><G34/><T114/><D114/><U119/><E119/><V127/><F127/><W43/><G29/><T134/><D72/><U108/><E108/><V70/><F70/><W97/><G91/><T89/><REACH who="0" step="1"/><D134/><REACH who="0" ten="329,199,199,263" step="2"/><U111/><E111/><V28/><F103/><W31/><G31/><AGARI ba="0,1" hai="16,22,26,28,31,52,56,63,79,81,84" m="25641" machi="31" ten="30,7700,0" yaku="8,1,52,1,54,2" doraHai="21" who="2" fromWho="3" sc="329,0,199,0,199,87,263,-77" /><INIT seed="2,0,0,3,0,113" ten="329,199,286,186" oya="2" hai0="88,10,40,33,106,41,26,5,32,86,71,111,46" hai1="12,120,1,55,69,51,93,130,90,44,81,74,56" hai2="72,9,128,25,121,85,96,99,127,108,117,53,89" hai3="49,48,79,73,42,11,118,47,24,37,13,92,100"/><V62/><F72/><W125/><G125/><T64/><D106/><U107/><E1/><V23/><F121/><W30/><G73/><T78/><D78/><U82/><E107/><V67/><F127/><W134/><G134/><T22/><D111/><U80/><E69/><V17/><F128/><W39/><G79/><T45/><D64/><U83/><E130/><V58/><F117/><W77/><G77/><T16/><D71/><U20/><E74/><V103/><F108/><W70/><G70/><T63/><D63/><U123/><N who="1" m="20480" /><DORA hai="135" /><U61/><E12/><V104/><F85/><W110/><G118/><T132/><D132/><U60/><E20/><V126/><F126/><W95/><G49/><T119/><D119/><U50/><E50/><V131/><F131/><W6/><G110/><T129/><D129/><U97/><REACH who="1" step="1"/><E61/><REACH who="1" ten="329,189,286,186" step="2"/><V8/><REACH who="2" step="1"/><F67/><AGARI ba="0,1" hai="44,51,55,56,60,67,90,93,97,120,123" m="20480" machi="67" ten="50,6400,0" yaku="1,1,2,1,53,1" doraHai="113,135" doraHaiUra="91,75" who="1" fromWho="2" sc="329,0,189,74,286,-64,186,0" /><INIT seed="3,0,0,4,1,28" ten="329,263,222,186" oya="3" hai0="36,24,79,25,2,31,128,52,12,84,107,81,86" hai1="124,132,51,18,55,108,106,60,16,0,88,135,133" hai2="69,127,65,42,134,70,7,62,105,101,56,10,64" hai3="91,76,34,71,83,40,77,61,67,126,104,46,97"/><W93/><G126/><T53/><D2/><U50/><E0/><V95/><F134/><W114/><G114/><T112/><D112/><U78/><E106/><V115/><F105/><W11/><G104/><T74/><D128/><U27/><E124/><V21/><F42/><W26/><G11/><T125/><D125/><U37/><E37/><V33/><F115/><W75/><G77/><T20/><D36/><U99/><E78/><V14/><F127/><W102/><G26/><T45/><D107/><U109/><E60/><V73/><F73/><W23/><G23/><T13/><D25/><U72/><E72/><V6/><F21/><W4/><G4/><T49/><D53/><U19/><E27/><V17/><F33/><W85/><G34/><T57/><D45/><U68/><E68/><V129/><F129/><W5/><G5/><T100/><D100/><U59/><E50/><V116/><F116/><W35/><G35/><T103/><D103/><U94/><AGARI ba="0,0" hai="16,18,19,51,55,59,88,94,99,108,109,132,133,135" machi="94" ten="40,8000,1" yaku="0,1,20,1,54,2" doraHai="28" who="1" fromWho="1" sc="329,-20,263,80,222,-20,186,-40" /><INIT seed="4,0,0,3,4,85" ten="309,343,202,146" oya="0" hai0="50,133,84,5,107,56,89,52,80,29,62,130,90" hai1="18,26,72,65,67,82,77,48,42,128,13,76,126" hai2="35,1,122,81,7,55,97,88,110,20,38,73,12" hai3="25,132,23,70,79,39,105,91,95,60,104,37,109"/><T30/><D107/><U113/><E76/><V127/><F35/><W54/><G109/><T87/><D130/><U14/><E128/><V44/><F122/><W66/><G132/><T83/><D133/><U111/><E111/><V40/><F127/><W33/><G33/><T51/><D5/><U9/><E126/><V129/><F129/><W131/><G131/><T21/><D21/><U112/><E26/><V19/><F55/><W115/><G115/><N who="1" m="44106" /><E13/><V45/><F45/><AGARI ba="0,0" hai="9,14,18,42,45,48,65,67,72,77,82" m="44106" machi="45" ten="30,2000,0" yaku="15,1,11,1" doraHai="85" who="1" fromWho="2" sc="309,0,343,20,202,-20,146,0" /><INIT seed="5,0,0,1,5,50" ten="309,363,182,146" oya="1" hai0="51,70,52,94,44,96,62,21,63,3,49,2,125" hai1="101,32,1,35,134,55,59,104,77,110,85,64,53" hai2="100,8,129,36,91,109,114,29,61,103,113,9,67" hai3="89,98,27,122,117,99,95,71,119,57,15,25,133"/><U17/><E1/><V31/><F36/><W30/><G71/><T7/><D125/><U132/><E101/><N who="2" m="38987" /><F91/><W115/><G122/><T38/><D38/><U83/><E104/><V58/><F109/><W26/><G115/><N who="2" m="44041" /><F129/><W42/><G42/><T54/><D21/><U97/><E97/><V79/><F79/><W22/><G133/><N who="1" m="51306" /><E110/><V84/><F84/><W18/><G99/><T41/><D41/><U14/><E59/><V72/><F72/><W90/><G90/><T74/><D74/><U116/><E64/><V135/><F135/><W34/><REACH who="3" step="1"/><G57/><REACH who="3" ten="309,363,182,136" step="2"/><T69/><D96/><U123/><E123/><V112/><F112/><W47/><G47/><T87/><D44/><U19/><E116/><AGARI ba="0,1" hai="15,18,22,25,26,27,30,34,89,95,98,116,117,119" machi="116" ten="40,2600,0" yaku="1,1,12,1,53,0" doraHai="50" doraHaiUra="102" who="3" fromWho="1" sc="309,0,363,-26,182,0,136,36" /><INIT seed="6,0,0,1,3,49" ten="309,337,182,172" oya="2" hai0="22,130,23,34,103,48,117,30,77,18,96,110,15" hai1="92,79,78,111,113,72,84,87,43,5,44,135,95" hai2="127,50,89,52,20,99,3,65,68,108,93,81,58" hai3="24,17,109,105,38,115,122,107,46,71,36,134,57"/><V112/><F112/><W55/><G115/><T35/><D110/><U121/><E111/><V2/><F108/><W54/><G109/><T133/><D130/><U75/><E113/><V37/><F127/><W40/><G122/><T119/><D77/><U10/><E121/><V13/><F37/><W45/><G71/><T25/><D48/><U19/><E19/><V102/><F68/><W16/><G57/><T32/><D96/><U129/><E129/><V42/><F42/><W28/><G28/><T66/><D66/><U73/><E135/><V14/><F65/><W39/><G24/><T29/><D103/><U118/><E118/><N who="0" m="45065" /><D133/><U62/><E62/><V41/><F41/><W86/><G86/><T120/><D120/><U0/><E84/><N who="2" m="50319" /><F2/><W94/><G40/><T116/><N who="0" m="45073" /><T69/><DORA hai="101" /><D69/><U67/><E67/><V114/><F3/><W61/><G39/><T64/><D64/><U125/><E125/><V97/><F114/><W59/><G59/><T124/><D124/><U33/><E33/><V100/><F20/><W56/><G56/><T91/><D91/><U88/><REACH who="1" step="1"/><E95/><AGARI ba="0,0" hai="13,14,50,52,58,93,95,97,99,100,102" m="50319" machi="95" ten="30,5800,0" yaku="8,1,52,1,54,1" doraHai="49,101" who="2" fromWho="1" sc="309,0,337,-58,182,58,172,0" /><INIT seed="6,1,0,3,0,81" ten="309,279,240,172" oya="2" hai0="48,14,124,17,88,19,53,4,30,108,44,73,129" hai1="23,11,62,120,127,63,82,28,85,1,57,115,2" hai2="52,6,15,36,119,49,74,69,105,106,41,86,72" hai3="104,101,75,107,42,114,130,113,0,65,125,94,39"/><V51/><F119/><W135/><G0/><T97/><D108/><U50/><E115/><N who="3" m="44042" /><G65/><T118/><D73/><U91/><E127/><V46/><F69/><W99/><G42/><T34/><D124/><U121/><E50/><V22/><F36/><W76/><G39/><T64/><D118/><U55/><E63/><V134/><F134/><W58/><G58/><T132/><D132/><U116/><E116/><V7/><F74/><W29/><G29/><T37/><D37/><U131/><E131/><V78/><F72/><W26/><G26/><T20/><D129/><U13/><E23/><V67/><F67/><W123/><G125/><T25/><D64/><U21/><E21/><V110/><F110/><W3/><G3/><T102/><D88/><U54/><E54/><V128/><F128/><W109/><G109/><T59/><D59/><U89/><E89/><V71/><F71/><W98/><G135/><T35/><D17/><N who="1" m="8383" /><E28/><V9/><F6/><W95/><G130/><T79/><D4/><U100/><E100/><V12/><F22/><W5/><G5/><T93/><D79/><U103/><E103/><V38/><F15/><W43/><G43/><T96/><D96/><U68/><E68/><V87/><F38/><W80/><G123/><AGARI ba="1,0" hai="1,2,55,57,62,82,85,91,120,121,123" m="8383" machi="123" ten="30,2000,0" yaku="13,1,52,1" doraHai="81" who="1" fromWho="3" sc="309,0,279,23,240,0,172,-23" /><INIT seed="7,0,0,4,0,43" ten="309,302,240,149" oya="3" hai0="97,87,7,56,93,94,107,27,21,88,76,96,84" hai1="119,53,37,77,61,79,22,40,102,65,90,57,116" hai2="52,8,59,73,19,101,92,66,68,124,117,74,20" hai3="60,47,120,0,99,23,125,113,14,130,89,100,91"/><W38/><G120/><T12/><D107/><U54/><E102/><V18/><F117/><N who="1" m="45129" /><E40/><V34/><F34/><W9/><G0/><T108/><D108/><U72/><E37/><V106/><F106/><W85/><G125/><T29/><D76/><N who="1" m="29259" /><E72/><V95/><F68/><W131/><G23/><T48/><D7/><U64/><E64/><V24/><F66/><W46/><G113/><T5/><D5/><U134/><E134/><V132/><F132/><W135/><G135/><T98/><D12/><U105/><E105/><V30/><F92/><N who="3" m="58471" /><G38/><T15/><D15/><U42/><E42/><V115/><F124/><W128/><G60/><T83/><D84/><U33/><E33/><V126/><F115/><W129/><N who="3" m="32768" /><DORA hai="58" /><W35/><G35/><T51/><D51/><U81/><E22/><V118/><F126/><W28/><G28/><T55/><AGARI ba="0,0" hai="21,27,29,48,55,56,83,87,88,93,94,96,97,98" machi="55" ten="30,4000,0" yaku="0,1,8,1,54,1" doraHai="43,58" who="0" fromWho="0" sc="309,40,302,-10,240,-10,149,-20" owari="349,44.9,292,9.2,230,-17.0,129,-37.1" /></mjloggm>