<mjloggm ver="2.3"><GO type="41" lobby="0"/><UN n0="%E3%83%8D%E3%83%83%E3%83%88%E7%94%B3%E8%BE%BC" n1="%E2%93%9D%4C%75%63%6B%79%4A" n2="%E9%9B%80%E7%A5%9E" n3="%E3%81%8B%E3%82%81%E3%81%98%E3%82%8D%E3%81%86" dan="16,17,13,15" rate="1952.94,2152.69,1871.35,2077.07" sx="M,M,M,M"/><TAIKYOKU oya="0"/><INIT seed="0,0,0,4,0,106" ten="250,250,250,250" oya="0" hai0="42,38,56,89,23,0,27,82,54,73,1,58,93" hai1="2,9,55,49,80,112,28,72,109,123,29,52,12" hai2="47,44,118,10,74,6,126,36,69,8,59,3,95" hai3="120,98,18,83,51,108,117,103,5,96,77,39,85"/><T65/><D58/><U78/><E123/><V81/><F69/><W105/><G39/><T37/><D65/><U70/><E2/><V35/><F126/><W115/><G115/><T79/><D42/><U110/><E70/><V122/><F122/><W43/><G120/><T111/><D38/><U121/><E121/><V99/><F118/><W135/><G117/><T104/><D104/><U129/><E129/><V33/><F59/><W7/><G135/><T128/><D111/><N who="1" m="42507" /><E112/><V4/><F95/><W116/><G108/><T21/><D37/><U84/><E84/><V131/><F99/><W67/><G116/><T24/><D24/><U31/><E49/><V107/><F107/><W15/><G67/><T100/><D100/><U13/><E13/><V14/><F131/><W16/><G98/><T63/><D128/><U68/><E68/><V87/><F87/><W64/><G64/><T102/><D102/><U46/><E46/><V134/><F47/><W127/><G127/><T94/><D94/><U113/><E113/><V66/><F66/><W57/><G18/><AGARI ba="0,0" hai="9,12,18,28,29,31,52,55,72,78,80" m="42507" machi="18" ten="30,3900,0" yaku="14,1,52,1,54,1" doraHai="106" who="1" fromWho="3" sc="250,0,250,39,250,0,250,-39" /><INIT seed="1,0,0,1,4,133" ten="250,289,250,211" oya="1" hai0="64,5,7,88,14,18,0,100,53,129,114,28,66" hai1="15,40,8,92,42,27,69,57,13,61,1,37,52" hai2="110,116,80,59,124,99,30,120,67,117,104,10,128" hai3="72,135,58,123,41,46,125,32,74,17,56,12,130"/><U115/><E115/><V60/><F120/><W83/><G123/><T119/><D119/><U36/><E1/><V132/><F110/><W43/><G135/><T25/><D129/><U45/><E15/><V108/><F132/><W82/><G130/><T70/><D100/><U107/><E107/><V51/><F128/><W90/><G32/><T31/><D31/><U85/><E27/><V48/><F108/><W20/><G43/><T94/><D114/><U4/><E69/><V121/><F121/><W122/><G122/><T112/><D112/><U11/><E11/><V44/><F80/><W103/><G103/><T23/><D70/><U71/><E71/><V127/><F10/><W6/><G6/><T50/><D0/><U29/><E29/><V24/><F99/><W68/><G68/><T9/><D7/><U81/><E92/><V39/><F104/><W102/><G102/><T49/><D49/><N who="2" m="19018" /><F24/><W91/><G74/><T75/><D75/><U55/><E42/><N who="2" m="22623" /><F30/><W84/><G72/><T47/><REACH who="0" step="1"/><D28/><REACH who="0" ten="240,289,250,211" step="2"/><U19/><E4/><V21/><F21/><W113/><G113/><T126/><D126/><AGARI ba="0,1" hai="59,60,67,116,117,124,126,127" m="22623,19018" machi="126" ten="30,12000,2" yaku="18,1,34,2,52,3" doraHai="133" who="2" fromWho="0" sc="240,-120,289,0,250,130,211,0" /><INIT seed="2,0,0,0,3,79" ten="120,289,380,211" oya="2" hai0="114,107,97,29,120,0,95,13,10,109,100,66,64" hai1="73,58,38,54,11,28,45,106,103,60,132,39,99" hai2="50,36,22,87,131,88,16,96,15,77,8,68,86" hai3="27,35,118,108,61,20,123,14,89,55,18,110,82"/><V81/><F36/><W57/><G118/><T43/><D109/><N who="3" m="42089" /><G123/><T5/><D114/><U105/><E73/><V1/><F68/><W117/><G117/><T129/><D129/><U6/><E132/><V31/><F131/><W65/><G65/><T33/><D120/><U63/><E28/><V12/><F1/><W4/><G4/><T41/><D66/><U80/><E106/><V104/><F104/><W135/><G135/><T30/><D0/><U128/><E63/><V75/><F75/><W93/><G82/><T37/><D37/><U133/><E133/><V59/><F96/><N who="3" m="57391" /><G35/><T52/><D64/><U23/><E128/><V134/><F134/><W51/><G14/><T121/><D121/><U26/><E80/><N who="2" m="47375" /><F31/><W71/><G71/><T74/><D74/><U101/><E105/><V84/><F84/><W76/><G76/><T17/><D107/><U116/><E116/><V72/><F72/><W46/><G46/><T70/><D70/><U125/><E45/><V67/><F67/><W83/><G83/><T122/><D122/><U90/><E39/><V32/><F32/><W34/><G34/><T21/><D33/><U112/><E38/><V25/><F8/><W94/><G94/><T85/><D85/><U24/><E11/><V124/><F124/><W111/><G111/><T19/><D30/><U102/><E125/><V7/><F7/><W49/><AGARI ba="0,0" hai="18,20,27,49,51,55,57,61" m="57391,42089" machi="49" ten="30,2000,0" yaku="25,1,14,1" doraHai="79" who="3" fromWho="3" sc="120,-5,289,-5,380,-10,211,20" /><INIT seed="3,0,0,4,2,42" ten="115,284,370,231" oya="3" hai0="23,109,46,44,7,78,13,20,83,51,125,82,0" hai1="76,59,39,61,135,134,132,65,87,33,47,71,43" hai2="105,104,55,84,34,74,106,35,10,93,28,66,133" hai3="100,69,95,64,41,68,19,88,56,119,129,60,116"/><W50/><G129/><T5/><D109/><U92/><E33/><V111/><F74/><W85/><G100/><T38/><D125/><U113/><E76/><V4/><F111/><W124/><G124/><T96/><D0/><U72/><E72/><V73/><F73/><W6/><G6/><T22/><D38/><U102/><E87/><V58/><F66/><W15/><G69/><T126/><D126/><U97/><REACH who="1" step="1"/><E113/><REACH who="1" ten="115,274,370,231" step="2"/><V115/><F115/><W131/><G131/><T98/><D78/><U57/><AGARI ba="0,1" hai="39,43,47,57,59,61,65,71,92,97,102,132,134,135" machi="57" ten="40,8000,1" yaku="1,1,2,1,0,1,20,1,52,1,53,0" doraHai="42" doraHaiUra="107" who="1" fromWho="1" sc="115,-20,274,90,370,-20,231,-40" /><INIT seed="4,0,0,2,1,94" ten="95,364,350,191" oya="0" hai0="14,69,89,107,109,113,127,43,8,41,122,72,121" hai1="70,71,36,103,55,117,129,28,21,83,53,1,74" hai2="32,126,60,34,77,116,11,2,95,59,85,106,9" hai3="86,98,0,16,87,93,108,64,111,7,114,12,91"/><T96/><D69/><U132/><E1/><V88/><F106/><W66/><G0/><T39/><D72/><U58/><E117/><V54/><F116/><W31/><G7/><T57/><D113/><U124/><E55/><V17/><F126/><W26/><G114/><T10/><D127/><U78/><E36/><V24/><F2/><W97/><G111/><T25/><D109/><U112/><E129/><V100/><F32/><W104/><G108/><T51/><D39/><U81/><E83/><V29/><F100/><W20/><G87/><T128/><D128/><U18/><E28/><V120/><F120/><W119/><G119/><T35/><D107/><U47/><E47/><V3/><F3/><W135/><G135/><T27/><D35/><U4/><E4/><V5/><F5/><W105/><G105/><T123/><D57/><U44/><E44/><V33/><F33/><W118/><G118/><T38/><D38/><U65/><E65/><N who="3" m="25194" /><G104/><T50/><D123/><U131/><E112/><V48/><F77/><W23/><AGARI ba="0,0" hai="12,16,20,23,26,31,86,91,93,97,98" m="25194" machi="23" ten="30,7900,0" yaku="8,1,52,2,54,1" doraHai="94" who="3" fromWho="3" sc="95,-39,364,-20,350,-20,191,79" /><INIT seed="5,0,0,5,1,66" ten="56,344,330,270" oya="1" hai0="57,34,73,17,41,32,9,49,108,14,61,60,134" hai1="15,88,5,97,45,87,80,112,38,62,81,101,69" hai2="119,18,27,83,111,59,82,8,4,93,75,50,129" hai3="13,39,104,116,110,23,3,19,109,95,26,91,2"/><U22/><E112/><V76/><F111/><W20/><G104/><T67/><D73/><U37/><E81/><V94/><F119/><W42/><G42/><T123/><D134/><U56/><E69/><V74/><F129/><W7/><G39/><T21/><D108/><U132/><E132/><V126/><F126/><W54/><G116/><T84/><D123/><U40/><E5/><V10/><F27/><W100/><G100/><T16/><D61/><U105/><E15/><V28/><F28/><W53/><G110/><T120/><D120/><U122/><E122/><V78/><F18/><W31/><G109/><T70/><D84/><U44/><E22/><V128/><F128/><W90/><G90/><T55/><REACH who="0" step="1"/><D41/><REACH who="0" ten="46,344,330,270" step="2"/><U30/><E40/><V52/><REACH who="2" step="1"/><F10/><REACH who="2" ten="46,344,320,270" step="2"/><N who="3" m="4319" /><G3/><AGARI ba="0,2" hai="3,4,8,50,52,59,74,75,76,78,82,83,93,94" machi="3" ten="30,12000,2" yaku="1,1,7,1,9,1,54,1,53,2" doraHai="66" doraHaiUra="72" who="2" fromWho="3" sc="46,0,344,0,320,140,270,-120" /><INIT seed="6,0,0,2,1,36" ten="46,344,460,150" oya="2" hai0="33,73,47,58,113,63,24,133,91,23,107,77,74" hai1="97,8,19,7,121,59,40,87,111,126,112,108,106" hai2="100,79,127,51,44,115,37,65,128,99,71,22,46" hai3="86,53,14,26,131,132,116,15,17,31,88,2,61"/><V122/><F122/><W0/><G116/><T80/><D113/><U16/><E121/><V110/><F115/><W94/><G131/><T129/><D129/><U49/><E112/><V84/><F128/><W81/><G132/><T21/><D133/><U57/><E106/><V134/><F84/><W62/><G2/><T120/><D107/><U135/><E97/><V18/><F79/><W124/><G0/><T98/><D120/><U103/><E103/><V4/><F4/><W75/><G124/><T28/><D74/><U68/><E68/><V101/><F127/><W12/><G17/><T20/><D33/><U30/><E30/><V52/><F110/><W83/><G75/><T92/><D47/><N who="1" m="25831" /><E111/><V123/><F123/><W125/><G125/><T60/><D60/><N who="3" m="23145" /><G53/><T50/><REACH who="0" step="1"/><D50/><REACH who="0" ten="36,344,460,150" step="2"/><U1/><E135/><V78/><F51/><W34/><G34/><T95/><D95/><U64/><E126/><V118/><F37/><W54/><G94/><T56/><D56/><U35/><E59/><V93/><F93/><W3/><G83/><T70/><D70/><U105/><E35/><V117/><F71/><W104/><G104/><T109/><D109/><U90/><E105/><V39/><F134/><W48/><G48/><T41/><D41/><U76/><E108/><V9/><F118/><W11/><G54/><AGARI ba="0,1" hai="20,21,23,24,28,54,58,63,73,77,80,91,92,98" machi="54" ten="30,2000,0" yaku="1,1,7,1,53,0" doraHai="36" doraHaiUra="38" who="0" fromWho="3" sc="36,30,344,0,460,0,150,-20" /><INIT seed="7,0,0,1,3,73" ten="66,344,460,130" oya="3" hai0="39,46,54,4,38,23,104,36,87,121,25,118,20" hai1="63,3,2,89,72,86,10,132,16,114,14,106,122" hai2="78,129,124,43,88,69,55,30,110,11,48,37,53" hai3="120,93,97,19,135,105,47,61,33,116,117,27,15"/><W12/><G120/><T24/><D104/><U70/><E122/><V113/><F110/><W92/><G105/><T34/><D121/><U40/><E72/><V26/><F78/><W6/><G135/><T22/><D34/><U31/><E40/><V77/><F77/><W133/><G133/><T108/><D108/><U18/><E31/><V57/><F11/><W52/><G93/><T80/><D4/><U81/><E114/><V84/><F124/><W134/><G134/><T41/><D54/><U125/><E132/><V101/><F101/><W50/><G6/><T65/><D65/><U96/><E18/><V76/><F76/><W126/><G126/><T0/><D0/><U102/><REACH who="1" step="1"/><E125/><REACH who="1" ten="66,334,460,130" step="2"/><V107/><F113/><W98/><G19/><T8/><D8/><U51/><E51/><V21/><F37/><W82/><G50/><T68/><D118/><U35/><E35/><V94/><F107/><W28/><G28/><T83/><D68/><U49/><E49/><V115/><F69/><W128/><G33/><T71/><D71/><U100/><E100/><V67/><F115/><W99/><G116/><T79/><REACH who="0" step="1"/><D83/><REACH who="0" ten="56,334,460,130" step="2"/><U66/><AGARI ba="0,2" hai="2,3,10,14,16,63,66,70,81,86,89,96,102,106" machi="66" ten="30,7900,0" yaku="1,1,0,1,54,1,53,1" doraHai="73" doraHaiUra="103" who="1" fromWho="1" sc="56,-20,334,99,460,-20,130,-39" owari="36,-46.4,433,23.3,440,54.0,91,-30.9" /></mjloggm>