<mjloggm ver="2.3"><GO type="41" lobby="0"/><UN n0="%E2%93%9D%4C%75%63%6B%79%4A" n1="%E9%9A%86%E5%A3%AB%E4%B8%B8" n2="%E3%82%BB%E3%83%AB%E3%82%B7" n3="%44%44%54" dan="16,14,14,14" rate="2131.79,1885.43,2003.21,1965.41" sx="M,M,M,M"/><TAIKYOKU oya="0"/><INIT seed="0,0,0,2,3,38" ten="250,250,250,250" oya="0" hai0="126,30,40,3,35,65,96,111,39,110,29,9,119" hai1="70,89,49,7,66,50,103,81,33,6,129,80,76" hai2="26,82,123,87,19,14,25,117,132,91,109,73,18" hai3="75,42,128,23,95,71,37,127,57,90,92,36,93"/><T118/><D65/><U53/><E33/><V63/><F123/><W16/><G71/><T22/><D96/><U72/><E103/><V64/><F109/><N who="0" m="41482" /><D126/><U74/><E129/><V51/><F132/><W31/><G75/><T104/><D104/><U69/><E66/><V28/><F73/><W41/><G31/><N who="0" m="11787" /><D35/><U62/><E62/><V24/><F117/><N who="0" m="44554" /><D22/><U32/><E32/><V8/><F64/><W88/><G127/><T10/><D3/><U56/><E89/><V85/><F91/><W102/><G102/><T1/><D1/><U120/><E120/><V101/><F101/><W125/><G125/><T78/><D78/><U98/><E98/><V55/><F63/><W99/><G128/><T115/><D115/><U48/><E56/><V11/><F87/><W15/><G57/><T79/><D79/><U135/><E53/><V122/><F85/><W97/><REACH who="3" step="1"/><G95/><REACH who="3" ten="250,250,250,240" step="2"/><T68/><D68/><U61/><E70/><V12/><F122/><W130/><G130/><T43/><D39/><AGARI ba="0,1" hai="15,16,23,36,37,39,41,42,88,90,92,93,97,99" machi="39" ten="40,12000,2" yaku="1,1,9,1,52,2,54,2,53,0" doraHai="38" doraHaiUra="107" who="3" fromWho="0" sc="250,-120,250,0,250,0,240,130" /><INIT seed="1,0,0,2,1,39" ten="130,250,250,370" oya="1" hai0="42,10,26,46,41,89,128,73,76,72,40,97,116" hai1="122,102,0,110,99,68,11,75,126,125,84,57,22" hai2="43,52,50,123,38,101,74,53,48,131,13,83,96" hai3="55,25,79,15,12,66,130,134,37,8,90,133,98"/><U135/><E122/><V87/><F123/><W47/><G130/><T3/><D116/><U61/><E75/><V63/><F74/><W118/><G118/><T103/><D128/><U24/><E68/><V65/><F131/><W91/><G79/><T104/><D89/><U4/><E135/><V28/><F28/><W132/><G66/><T30/><D46/><U29/><E84/><V9/><F38/><W34/><G98/><T36/><D36/><U119/><E119/><V5/><F50/><N who="3" m="29151" /><G37/><T20/><REACH who="0" step="1"/><D76/><REACH who="0" ten="120,250,250,370" step="2"/><U109/><E102/><V35/><F101/><W106/><G91/><T92/><D92/><U127/><E99/><V60/><F96/><W51/><G90/><T107/><D107/><U100/><E100/><V80/><F80/><W95/><G95/><T77/><D77/><U69/><E69/><V19/><F83/><W56/><G106/><T129/><D129/><U113/><E113/><V23/><F87/><W21/><G132/><T78/><D78/><U14/><E0/><V54/><F48/><W71/><G134/><T44/><D44/><U64/><AGARI ba="0,1" hai="4,11,14,22,24,29,57,61,64,109,110,125,126,127" machi="64" ten="40,3900,0" yaku="0,1,18,1" doraHai="39" who="1" fromWho="1" sc="120,-13,250,49,250,-13,370,-13" /><INIT seed="1,1,0,0,3,60" ten="107,299,237,357" oya="1" hai0="53,112,101,107,122,84,21,98,81,91,127,96,71" hai1="4,70,10,97,43,54,73,52,132,34,58,95,111" hai2="65,30,50,116,31,124,5,0,87,23,134,66,76" hai3="79,104,123,113,72,92,36,26,110,74,105,57,121"/><U16/><E73/><V129/><F116/><W94/><G36/><T38/><D38/><U48/><E34/><V61/><F129/><W67/><G26/><T29/><D71/><U115/><E115/><V33/><F33/><W42/><G42/><T24/><D127/><U14/><E70/><V78/><F124/><W109/><G57/><T85/><D122/><U99/><E43/><V114/><F114/><W131/><G113/><T128/><D112/><U126/><E126/><V135/><F5/><W90/><G67/><N who="2" m="25609" /><F0/><W19/><G19/><T9/><D98/><U17/><E132/><N who="2" m="50731" /><F61/><W120/><G131/><T39/><D128/><U40/><E40/><V59/><F87/><W80/><G90/><T18/><D85/><U88/><E111/><N who="3" m="42506" /><G72/><T56/><D39/><U102/><E54/><N who="2" m="32215" /><F23/><W106/><AGARI ba="1,0" hai="74,79,80,92,94,104,105,106,120,121,123" m="42506" machi="106" ten="50,6400,0" yaku="14,1,34,2" doraHai="60" who="3" fromWho="3" sc="107,-17,299,-33,237,-17,357,67" /><INIT seed="2,0,0,4,5,134" ten="90,266,220,424" oya="2" hai0="112,97,127,41,48,43,55,83,50,71,2,76,24" hai1="78,132,15,56,126,19,69,52,111,63,35,18,28" hai2="36,72,84,49,75,119,130,44,113,59,82,65,7" hai3="104,80,91,67,68,23,21,1,61,128,47,22,32"/><V88/><F113/><W100/><G1/><T64/><D112/><U114/><E114/><V90/><F119/><W107/><G128/><T51/><D2/><U39/><E39/><V73/><F130/><W99/><G107/><T85/><D71/><U4/><E132/><V102/><F102/><W12/><G47/><T10/><D64/><U117/><E117/><V124/><F36/><W57/><G57/><T116/><D116/><U87/><E69/><V46/><F7/><W123/><G123/><T26/><D10/><U17/><E111/><V92/><F124/><W37/><G37/><T27/><D127/><U66/><E126/><V6/><F6/><W86/><G12/><T3/><D3/><U33/><E33/><V30/><F30/><W79/><G79/><T77/><D77/><U5/><E35/><V34/><F34/><W120/><G120/><T81/><D83/><N who="1" m="47607" /><E28/><V60/><REACH who="2" step="1"/><F49/><REACH who="2" ten="90,266,210,424" step="2"/><W89/><G32/><T96/><REACH who="0" step="1"/><D55/><REACH who="0" ten="80,266,210,424" step="2"/><U131/><E131/><V101/><F101/><W0/><G100/><T53/><D53/><U70/><E70/><V20/><F20/><W16/><G23/><T103/><D103/><U54/><E4/><V42/><F42/><AGARI ba="0,2" hai="24,26,27,41,42,43,48,50,51,76,81,85,96,97" machi="42" ten="40,2600,0" yaku="1,1,8,1,53,0" doraHai="134" doraHaiUra="109" who="0" fromWho="2" sc="80,46,266,0,210,-26,424,0" /><INIT seed="3,0,0,5,3,46" ten="126,266,184,424" oya="3" hai0="117,99,77,67,24,30,15,113,48,129,55,3,53" hai1="92,119,88,14,104,122,110,100,112,93,114,126,75" hai2="33,71,0,16,21,54,23,95,36,62,123,127,81" hai3="22,83,61,84,60,80,106,128,69,58,49,9,45"/><W35/><G35/><T135/><D3/><U56/><E14/><V13/><F33/><W86/><G106/><T19/><D117/><U116/><E56/><V74/><F0/><W37/><G37/><T133/><D77/><U72/><E126/><V51/><F36/><W103/><G103/><T32/><D113/><N who="1" m="43627" /><E104/><V28/><F127/><W94/><G128/><T20/><D67/><U25/><E25/><V76/><F123/><W121/><G121/><T73/><D73/><N who="1" m="28235" /><E122/><V79/><F79/><W65/><G69/><T7/><D129/><U107/><E107/><V27/><F95/><W130/><G130/><T1/><D99/><N who="1" m="59495" /><E110/><V4/><F4/><W44/><G9/><T70/><D70/><U118/><E93/><V66/><F23/><W101/><G22/><T102/><D102/><U2/><E2/><V64/><F64/><W120/><G61/><T5/><D55/><U12/><E12/><V43/><F43/><N who="3" m="24735" /><G45/><T26/><D26/><U131/><E131/><V89/><F13/><W132/><G120/><T125/><D125/><U38/><E38/><V91/><REACH who="2" step="1"/><F28/><REACH who="2" ten="126,266,174,424" step="2"/><W82/><G94/><T10/><REACH who="0" step="1"/><D7/><REACH who="0" ten="116,266,174,424" step="2"/><U59/><E59/><AGARI ba="0,2" hai="16,21,27,51,54,59,62,66,71,74,76,81,89,91" machi="59" ten="30,8000,1" yaku="1,1,2,1,7,1,52,1,54,1,53,0" doraHai="46" doraHaiUra="115" who="2" fromWho="1" sc="116,0,266,-80,174,100,424,0" /><AGARI ba="0,0" hai="1,5,10,15,19,20,24,30,32,48,53,59,133,135" machi="59" ten="40,8000,1" yaku="1,1,2,1,24,2,52,1,53,0" doraHai="46" doraHaiUra="115" who="0" fromWho="1" sc="116,80,186,-80,274,0,424,0" /><INIT seed="4,0,0,1,0,3" ten="196,106,274,424" oya="0" hai0="89,111,8,10,69,93,45,103,34,2,73,87,97" hai1="38,46,15,120,124,30,99,129,119,19,98,62,0" hai2="36,108,32,23,60,33,127,105,96,118,113,21,116" hai3="77,94,102,28,66,6,121,123,109,7,82,130,104"/><T37/><D69/><U107/><E120/><N who="3" m="46154" /><G109/><T29/><D111/><U117/><E0/><V61/><F108/><W125/><G104/><T47/><D73/><U135/><E30/><V76/><F105/><W67/><G28/><T41/><D47/><U80/><E124/><V64/><F76/><W133/><G125/><T57/><D57/><U72/><E129/><V110/><F110/><W79/><G130/><T44/><D45/><U53/><E135/><V31/><F31/><W54/><G133/><T26/><REACH who="0" step="1"/><D2/><REACH who="0" ten="186,106,274,424" step="2"/><U59/><E117/><V22/><F118/><W131/><G131/><T74/><D74/><U112/><E119/><V48/><F116/><W18/><G66/><T13/><D13/><U106/><E112/><V35/><F64/><W20/><G67/><T128/><D128/><U92/><E46/><V100/><F113/><W11/><G54/><T95/><AGARI ba="0,1" hai="8,10,26,29,34,37,41,44,87,89,93,95,97,103" machi="95" ten="20,7800,0" yaku="1,1,0,1,7,1,53,1" doraHai="3" doraHaiUra="86" who="0" fromWho="0" sc="186,88,106,-26,274,-26,424,-26" /><INIT seed="4,1,0,2,3,107" ten="274,80,248,398" oya="0" hai0="58,31,128,66,56,115,50,67,9,62,71,81,87" hai1="14,134,4,98,41,110,129,86,102,20,11,101,84" hai2="0,37,93,99,24,126,65,135,46,47,12,74,97" hai3="112,54,106,5,1,90,51,45,111,123,113,34,92"/><T75/><D128/><U80/><E110/><V78/><F0/><W44/><G106/><T114/><D31/><U15/><E129/><V30/><F135/><W10/><G34/><T132/><D132/><U125/><E125/><V61/><F126/><W117/><G111/><T89/><D67/><U100/><E134/><V43/><F47/><W29/><G117/><T17/><D50/><U88/><E41/><V16/><F78/><W116/><G116/><T39/><D39/><U18/><REACH who="1" step="1"/><E86/><REACH who="1" ten="274,70,248,398" step="2"/><V3/><F43/><W79/><G123/><T8/><D115/><U2/><E2/><V49/><F3/><W25/><G113/><T108/><D114/><U94/><AGARI ba="1,1" hai="4,11,14,15,18,20,80,84,88,94,98,100,101,102" machi="94" ten="20,8000,1" yaku="1,1,0,1,7,1,8,1,54,1,53,0" doraHai="107" doraHaiUra="32" who="1" fromWho="1" sc="274,-41,70,93,248,-21,398,-21" /><INIT seed="5,0,0,0,0,59" ten="233,163,227,377" oya="1" hai0="5,84,1,123,133,108,43,105,130,36,70,110,127" hai1="21,18,32,99,85,15,96,53,88,97,42,135,49" hai2="94,16,46,95,66,25,26,117,128,132,74,13,34" hai3="122,35,73,121,37,63,134,87,61,76,27,67,86"/><U131/><E32/><V48/><F117/><W6/><G37/><T40/><RYUUKYOKU type="yao9" ba="0,0" sc="233,0,163,0,227,0,377,0" hai0="1,5,36,40,43,70,84,105,108,110,123,127,130,133" /><INIT seed="5,1,0,3,2,118" ten="233,163,227,377" oya="1" hai0="97,115,132,60,1,94,52,96,74,35,62,9,112" hai1="129,90,66,11,36,103,70,26,78,75,122,49,41" hai2="99,124,120,111,126,107,15,119,51,116,28,109,43" hai3="87,133,79,110,82,93,84,71,24,21,123,38,6"/><U3/><E122/><V64/><F28/><W63/><G38/><T45/><D74/><U59/><E129/><V58/><F107/><W18/><G110/><N who="2" m="41993" /><F99/><W73/><G133/><T134/><D35/><U135/><E135/><N who="0" m="51753" /><D97/><U106/><E90/><V105/><F15/><W2/><G123/><T30/><D30/><U32/><E59/><V55/><F105/><W117/><G117/><T25/><D25/><U42/><E49/><V68/><F43/><W128/><G128/><T12/><D1/><U67/><E42/><V130/><F130/><W29/><G73/><T98/><D98/><N who="1" m="61815" /><E66/><V65/><F120/><W20/><G2/><T89/><D62/><N who="1" m="40311" /><E78/><V56/><F65/><W80/><G6/><N who="0" m="3127" /><D60/><U101/><E101/><V19/><F68/><W81/><G93/><T39/><D39/><U47/><E75/><V13/><F64/><W10/><G71/><T95/><D95/><U100/><E100/><V7/><F7/><W114/><G79/><T61/><D45/><U83/><E83/><V85/><F58/><AGARI ba="1,0" hai="52,58,61,89,94,96,112,115" m="3127,51753" machi="58" ten="30,2000,0" yaku="20,1,54,1" doraHai="118" who="0" fromWho="2" sc="233,23,163,0,227,-23,377,0" /><INIT seed="6,0,0,4,2,97" ten="256,163,204,377" oya="2" hai0="11,69,27,121,26,129,33,109,17,49,25,10,30" hai1="115,81,2,47,119,134,89,86,113,24,91,133,20" hai2="45,18,93,43,132,59,88,3,38,85,92,5,102" hai3="125,108,36,60,37,0,87,114,52,96,126,79,74"/><V106/><F106/><W130/><G108/><T6/><D69/><U80/><E2/><V84/><F132/><N who="1" m="50793" /><E47/><V78/><F78/><W44/><G0/><N who="0" m="455" /><D49/><U31/><E20/><V107/><F5/><W64/><G74/><T13/><D121/><U65/><E65/><V48/><F3/><W15/><G114/><N who="1" m="43530" /><E31/><V75/><F75/><W50/><G130/><T116/><D116/><U135/><E24/><N who="0" m="9257" /><D109/><U103/><N who="1" m="50801" /><U62/><DORA hai="99" /><E62/><V101/><F107/><W123/><G123/><T46/><D46/><U104/><E119/><V22/><F59/><N who="3" m="36895" /><G15/><T67/><D67/><U127/><E127/><N who="3" m="48650" /><G96/><T76/><D129/><U8/><E8/><V58/><F58/><W23/><G79/><T124/><D76/><N who="1" m="46343" /><E81/><V35/><F38/><W68/><G68/><T73/><D124/><U21/><E21/><V120/><F35/><W12/><G87/><T122/><D122/><U112/><N who="1" m="43538" /><U105/><DORA hai="51" /><E103/><V34/><F34/><W90/><G37/><T41/><D33/><U70/><E70/><V55/><F120/><W100/><G36/><T19/><D73/><U83/><E83/><V1/><F1/><W28/><G100/><T66/><D30/><U71/><E71/><V29/><F29/><W98/><G28/><T131/><D131/><U57/><E57/><V56/><F56/><W95/><G23/><N who="0" m="13567" /><D66/><U111/><E111/><V53/><F43/><W110/><G110/><T118/><D41/><U117/><E117/><V42/><F42/><W9/><G44/><T61/><D118/><U82/><E82/><V40/><F40/><W94/><G50/><RYUUKYOKU ba="0,0" sc="256,15,163,15,204,-15,377,-15" hai0="10,13,17,61" hai1="89,91,104,105" /><INIT seed="7,1,0,0,0,58" ten="271,178,189,362" oya="3" hai0="66,93,71,109,2,67,48,73,40,37,19,10,88" hai1="106,22,62,102,95,112,57,18,55,7,5,78,50" hai2="84,54,98,80,91,27,120,72,113,61,135,39,20" hai3="9,43,115,101,103,28,108,53,0,128,107,68,47"/><W14/><G68/><T126/><D109/><U33/><E106/><V29/><F39/><W75/><G75/><T23/><D73/><U89/><E33/><V21/><F135/><W105/><G28/><T123/><D123/><U97/><E112/><V45/><F113/><W85/><G0/><T36/><D37/><U96/><E78/><V41/><F41/><W114/><G128/><T26/><D36/><U118/><E118/><V42/><F42/><W65/><G65/><T25/><D126/><U59/><E97/><V119/><F119/><W76/><G53/><T132/><D132/><U99/><E96/><V60/><F72/><W34/><G34/><T63/><D67/><N who="1" m="39375" /><E102/><V16/><F98/><W51/><G108/><T130/><D130/><U46/><E46/><V31/><F120/><W38/><G38/><T32/><D32/><U122/><E122/><V35/><F35/><W127/><G127/><T131/><D131/><U70/><E70/><V86/><F86/><W90/><G103/><T52/><D40/><U13/><AGARI ba="1,0" hai="5,7,13,18,22,50,55,59,89,95,99" m="39375" machi="13" ten="30,2000,0" yaku="8,1,52,1" doraHai="58" who="1" fromWho="1" sc="271,-6,178,23,189,-6,362,-11" owari="265,6.5,201,-19.9,183,-31.7,351,45.1" /></mjloggm>