<mjloggm ver="2.3"><GO type="41" lobby="0"/><UN n0="%E8%92%BC%E5%86%B7%E3%82%81%E3%81%9F%E7%86%8A" n1="%E2%93%9D%4C%75%63%6B%79%4A" n2="%46%55%4B%55%50%49%4E" n3="%E3%82%A4%E3%82%AD%E3%83%8A%E3%83%AA%E3%82%AD%E3%82%B1%E3%83%B3" dan="14,16,13,13" rate="1964.89,2144.44,1816.81,1845.76" sx="M,M,M,M"/><TAIKYOKU oya="0"/><INIT seed="0,0,0,0,0,16" ten="250,250,250,250" oya="0" hai0="125,12,96,109,113,91,81,122,42,24,123,50,105" hai1="124,35,94,70,63,5,69,36,53,68,51,20,116" hai2="74,127,64,37,77,98,3,17,78,75,97,1,115" hai3="7,100,92,71,34,87,67,32,25,126,21,134,45"/><T8/><D113/><U133/><E35/><V130/><F127/><W47/><G126/><T131/><D125/><U117/><E124/><V65/><F37/><W2/><G2/><T72/><D131/><U46/><E5/><V58/><F58/><W54/><G7/><T40/><D105/><U48/><E94/><V11/><F11/><W101/><G134/><T66/><D66/><U22/><E133/><V121/><F17/><W44/><G71/><T27/><D72/><U118/><E36/><V102/><F102/><W62/><G67/><T84/><D96/><U52/><REACH who="1" step="1"/><E63/><REACH who="1" ten="250,240,250,250" step="2"/><V10/><F130/><W93/><G34/><T103/><D123/><U73/><E73/><V31/><F121/><W41/><G32/><T38/><D122/><U107/><E107/><V55/><F75/><W83/><G41/><T19/><D38/><U82/><E82/><V86/><F74/><W112/><G112/><T14/><D40/><U108/><E108/><V88/><F115/><W13/><G83/><T104/><D109/><U76/><E76/><V4/><F4/><W23/><G62/><T61/><D61/><U80/><E80/><V120/><F120/><W26/><G87/><T30/><D104/><U129/><E129/><V85/><F86/><W95/><G13/><T49/><D14/><U59/><AGARI ba="0,1" hai="20,22,46,48,51,52,53,59,68,69,70,116,117,118" machi="59" ten="40,8000,1" yaku="1,1,0,1,52,2,54,1,53,0" doraHai="16" doraHaiUra="15" who="1" fromWho="1" sc="250,-40,240,90,250,-20,250,-20" /><INIT seed="1,0,0,2,4,121" ten="210,330,230,230" oya="1" hai0="113,101,83,57,44,29,134,40,7,27,104,18,50" hai1="26,79,21,43,31,89,68,14,67,80,97,2,13" hai2="52,45,16,72,12,30,116,93,41,122,33,62,42" hai3="115,75,58,71,46,118,131,28,91,25,17,102,73"/><U126/><E2/><V78/><F122/><W39/><G115/><T85/><D113/><U132/><E132/><V107/><F116/><W22/><G118/><T117/><D117/><U94/><E126/><V124/><F107/><W36/><G71/><T111/><D134/><U77/><E79/><V119/><F124/><W125/><G125/><T11/><D104/><U127/><E127/><V96/><F30/><W70/><G70/><T69/><D69/><U66/><E43/><V106/><F33/><W5/><G5/><T105/><D105/><U55/><E55/><V1/><F1/><W4/><G4/><T103/><D18/><U82/><E82/><V109/><F72/><W128/><G102/><T38/><D57/><U74/><REACH who="1" step="1"/><E68/><REACH who="1" ten="210,320,230,230" step="2"/><V98/><F78/><W53/><G46/><T35/><D38/><U32/><E32/><V92/><F42/><W37/><G91/><T123/><D123/><U100/><E100/><V56/><F45/><W54/><G54/><T10/><D103/><U59/><E59/><V9/><F41/><W84/><G58/><T76/><D101/><U129/><E129/><N who="3" m="49738" /><G53/><T90/><D90/><U24/><E24/><V88/><F106/><W20/><G84/><T6/><D6/><U61/><E61/><V49/><F62/><W19/><G28/><T86/><D86/><U3/><E3/><V114/><F119/><W23/><G25/><T60/><D60/><U130/><E130/><V65/><F114/><W99/><G99/><T108/><D7/><U48/><E48/><V87/><F98/><W15/><G15/><AGARI ba="0,1" hai="13,14,15,21,26,31,66,67,74,77,80,89,94,97" machi="15" ten="40,2000,0" yaku="1,1,53,0" doraHai="121" doraHaiUra="81" who="1" fromWho="3" sc="210,0,320,30,230,0,230,-20" /><INIT seed="1,1,0,3,4,99" ten="210,350,230,210" oya="1" hai0="27,2,92,65,131,19,110,34,80,26,108,103,83" hai1="33,86,107,60,56,53,36,84,35,5,51,128,96" hai2="101,116,64,8,21,41,130,67,93,16,55,109,54" hai3="48,117,127,68,94,118,78,52,18,13,126,39,40"/><U57/><E36/><V85/><F109/><N who="0" m="42090" /><D2/><U3/><E128/><V15/><F41/><W71/><G78/><T24/><D34/><U70/><E70/><N who="3" m="26666" /><G94/><T134/><D65/><U45/><E35/><V121/><F121/><W46/><G13/><T25/><D131/><U112/><E112/><V14/><F116/><N who="3" m="44651" /><G18/><T4/><D4/><U29/><E57/><AGARI ba="1,0" hai="39,40,46,48,52,57,126,127" m="44651,26666" machi="57" ten="30,7700,0" yaku="12,1,34,2,54,1" doraHai="99" who="3" fromWho="1" sc="210,0,350,-80,230,0,210,80" /><INIT seed="2,0,0,0,0,111" ten="210,270,230,290" oya="2" hai0="45,32,62,36,14,116,2,81,91,11,43,50,33" hai1="132,10,20,52,99,110,112,104,60,3,126,85,19" hai2="6,119,121,80,73,69,90,30,130,35,24,107,13" hai3="59,31,135,97,49,117,57,21,96,23,34,47,37"/><V29/><F119/><W66/><G117/><T54/><D116/><U39/><E110/><V58/><F121/><W109/><G109/><T79/><D2/><U51/><E39/><V124/><F124/><W94/><G37/><T103/><D103/><U125/><E60/><V61/><F30/><W128/><G128/><T7/><D91/><U16/><E85/><V67/><F130/><W78/><G135/><T88/><D88/><U83/><E83/><V40/><F40/><W75/><G75/><T42/><D42/><U72/><E72/><V44/><F44/><W127/><G127/><N who="1" m="48650" /><E112/><V122/><F122/><W46/><G78/><T27/><D27/><U18/><E132/><V92/><F107/><W134/><G134/><T48/><D62/><U82/><E82/><V64/><F64/><W1/><G1/><T102/><D102/><N who="1" m="62559" /><E10/><V120/><F69/><W87/><G87/><T22/><D22/><N who="3" m="8201" /><G34/><T86/><REACH who="0" step="1"/><D36/><REACH who="0" ten="200,270,230,290" step="2"/><U9/><E20/><V118/><F120/><W0/><G0/><T15/><D15/><N who="1" m="7663" /><E3/><V25/><F118/><W17/><G66/><T74/><D74/><U8/><E8/><V105/><F35/><W28/><G97/><T133/><D133/><U63/><E63/><V70/><F61/><W55/><G96/><T41/><D41/><U65/><E65/><V38/><F67/><W101/><G101/><T108/><D108/><U129/><E129/><V100/><F100/><W95/><G55/><T12/><D12/><U71/><E71/><V114/><F13/><W84/><G84/><T53/><D53/><U106/><E106/><V115/><F70/><RYUUKYOKU ba="0,1" sc="200,15,270,15,230,-15,290,-15" hai0="7,11,14,32,33,43,45,48,50,54,79,81,86" hai1="16,18,51,52" /><INIT seed="3,1,1,5,3,15" ten="215,285,215,275" oya="3" hai0="58,83,88,41,3,10,70,64,47,56,81,32,25" hai1="69,55,107,92,34,11,48,73,31,117,103,122,44" hai2="95,110,1,20,12,23,43,45,53,132,14,77,57" hai3="21,111,98,74,90,102,97,75,50,66,112,61,124"/><W62/><G112/><T8/><D70/><U91/><E73/><V42/><F110/><W106/><G111/><T49/><D32/><U134/><E69/><V130/><F1/><W101/><G124/><T60/><D56/><U79/><E79/><V114/><F114/><W93/><G90/><T104/><D104/><U18/><E122/><V78/><F132/><W67/><G50/><T40/><D40/><U2/><E107/><V35/><F35/><W72/><G21/><T38/><D38/><U108/><E103/><V105/><F105/><W65/><AGARI ba="1,1" hai="61,62,65,66,67,72,74,75,93,97,98,101,102,106" machi="65" ten="40,2100,0" yaku="0,1" doraHai="15" who="3" fromWho="3" sc="215,-8,285,-8,215,-8,275,34" /><INIT seed="3,2,0,0,4,43" ten="207,277,207,309" oya="3" hai0="126,16,125,83,25,60,26,8,97,55,133,50,52" hai1="90,48,12,103,117,77,115,15,127,13,129,40,102" hai2="107,112,91,11,18,22,5,47,104,51,41,7,101" hai3="72,1,75,59,53,74,30,66,28,89,135,4,80"/><W9/><G135/><T95/><D133/><U106/><E115/><V128/><F128/><W44/><G66/><T122/><D122/><U62/><E106/><V86/><F112/><W114/><G114/><T69/><D83/><U81/><E127/><N who="0" m="48649" /><D26/><U92/><E62/><V0/><F101/><W105/><G105/><T56/><D69/><U39/><E39/><V82/><REACH who="2" step="1"/><F5/><REACH who="2" ten="207,277,197,309" step="2"/><W58/><G89/><N who="0" m="55535" /><D8/><U70/><E103/><V134/><F134/><W124/><G124/><T2/><D2/><U24/><E102/><V21/><F21/><W99/><G99/><T6/><D6/><U14/><E129/><V38/><F38/><W109/><G109/><T20/><D50/><U37/><E48/><V130/><F130/><W3/><G3/><T113/><D113/><U123/><E37/><V33/><F33/><W96/><G96/><T63/><D63/><U84/><E123/><V42/><F42/><W64/><G64/><AGARI ba="2,1" hai="16,20,25,52,55,56,60,64" m="55535,48649" machi="64" ten="30,3900,0" yaku="18,1,54,2" doraHai="43" who="0" fromWho="3" sc="207,55,277,0,197,0,309,-45" /><INIT seed="4,0,0,1,1,70" ten="262,277,197,264" oya="0" hai0="95,89,126,34,87,75,31,85,74,51,65,35,45" hai1="115,30,102,57,36,90,10,76,103,78,54,93,17" hai2="129,63,97,105,26,20,44,58,49,47,116,88,27" hai3="15,122,67,112,69,125,6,99,66,107,133,72,110"/><T16/><D126/><U18/><E30/><V24/><F129/><W134/><G125/><T68/><D68/><U32/><E32/><V8/><F8/><W118/><G110/><T5/><D5/><U56/><E115/><V123/><F123/><W71/><G118/><T33/><D31/><U53/><E90/><V119/><F105/><W113/><G6/><T83/><D65/><N who="3" m="24585" /><G15/><T60/><D60/><U101/><E93/><V100/><F100/><N who="3" m="62879" /><G72/><T4/><D4/><U77/><E36/><V80/><F20/><W12/><G12/><T39/><D39/><U127/><E10/><V92/><F80/><W132/><G122/><T128/><D128/><U64/><E64/><V52/><REACH who="2" step="1"/><F47/><REACH who="2" ten="262,277,187,264" step="2"/><W73/><G73/><T29/><D29/><U3/><E127/><V2/><F2/><W94/><G94/><T9/><D9/><U43/><E3/><V131/><F131/><W1/><G1/><T91/><REACH who="0" step="1"/><D16/><REACH who="0" ten="252,277,187,264" step="2"/><U124/><E18/><V117/><F117/><W48/><G69/><T50/><D50/><U98/><E124/><V25/><N who="2" m="6144" /><DORA hai="135" /><V40/><AGARI ba="0,2" hai="40,44,49,52,58,63,88,92,97,116,119" m="6144" machi="40" ten="40,8000,1" yaku="1,1,4,1,0,1,54,2,53,0" doraHai="70,135" doraHaiUra="81,14" who="2" fromWho="2" sc="252,-40,277,-20,187,100,264,-20" /><INIT seed="5,0,0,4,1,125" ten="212,257,287,244" oya="1" hai0="81,92,69,12,82,129,75,53,63,87,39,60,113" hai1="22,58,133,26,111,47,102,132,30,89,11,52,31" hai2="130,84,49,9,98,128,62,135,54,65,14,107,61" hai3="5,131,38,78,79,94,45,114,29,13,74,51,57"/><U112/><E102/><V41/><F135/><N who="1" m="51785" /><E111/><V105/><F41/><W46/><G29/><T56/><D75/><U110/><E110/><V36/><F36/><W27/><G94/><T71/><D39/><U104/><E104/><V122/><F122/><W96/><G96/><T118/><D118/><U86/><E11/><V50/><F84/><W33/><G33/><T15/><D113/><U68/><E68/><V3/><F3/><W70/><G27/><T24/><D24/><U43/><E112/><V1/><F1/><W0/><G0/><T90/><D92/><N who="1" m="54327" /><E43/><V91/><F107/><W48/><G70/><T55/><D90/><U108/><E47/><V10/><F91/><W4/><G114/><T6/><D56/><U32/><E108/><V127/><F105/><W134/><G38/><T37/><D37/><U117/><E117/><V126/><F98/><W106/><G134/><T99/><D87/><U18/><E32/><V109/><F109/><W16/><G106/><T20/><D99/><U85/><E85/><V8/><F8/><W77/><G74/><T119/><D119/><U73/><E73/><V76/><F76/><W25/><G45/><T2/><D20/><U44/><E44/><V124/><F126/><W101/><G46/><T64/><D2/><U40/><E40/><V121/><F121/><W93/><G101/><T19/><D6/><U42/><E42/><V100/><F100/><W123/><G4/><T120/><D120/><U72/><E72/><V17/><F124/><W115/><G123/><T34/><D34/><U116/><E116/><V83/><F127/><RYUUKYOKU ba="0,0" sc="212,-10,257,30,287,-10,244,-10" hai1="18,22,26,30,31,52,58" /><INIT seed="5,1,0,1,2,68" ten="202,287,277,234" oya="1" hai0="26,100,105,46,1,48,19,134,82,114,10,103,60" hai1="40,11,57,69,91,56,34,21,38,53,58,37,125" hai2="126,42,43,95,101,64,15,87,54,74,9,85,127" hai3="62,13,32,23,88,20,112,41,35,96,93,117,129"/><U116/><E34/><V135/><F74/><W17/><G112/><T31/><D114/><U84/><E116/><V47/><F64/><W7/><G117/><T108/><D108/><U90/><E69/><V6/><F135/><W115/><G115/><T99/><D134/><U97/><E40/><V8/><F54/><W76/><G129/><T18/><D103/><U66/><E66/><V50/><F9/><W89/><G76/><T78/><D60/><U131/><E125/><V52/><F42/><W106/><G41/><T75/><D10/><U132/><E132/><V45/><F101/><W120/><G120/><T109/><D1/><U119/><E119/><V110/><F110/><W12/><G62/><T27/><D27/><U130/><E21/><V44/><F44/><W121/><G121/><T133/><D133/><U55/><E11/><V118/><F95/><W51/><G51/><T81/><D81/><U92/><E55/><V65/><F65/><W3/><G106/><T61/><D61/><U111/><E53/><V5/><F5/><W107/><G107/><T0/><D0/><U71/><E71/><V102/><F102/><N who="3" m="60687" /><G35/><N who="0" m="20983" /><D109/><U36/><REACH who="1" step="1"/><E111/><REACH who="1" ten="202,277,277,234" step="2"/><V39/><F118/><W2/><G32/><T14/><D46/><U49/><E49/><V63/><F63/><W33/><G33/><T123/><D48/><U67/><E67/><V70/><F70/><W122/><G122/><T94/><D123/><U86/><E86/><V83/><F85/><W29/><G23/><N who="0" m="11735" /><D105/><U59/><N who="1" m="14336" /><DORA hai="16" /><U128/><E128/><V104/><F104/><W72/><G20/><T24/><D24/><RYUUKYOKU ba="1,1" sc="202,10,277,10,277,10,234,-30" hai0="19,75,78,82,94,99,100" hai1="36,37,38,84,90,91,92,97,130,131" hai2="6,8,15,39,43,45,47,50,52,83,87,126,127" /><INIT seed="5,2,1,5,5,70" ten="212,287,287,204" oya="1" hai0="61,39,42,33,9,133,4,78,38,35,48,115,72" hai1="101,131,6,31,40,65,10,8,79,51,85,52,1" hai2="77,64,5,71,3,122,18,123,105,57,81,119,43" hai3="121,21,126,113,103,60,54,80,27,7,117,37,129"/><U74/><E74/><V134/><F134/><W17/><G121/><T116/><D116/><U29/><E65/><V96/><F119/><W95/><G117/><T16/><D61/><U44/><E131/><V67/><F71/><W88/><G129/><T32/><D133/><U63/><E101/><V135/><F135/><W83/><G126/><T102/><D102/><U107/><E107/><V62/><F67/><W36/><G113/><T109/><D109/><U94/><E10/><V104/><F104/><W68/><G7/><T15/><D115/><U92/><E94/><V50/><F18/><W12/><G103/><T58/><D78/><U98/><E98/><V26/><F26/><W66/><G54/><T132/><D72/><U55/><E55/><V112/><F96/><W34/><G34/><T87/><D87/><U106/><E106/><V114/><F105/><W75/><G75/><T130/><D132/><U22/><E22/><V25/><F25/><W23/><G83/><T108/><D108/><U30/><E92/><V13/><F3/><W125/><G125/><T69/><D69/><U76/><REACH who="1" step="1"/><E85/><REACH who="1" ten="212,277,287,204" step="2"/><N who="2" m="48303" /><F114/><W90/><G80/><T20/><D130/><U100/><E100/><V82/><F82/><W97/><G90/><T53/><REACH who="0" step="1"/><D42/><REACH who="0" ten="202,277,287,204" step="2"/><U28/><N who="1" m="7168" /><DORA hai="118" /><U59/><AGARI ba="2,3" hai="1,6,8,40,44,51,52,59,63,76,79" m="7168" machi="59" ten="40,12000,1" yaku="1,1,4,1,0,1,54,1,53,1" doraHai="70,118" doraHaiUra="46,86" who="1" fromWho="1" sc="202,-42,277,156,287,-42,204,-42" /><INIT seed="5,3,0,3,0,131" ten="160,433,245,162" oya="1" hai0="32,118,16,43,6,54,60,71,49,99,111,129,67" hai1="21,102,33,125,46,4,97,63,13,50,96,79,95" hai2="132,17,23,75,87,119,90,128,38,83,35,103,7" hai3="22,127,72,110,112,53,134,86,26,77,41,9,15"/><U108/><E33/><V24/><F38/><W92/><G110/><T48/><D32/><U105/><E125/><V66/><F119/><W64/><G127/><T55/><D111/><U11/><E108/><V29/><F128/><W10/><G134/><T70/><D6/><U61/><E79/><V18/><F18/><W93/><G112/><T78/><D78/><U133/><E133/><V98/><F7/><W1/><G72/><T0/><D0/><U126/><E21/><V122/><F122/><W45/><G64/><T124/><D129/><U30/><E30/><V82/><F75/><W51/><G1/><T85/><D85/><U42/><REACH who="1" step="1"/><E126/><REACH who="1" ten="160,423,245,162" step="2"/><V34/><F132/><W81/><G9/><T28/><D124/><U74/><E74/><V39/><F35/><W89/><G89/><AGARI ba="3,1" hai="4,11,13,42,46,50,61,63,89,95,96,97,102,105" machi="89" ten="30,5800,0" yaku="1,1,7,1,53,1" doraHai="131" doraHaiUra="91" who="1" fromWho="3" sc="160,0,423,77,245,0,162,-67" /><INIT seed="5,4,0,3,0,2" ten="160,500,245,95" oya="1" hai0="76,111,10,16,93,105,127,115,98,24,45,66,58" hai1="5,110,57,121,113,41,102,107,104,128,42,26,38" hai2="73,135,22,8,17,4,65,7,48,56,108,36,89" hai3="9,49,43,53,64,63,39,79,74,50,25,3,20"/><U92/><E121/><V21/><F108/><W87/><G74/><T46/><D105/><U77/><E38/><V94/><F36/><W134/><G134/><T95/><D111/><U67/><E77/><V44/><F73/><W106/><G106/><T96/><D127/><U72/><E72/><V101/><F101/><W132/><G132/><T28/><D76/><U82/><E113/><V47/><F8/><W118/><G118/><T91/><D115/><U124/><E128/><V133/><F65/><W6/><G39/><T117/><D117/><U85/><E26/><V97/><F56/><W112/><G112/><T14/><D58/><U23/><E107/><V62/><F62/><W55/><G43/><T119/><D66/><U31/><E42/><V12/><F135/><W122/><G122/><T123/><D119/><U120/><E41/><V27/><F47/><W40/><G40/><T80/><D80/><U68/><E82/><V32/><F32/><W69/><G49/><T30/><D123/><U83/><E83/><V81/><F81/><W71/><G71/><T52/><D45/><U70/><E70/><V126/><F126/><W129/><G129/><T51/><D24/><U18/><E68/><V13/><F133/><W88/><G79/><T84/><D84/><U60/><E85/><V33/><F48/><W116/><G116/><T19/><D19/><U37/><E120/><V103/><F44/><W0/><G0/><T131/><D131/><U11/><E37/><V100/><F27/><W29/><G50/><T86/><D86/><U35/><E110/><V90/><F33/><RYUUKYOKU ba="4,0" sc="160,15,500,-15,245,-15,95,15" hai0="10,14,16,28,30,46,51,52,91,93,95,96,98" hai3="3,6,9,20,25,29,53,55,63,64,69,87,88" /><INIT seed="6,5,0,4,3,2" ten="175,485,230,110" oya="2" hai0="99,43,26,111,4,97,49,130,90,17,114,51,24" hai1="77,131,66,38,59,32,54,58,135,92,107,64,19" hai2="82,132,86,98,42,69,88,73,53,37,7,61,16" hai3="104,120,87,83,100,68,115,62,80,41,74,27,28"/><V122/><F122/><W11/><G120/><T36/><D111/><U126/><E107/><V0/><F73/><W75/><G41/><T39/><D4/><U89/><E32/><V29/><F29/><W84/><G11/><T133/><D17/><U94/><E77/><V105/><F42/><W48/><G48/><T102/><D90/><U35/><E126/><V103/><F37/><W34/><G87/><T108/><D43/><U81/><E131/><V23/><F132/><W45/><G45/><T129/><D102/><U8/><E35/><V21/><F16/><W14/><G14/><T95/><D95/><U63/><E135/><V125/><F125/><W96/><G115/><T6/><D6/><U46/><E46/><V85/><F85/><W112/><G112/><T3/><D3/><U76/><E38/><V20/><F69/><W71/><G83/><T56/><D56/><U127/><E59/><V118/><F118/><W65/><REACH who="3" step="1"/><G68/><REACH who="3" ten="175,485,230,100" step="2"/><T101/><D114/><U121/><E121/><V30/><F82/><W22/><G22/><T9/><D133/><U57/><E81/><V44/><F44/><W12/><G12/><T117/><D9/><U124/><E8/><N who="2" m="2151" /><F20/><W123/><G123/><T109/><D101/><U47/><E127/><V50/><F50/><W31/><G31/><T134/><D134/><U93/><E124/><V40/><F30/><W60/><G60/><T119/><AGARI ba="5,1" hai="24,26,36,39,49,51,97,99,108,109,117,119,129,130" machi="119" ten="25,3200,0" yaku="0,1,22,2" doraHai="2" who="0" fromWho="0" sc="175,57,485,-13,230,-21,100,-13" /><INIT seed="7,0,0,2,0,108" ten="232,472,209,87" oya="3" hai0="127,128,43,33,69,103,118,15,85,21,63,51,38" hai1="76,91,18,122,9,29,101,31,55,98,17,106,100" hai2="117,124,5,32,129,120,86,88,28,82,68,7,125" hai3="23,4,14,112,8,133,84,3,78,16,109,20,30"/><W132/><G78/><T96/><D33/><U74/><E122/><V1/><F129/><W72/><G72/><T107/><D118/><U39/><E39/><V44/><F117/><W126/><G84/><T26/><D128/><U71/><E18/><V67/><F120/><W58/><G58/><T62/><D69/><U77/><E91/><V90/><F90/><W75/><G75/><T57/><D38/><U61/><E101/><V64/><F44/><W34/><G109/><T12/><D63/><U45/><E17/><V87/><F87/><W49/><G49/><T111/><D111/><U99/><E9/><N who="2" m="2223" /><F7/><W52/><G52/><N who="0" m="34087" /><D107/><U123/><E99/><V114/><F68/><W35/><G126/><N who="2" m="48745" /><F114/><W89/><G89/><T70/><D70/><U134/><E77/><V93/><F82/><W46/><G46/><N who="0" m="26079" /><D127/><U110/><E45/><V53/><F53/><W97/><G97/><T42/><D42/><U47/><E123/><V56/><F56/><W130/><G130/><T131/><D131/><U50/><E110/><V13/><F13/><W115/><G23/><T121/><D121/><U66/><E76/><V27/><AGARI ba="0,0" hai="27,28,32,64,67,86,88,93" m="48745,2223" machi="27" ten="30,2000,0" yaku="18,1,54,1" doraHai="108" who="2" fromWho="2" sc="232,-5,472,-5,209,20,87,-10" owari="227,-17.3,467,56.7,229,2.9,77,-42.3" /></mjloggm>