<mjloggm ver="2.3"><GO type="41" lobby="0"/><UN n0="%E3%80%90%E6%98%8E%E9%8F%A1%E6%AD%A2%E6%B0%B4%E3%80%91" n1="%E3%82%84%E3%81%BE%E3%81%B7%E3%81%85" n2="%E2%93%9D%4C%75%63%6B%79%4A" n3="%E7%A7%81%E3%81%AF%E6%B5%B7" dan="13,15,17,13" rate="2024.78,2004.26,2172.14,1883.09" sx="M,M,M,F"/><TAIKYOKU oya="0"/><INIT seed="0,0,0,1,4,113" ten="250,250,250,250" oya="0" hai0="85,83,61,29,76,89,48,110,36,41,99,46,96" hai1="78,123,20,80,11,130,122,127,49,134,6,52,37" hai2="87,81,119,58,95,54,26,118,43,72,75,4,105" hai3="30,2,55,103,108,9,115,18,39,35,32,34,47"/><T98/><D110/><U73/><E37/><V21/><F105/><W91/><G115/><T25/><D36/><U28/><E134/><V1/><F95/><W5/><G103/><T135/><D135/><U74/><E74/><V12/><F12/><W40/><G108/><T114/><D114/><U109/><E109/><V22/><F43/><W121/><G121/><T50/><D61/><U62/><E62/><V107/><F107/><W38/><G39/><T93/><REACH who="0" step="1"/><D50/><REACH who="0" ten="240,250,250,250" step="2"/><U88/><E123/><V14/><F75/><W132/><G132/><T53/><D53/><U94/><E122/><V45/><F72/><W100/><G55/><T63/><D63/><U0/><E130/><V120/><F120/><W116/><G100/><T8/><D8/><U56/><E127/><V104/><F54/><W68/><G68/><T60/><D60/><U69/><E69/><V19/><F58/><W15/><G38/><T106/><D106/><U77/><E77/><V111/><F104/><W71/><G71/><T57/><D57/><U124/><E124/><V3/><F111/><W117/><G40/><T23/><AGARI ba="0,1" hai="23,25,29,41,46,48,76,83,85,89,93,96,98,99" machi="23" ten="20,12000,1" yaku="1,1,0,1,7,1,8,1,53,1" doraHai="113" doraHaiUra="27" who="0" fromWho="0" sc="240,130,250,-40,250,-40,250,-40" /><INIT seed="0,1,0,3,2,34" ten="370,210,210,210" oya="0" hai0="5,86,6,1,107,102,73,88,105,92,111,38,10" hai1="134,121,8,0,64,47,20,87,91,50,68,126,117" hai2="100,55,21,75,128,52,124,27,51,112,17,72,58" hai3="7,25,56,70,2,12,16,67,18,101,106,116,98"/><T114/><D114/><U61/><E121/><V97/><F112/><W115/><G115/><T29/><D38/><U108/><E108/><V36/><F36/><W127/><G116/><T65/><D73/><U113/><E113/><V39/><F39/><W23/><G127/><T9/><D111/><U66/><E126/><V59/><F128/><W3/><G7/><T60/><D29/><U71/><E117/><V130/><F130/><W26/><G26/><T85/><D85/><U31/><E66/><V78/><F78/><W22/><G70/><T93/><D93/><U76/><E76/><V83/><F83/><W74/><G74/><T135/><D102/><U15/><E71/><V19/><F19/><W57/><G67/><T89/><D89/><U40/><E134/><V94/><REACH who="2" step="1"/><F124/><REACH who="2" ten="370,210,200,210" step="2"/><W11/><REACH who="3" step="1"/><G11/><REACH who="3" ten="370,210,200,200" step="2"/><T133/><D133/><U41/><E31/><V122/><F122/><W14/><G14/><T104/><D135/><U90/><E15/><V63/><AGARI ba="1,2" hai="17,21,27,51,52,55,58,59,63,72,75,94,97,100" machi="63" ten="20,8000,1" yaku="1,1,0,1,7,1,54,1,53,1" doraHai="34" doraHaiUra="46" who="2" fromWho="2" sc="370,-41,210,-21,200,103,200,-21" /><INIT seed="1,0,0,4,4,40" ten="329,189,303,179" oya="1" hai0="25,85,114,110,84,63,82,99,127,52,133,37,89" hai1="9,106,121,49,21,36,109,98,33,43,81,111,64" hai2="2,83,75,15,101,1,104,70,42,45,117,17,0" hai3="29,16,120,59,60,57,23,134,8,94,55,22,51"/><U28/><E121/><V50/><F117/><W53/><G120/><T130/><D114/><U96/><E21/><V86/><F70/><W131/><G131/><T103/><D130/><U73/><E49/><V125/><F75/><W6/><G134/><T67/><D110/><U44/><E64/><V132/><F125/><W108/><G108/><N who="1" m="41546" /><E9/><V116/><F116/><W118/><G118/><T18/><D133/><U95/><E95/><V115/><F115/><W4/><G8/><T7/><D127/><U79/><E106/><V47/><F132/><W102/><G23/><T30/><D37/><U31/><E31/><V91/><F104/><W113/><G113/><T19/><D67/><U26/><AGARI ba="0,0" hai="26,28,33,36,43,44,73,79,81,96,98" m="41546" machi="26" ten="30,6000,0" yaku="14,1,10,1,52,1" doraHai="40" who="1" fromWho="1" sc="329,-20,189,60,303,-20,179,-20" /><INIT seed="1,1,0,5,2,110" ten="309,249,283,159" oya="1" hai0="90,134,82,104,20,51,72,64,77,29,132,100,111" hai1="99,32,54,122,57,67,107,2,61,103,71,81,5" hai2="126,31,76,52,83,125,47,69,84,105,34,16,79" hai3="87,21,49,114,92,127,27,13,112,18,119,30,101"/><U118/><E118/><V23/><F69/><W9/><G119/><T78/><D111/><U0/><E32/><V24/><F105/><W98/><G127/><N who="2" m="48649" /><F34/><W10/><G10/><T68/><D78/><U88/><E5/><V7/><F7/><W130/><G130/><T56/><D68/><U39/><E39/><V26/><F79/><W63/><G49/><T108/><D108/><U40/><E40/><V124/><N who="2" m="48657" /><V35/><DORA hai="135" /><F47/><W70/><G87/><T97/><D77/><U19/><E19/><V43/><F52/><W45/><G45/><T89/><D104/><U117/><E117/><V22/><F35/><W123/><G123/><T65/><D65/><U58/><E71/><V106/><F106/><W38/><G38/><T133/><D64/><U115/><E122/><V73/><F43/><W44/><G44/><T28/><D133/><U14/><E0/><V4/><F4/><W3/><G3/><T6/><D6/><U15/><E2/><V128/><F128/><W109/><G109/><T17/><D134/><U94/><E107/><V11/><F11/><W75/><G75/><AGARI ba="1,0" hai="16,22,23,24,26,31,73,75,76,83,84" m="48657" machi="75" ten="40,12000,2" yaku="18,1,52,4,54,1" doraHai="110,135" who="2" fromWho="3" sc="309,0,249,0,283,123,159,-123" /><INIT seed="2,0,0,2,3,63" ten="309,249,406,36" oya="2" hai0="9,115,108,110,125,13,53,101,83,33,6,121,112" hai1="92,5,15,47,48,52,24,70,73,132,127,133,96" hai2="67,104,34,69,134,31,49,27,129,107,60,97,35" hai3="126,62,105,116,29,4,42,123,32,44,22,77,130"/><V51/><F129/><W117/><G105/><T114/><D101/><U40/><E70/><V54/><F134/><W50/><G32/><T91/><D53/><U124/><E73/><V64/><F35/><W74/><G123/><T75/><D121/><U3/><E24/><V80/><F67/><W25/><G130/><T55/><D33/><U85/><E85/><V8/><F8/><W111/><G111/><N who="0" m="42539" /><D125/><N who="1" m="48203" /><E40/><V119/><F119/><W76/><G126/><T82/><D75/><U43/><E43/><V65/><F65/><W20/><G4/><T18/><D55/><U14/><E5/><V103/><F107/><W84/><G74/><T46/><D46/><U78/><E78/><V41/><F41/><W87/><G116/><T7/><D82/><U68/><E68/><V90/><F54/><W81/><G117/><T118/><D118/><U0/><E0/><V106/><F106/><W72/><G77/><T131/><D131/><U58/><E47/><V38/><F38/><W59/><G20/><T11/><D91/><N who="1" m="55327" /><E3/><V113/><F113/><W89/><G89/><T66/><D83/><U17/><E17/><V57/><F69/><W21/><G21/><T135/><D135/><AGARI ba="0,0" hai="14,15,48,52,58,132,133,135" m="55327,48203" machi="135" ten="30,3900,0" yaku="20,1,18,1,54,1" doraHai="63" who="1" fromWho="0" sc="309,-39,249,39,406,0,36,0" /><INIT seed="3,0,0,2,4,24" ten="270,288,406,36" oya="3" hai0="15,126,35,11,105,33,16,106,56,120,118,31,86" hai1="8,60,65,27,21,10,54,7,73,101,135,104,13" hai2="85,110,129,52,69,124,55,102,112,100,57,93,119" hai3="113,59,43,45,97,99,26,63,84,92,41,53,90"/><W44/><G113/><T81/><D120/><U87/><E73/><V89/><F69/><W71/><G71/><T20/><D118/><U98/><E135/><V116/><F112/><W46/><REACH who="3" step="1"/><G26/><REACH who="3" ten="270,288,406,26" step="2"/><T77/><D126/><U38/><E27/><V2/><F124/><W78/><G78/><T23/><D35/><U48/><E38/><V115/><F115/><W132/><G132/><T47/><D33/><U17/><E7/><V28/><F119/><W111/><G111/><T22/><D31/><U114/><E114/><V125/><F28/><W70/><G70/><T34/><D34/><U108/><E108/><V30/><F30/><W19/><G19/><T14/><D56/><U68/><E87/><V121/><F85/><W1/><G1/><T32/><D32/><U66/><E66/><V39/><F110/><W130/><G130/><T51/><REACH who="0" step="1"/><D15/><REACH who="0" ten="260,288,406,26" step="2"/><U128/><E128/><V12/><F12/><W36/><G36/><T64/><D64/><U72/><E72/><V37/><F129/><W29/><G29/><T25/><D25/><U131/><E131/><V133/><F133/><W4/><G4/><T91/><D91/><U62/><E65/><V79/><F89/><W103/><G103/><T49/><D49/><U0/><E68/><V117/><F117/><W123/><G123/><T3/><D3/><U76/><E0/><V6/><F2/><W58/><G58/><T40/><AGARI ba="0,2" hai="11,14,16,20,22,23,40,47,51,77,81,86,105,106" machi="40" ten="30,4000,0" yaku="1,1,0,1,54,1,53,0" doraHai="24" doraHaiUra="61" who="0" fromWho="0" sc="260,60,288,-10,406,-10,26,-20" /><INIT seed="4,0,0,2,5,92" ten="320,278,396,6" oya="0" hai0="110,97,62,124,134,115,5,100,49,13,12,69,107" hai1="32,60,74,119,125,68,46,11,78,90,103,58,101" hai2="35,26,18,126,67,64,80,63,47,31,122,121,95" hai3="34,112,77,89,52,65,23,7,98,79,73,2,99"/><T6/><D115/><U24/><E119/><V51/><F67/><W14/><G34/><T72/><D72/><U76/><E68/><V16/><F80/><W3/><G73/><T96/><D124/><U27/><E90/><V29/><F31/><W37/><G37/><T131/><D131/><U81/><E76/><N who="3" m="29258" /><G112/><T21/><D134/><U117/><E125/><V108/><F108/><W116/><G116/><T88/><D110/><U70/><E70/><V120/><F95/><W15/><G2/><T66/><D49/><U39/><E11/><V19/><F126/><W133/><G65/><T83/><D97/><N who="3" m="36873" /><G3/><T22/><D12/><N who="3" m="4649" /><G133/><T104/><D104/><U0/><E0/><V71/><REACH who="2" step="1"/><F122/><REACH who="2" ten="320,278,386,6" step="2"/><W20/><G7/><T8/><REACH who="0" step="1"/><D5/><REACH who="0" ten="310,278,386,6" step="2"/><U1/><E117/><V36/><F36/><W82/><G82/><T132/><D132/><U84/><E81/><V87/><F87/><AGARI ba="0,2" hai="6,8,13,21,22,62,66,69,83,87,88,96,100,107" machi="87" ten="40,7700,0" yaku="1,1,52,1,54,1,53,0" doraHai="92" doraHaiUra="48" who="0" fromWho="2" sc="310,97,278,0,386,-77,6,0" /><INIT seed="4,1,0,4,4,54" ten="407,278,309,6" oya="0" hai0="72,80,28,119,60,73,2,50,37,129,128,126,46" hai1="99,121,9,107,33,78,91,98,48,125,44,83,0" hai2="117,124,95,81,53,8,21,55,93,71,102,3,70" hai3="127,34,40,68,92,16,23,17,18,32,10,82,36"/><T112/><D119/><U14/><E33/><N who="3" m="12906" /><G68/><T108/><D2/><U75/><E121/><V35/><F35/><W123/><G36/><T38/><D28/><U133/><E0/><V1/><F81/><W132/><G40/><T59/><D112/><U61/><E107/><V25/><F102/><W29/><G82/><T24/><D24/><U5/><E125/><V19/><F124/><W66/><G66/><N who="0" m="39199" /><D126/><U26/><E26/><V135/><F117/><W41/><G41/><N who="0" m="24911" /><D108/><U84/><E61/><V49/><F3/><W79/><G79/><N who="0" m="44135" /><D73/><U103/><E103/><V114/><F114/><W56/><G56/><T22/><D22/><U45/><E44/><V131/><F21/><W90/><G123/><T65/><D65/><U113/><E113/><V120/><F120/><W6/><G127/><T58/><D58/><U77/><E77/><V62/><F71/><W67/><G67/><T86/><D86/><U47/><E47/><V74/><F70/><W27/><G92/><T111/><D111/><U87/><E75/><V64/><F74/><W100/><G100/><T101/><D101/><U13/><E84/><V31/><F64/><W15/><G90/><T7/><D7/><U89/><E91/><V30/><F95/><W12/><G12/><T76/><D76/><U118/><E14/><V85/><F1/><W96/><G96/><N who="1" m="36906" /><E118/><V109/><F109/><W42/><G42/><T105/><D105/><U97/><N who="1" m="36914" /><U11/><DORA hai="94" /><E78/><V130/><F85/><W122/><G122/><T134/><D37/><U88/><E89/><V52/><F93/><W43/><G43/><RYUUKYOKU ba="1,0" sc="407,-10,278,-10,309,-10,6,30" hai3="6,10,15,16,17,18,23,27,29,132" /><INIT seed="5,2,0,2,3,39" ten="397,268,299,36" oya="1" hai0="7,72,44,109,21,90,112,51,105,0,132,50,17" hai1="129,73,106,12,94,27,91,55,33,18,37,20,114" hai2="1,115,48,14,34,123,125,29,25,59,104,85,83" hai3="26,124,67,41,77,113,75,128,62,74,131,56,84"/><U79/><E106/><V87/><F1/><W126/><G26/><T64/><D72/><U119/><E119/><V52/><F123/><W96/><G96/><T45/><D105/><U57/><E37/><V122/><F122/><W99/><G99/><T100/><D100/><U107/><E107/><V102/><F125/><N who="3" m="48235" /><G113/><T22/><D109/><U10/><E33/><V31/><F115/><W80/><G41/><T65/><D112/><U82/><E114/><V4/><F31/><W121/><G121/><T58/><D132/><U97/><E129/><AGARI ba="2,0" hai="56,62,67,74,75,77,80,84,128,129,131" m="48235" machi="129" ten="30,2000,0" yaku="19,1,18,1" doraHai="39" who="3" fromWho="1" sc="397,0,268,-26,299,0,36,26" /><INIT seed="6,0,0,3,1,71" ten="397,242,299,62" oya="2" hai0="76,68,66,16,46,119,113,99,22,69,35,81,50" hai1="24,8,98,12,27,44,101,30,52,18,79,19,62" hai2="72,4,121,109,17,11,90,33,9,39,67,64,34" hai3="63,116,102,131,65,28,45,134,47,7,6,117,128"/><V93/><F72/><W118/><G134/><T127/><D35/><U84/><E30/><V129/><F121/><W94/><G28/><T77/><D113/><U107/><E19/><V3/><F129/><W32/><G32/><T105/><D127/><U88/><E79/><V61/><F67/><W132/><G102/><T125/><D125/><U0/><E0/><V103/><F109/><W29/><G29/><T112/><D112/><U59/><REACH who="1" step="1"/><E44/><REACH who="1" ten="397,232,299,62" step="2"/><V36/><F34/><W13/><G132/><T2/><D16/><U58/><E58/><V73/><F33/><W74/><G45/><T82/><D77/><U96/><E96/><V5/><F17/><W21/><G47/><T89/><D99/><U91/><E91/><V51/><F103/><W1/><G1/><T92/><D89/><U56/><E56/><V133/><F133/><W86/><G74/><T106/><D76/><U87/><E87/><V78/><F78/><W37/><G128/><T53/><D46/><U55/><E55/><V75/><F75/><W23/><G131/><T54/><D54/><U43/><E43/><V130/><F73/><W20/><G13/><T38/><D53/><U124/><E124/><V49/><F130/><W80/><G86/><T111/><D2/><U83/><AGARI ba="0,1" hai="8,12,18,24,27,52,59,62,83,84,88,98,101,107" machi="83" ten="20,8000,1" yaku="1,1,0,1,7,1,54,2,53,0" doraHai="71" doraHaiUra="26" who="1" fromWho="1" sc="397,-20,232,90,299,-40,62,-20" /><INIT seed="7,0,0,0,2,51" ten="377,322,259,42" oya="3" hai0="17,29,26,128,121,118,108,97,70,1,18,22,87" hai1="42,73,126,98,88,119,7,99,44,80,90,36,6" hai2="2,57,74,0,37,38,35,21,59,106,105,93,112" hai3="96,104,130,76,115,109,84,9,40,86,71,48,16"/><W101/><G71/><T25/><D121/><U91/><E119/><V3/><F93/><W50/><G115/><T43/><D108/><U58/><E126/><V120/><F112/><W129/><G109/><T27/><D118/><U24/><E24/><N who="0" m="9321" /><D1/><U23/><E23/><V75/><F21/><W67/><G67/><T116/><D70/><U100/><E58/><N who="2" m="22027" /><F35/><W61/><G61/><T41/><D116/><U13/><E13/><V92/><F92/><W52/><G76/><T63/><D128/><N who="3" m="49257" /><G40/><N who="0" m="15435" /><D63/><U39/><E39/><N who="2" m="14859" /><F120/><W20/><G48/><T82/><D97/><U78/><REACH who="1" step="1"/><E99/><REACH who="1" ten="377,312,259,42" step="2"/><V32/><F32/><W10/><G10/><T46/><D46/><U69/><E69/><V8/><F8/><W133/><G133/><T34/><D34/><U45/><E45/><V47/><F47/><N who="3" m="27743" /><G9/><T134/><D134/><U125/><E125/><V113/><F113/><W127/><G127/><T131/><D131/><U30/><E30/><V110/><F110/><W89/><G89/><AGARI ba="0,1" hai="17,18,22,27,29,82,87,89" m="15435,9321" machi="89" ten="30,1000,0" yaku="8,1" doraHai="51" who="0" fromWho="3" sc="377,20,312,0,259,0,42,-10" owari="397,49.7,312,11.2,259,-14.1,32,-46.8" /></mjloggm>