<mjloggm ver="2.3"><GO type="41" lobby="0"/><UN n0="%E3%81%B5%E3%81%86%E3%81%A1%E3%82%83%E3%82%93%E3%83%91%E3%83%91" n1="%4E%4F%59%49" n2="%E2%93%9D%4C%75%63%6B%79%4A" n3="%40%E5%8D%83%E8%91%89%E7%B4%80%E4%B9%8B" dan="15,15,17,15" rate="1928.51,1898.45,2148.49,1935.21" sx="M,M,M,M"/><TAIKYOKU oya="0"/><INIT seed="0,0,0,2,5,52" ten="250,250,250,250" oya="0" hai0="132,121,112,98,43,63,36,124,35,118,49,99,25" hai1="45,95,15,83,47,94,12,41,8,91,71,106,27" hai2="2,123,104,60,105,9,66,7,125,65,72,97,74" hai3="84,24,4,77,80,81,85,78,127,79,55,119,134"/><T109/><D121/><U59/><E106/><V37/><F123/><W70/><G70/><T46/><D118/><U69/><E8/><V133/><F66/><W40/><G119/><T64/><D112/><U86/><E27/><V33/><F125/><W20/><G127/><T101/><D124/><U14/><E47/><V30/><F133/><W93/><G134/><T130/><D130/><U76/><E69/><N who="2" m="42151" /><F37/><W3/><G40/><T39/><D132/><U48/><E71/><V22/><F22/><W32/><G32/><T73/><D73/><N who="2" m="28266" /><F97/><W10/><G93/><T100/><D109/><U110/><E110/><V34/><F30/><W58/><G78/><T50/><D39/><U75/><E75/><V114/><F114/><W115/><G115/><T88/><D99/><U6/><E6/><V90/><F90/><W18/><G55/><T23/><D35/><AGARI ba="0,0" hai="2,7,9,33,34,35,104,105" m="28266,42151" machi="35" ten="30,2000,0" yaku="33,2" doraHai="52" who="2" fromWho="0" sc="250,-20,250,0,250,20,250,0" /><INIT seed="1,0,0,1,1,32" ten="230,250,270,250" oya="1" hai0="1,113,88,49,29,41,23,120,132,117,54,110,37" hai1="35,56,71,130,91,4,45,26,8,123,65,58,80" hai2="15,24,60,47,70,57,64,109,20,73,40,125,43" hai3="87,16,18,133,59,126,111,89,13,76,86,108,128"/><U33/><E130/><V62/><F73/><W2/><G128/><T112/><D117/><U95/><E123/><V63/><F15/><W46/><G133/><T96/><D120/><U92/><E71/><V98/><F109/><N who="3" m="42059" /><G126/><T55/><D110/><U101/><E35/><V74/><F74/><W124/><G124/><T39/><D132/><U72/><E65/><V27/><F27/><W107/><G107/><T79/><D79/><U106/><E45/><V100/><F125/><W53/><G2/><T25/><D1/><U77/><E95/><N who="2" m="58463" /><F70/><W93/><G46/><N who="0" m="25807" /><D39/><U83/><E83/><V116/><F116/><W122/><G122/><T68/><D68/><U85/><E26/><V67/><F67/><W48/><G13/><T69/><D69/><U9/><E33/><V119/><F119/><W97/><G76/><T82/><D37/><U0/><REACH who="1" step="1"/><E9/><REACH who="1" ten="230,240,270,250" step="2"/><V127/><F127/><W94/><G86/><N who="0" m="50263" /><D113/><U52/><E52/><N who="0" m="20009" /><D112/><U28/><E28/><N who="2" m="17415" /><F43/><W14/><G87/><T99/><AGARI ba="0,1" hai="23,25,29,96,99" m="20009,50263,25807" machi="99" ten="30,4000,0" yaku="8,1,54,2" doraHai="32" who="0" fromWho="0" sc="230,50,240,-20,270,-10,250,-10" /><INIT seed="2,0,0,0,4,85" ten="280,220,260,240" oya="2" hai0="125,11,118,0,134,66,95,48,127,57,60,58,27" hai1="64,99,23,45,105,108,78,92,122,130,110,17,81" hai2="72,26,119,69,40,18,14,37,41,25,61,65,126" hai3="112,32,87,39,74,47,19,28,56,9,107,15,94"/><V96/><F119/><W90/><G74/><T55/><D118/><U71/><E71/><V3/><F3/><W63/><G107/><T89/><D134/><U42/><E64/><V102/><F72/><W2/><G112/><T31/><D0/><U8/><E8/><V115/><F115/><W77/><G77/><T133/><D133/><U73/><E105/><V86/><F126/><W97/><G2/><T51/><D11/><U67/><E67/><V21/><F86/><W129/><G129/><T33/><REACH who="0" step="1"/><D48/><REACH who="0" ten="270,220,260,240" step="2"/><U88/><E130/><V135/><F135/><W132/><G132/><T20/><D20/><U131/><E131/><V16/><F37/><W38/><G39/><T123/><D123/><U49/><REACH who="1" step="1"/><E122/><REACH who="1" ten="270,210,260,240" step="2"/><V98/><F69/><W7/><G9/><T50/><D50/><U54/><E54/><V109/><F65/><W82/><G38/><T68/><D68/><U128/><E128/><V101/><F21/><W93/><G32/><T83/><D83/><U34/><E34/><V12/><REACH who="2" step="1"/><F109/><REACH who="2" ten="270,210,250,240" step="2"/><W10/><G10/><T44/><D44/><U75/><E75/><V117/><F117/><W91/><G47/><T22/><D22/><U24/><AGARI ba="0,3" hai="17,23,24,42,45,49,73,78,81,88,92,99,108,110" machi="24" ten="30,8000,1" yaku="1,1,0,1,52,1,54,1,53,1" doraHai="85" doraHaiUra="104" who="1" fromWho="1" sc="270,-20,210,110,250,-40,240,-20" /><INIT seed="3,0,0,4,5,96" ten="250,320,210,220" oya="3" hai0="94,63,49,133,59,80,52,24,79,30,21,47,124" hai1="77,85,126,101,122,76,6,97,104,14,75,93,66" hai2="60,27,16,135,71,58,116,20,32,123,98,40,65" hai3="55,102,109,78,15,91,111,82,44,1,119,31,17"/><W121/><G119/><T37/><D133/><U69/><E122/><V25/><F116/><W83/><G121/><T73/><D124/><U105/><E69/><V50/><F123/><W90/><G1/><T120/><D120/><U88/><E66/><V131/><F135/><W134/><G134/><T62/><D37/><U61/><E61/><V56/><F131/><W3/><G3/><T4/><D4/><U107/><E6/><V5/><F5/><W9/><G31/><T53/><D94/><U108/><E14/><V48/><F40/><W38/><G102/><T11/><D11/><U42/><E42/><V125/><F125/><W33/><G33/><T127/><D127/><U54/><E54/><V130/><F130/><W51/><G38/><T46/><D62/><U7/><E7/><V45/><F98/><W67/><G67/><T68/><D68/><U36/><E36/><V72/><F72/><N who="3" m="43335" /><G83/><T10/><D10/><U112/><E112/><V113/><F113/><W12/><G12/><T8/><D8/><U118/><E118/><V100/><F100/><W103/><G103/><T87/><D73/><U29/><E29/><V23/><F32/><W22/><G9/><T70/><D70/><U0/><E0/><V110/><F71/><W74/><G74/><T84/><D84/><U13/><E13/><V95/><F65/><W2/><G2/><T86/><D86/><U89/><E126/><V57/><F60/><W92/><G92/><T19/><D30/><U115/><E115/><V28/><F95/><W128/><G128/><T106/><D106/><U81/><E108/><AGARI ba="0,0" hai="15,17,22,44,51,55,90,91,108,109,111" m="43335" machi="108" ten="30,5800,0" yaku="6,1,14,1,10,1" doraHai="96" who="3" fromWho="1" sc="250,0,320,-58,210,0,220,58" /><INIT seed="3,1,0,2,0,93" ten="250,262,210,278" oya="3" hai0="85,123,49,89,111,77,73,0,110,91,74,28,81" hai1="31,18,117,55,26,92,10,71,79,128,107,44,88" hai2="48,67,34,4,64,95,8,72,46,20,3,12,75" hai3="120,68,109,30,14,98,113,104,11,15,33,5,82"/><W127/><G113/><T16/><D0/><U103/><E71/><V54/><F34/><W115/><G115/><T27/><D123/><U62/><E117/><V57/><F75/><W119/><G119/><T133/><D49/><U6/><E128/><V25/><F72/><W63/><G120/><T41/><D41/><U60/><E107/><V66/><F3/><W83/><G127/><T42/><D42/><U76/><E103/><V84/><F84/><W40/><G40/><T105/><D105/><U102/><E102/><V45/><REACH who="2" step="1"/><F95/><REACH who="2" ten="250,262,200,278" step="2"/><W7/><G33/><T99/><D73/><U121/><E121/><V36/><F36/><W50/><G104/><T130/><D130/><U129/><E129/><V58/><F58/><W106/><G106/><T13/><D74/><U32/><E44/><V131/><F131/><W39/><G39/><T65/><D133/><U122/><E122/><V1/><F1/><W134/><G134/><T47/><D47/><U101/><E101/><V132/><F132/><W59/><G59/><T124/><D124/><U116/><E116/><V53/><F53/><W51/><G68/><T35/><D65/><U78/><E55/><V97/><F97/><W87/><G98/><T70/><D70/><U23/><E92/><V114/><F114/><W56/><G56/><T22/><D77/><U108/><E108/><V118/><F118/><W29/><G109/><T61/><D61/><U43/><E43/><V94/><F94/><W135/><G63/><N who="1" m="24106" /><E88/><V9/><F9/><W80/><G135/><T38/><D38/><U126/><E126/><V96/><F96/><RYUUKYOKU ba="1,1" sc="250,15,262,-15,200,15,278,-15" hai0="13,16,22,27,28,35,81,85,89,91,99,110,111" hai2="4,8,12,20,25,45,46,48,54,57,64,66,67" /><INIT seed="4,2,1,3,0,92" ten="265,247,215,263" oya="0" hai0="93,23,101,108,10,31,69,52,38,5,16,128,26" hai1="102,62,13,135,134,34,95,54,42,98,17,74,20" hai2="63,68,113,37,7,66,58,47,115,131,11,103,130" hai3="72,132,53,82,36,65,40,24,81,119,49,90,70"/><T50/><D69/><U4/><E34/><V112/><F103/><W110/><G119/><T99/><D108/><U80/><E4/><V51/><F11/><W48/><G110/><T116/><D38/><U2/><E2/><V88/><F7/><W67/><G132/><T22/><D116/><U85/><E42/><N who="2" m="22991" /><F88/><W125/><G125/><T25/><D128/><N who="2" m="49194" /><F51/><W129/><G129/><T118/><D118/><U56/><REACH who="1" step="1"/><E74/><REACH who="1" ten="265,237,215,263" step="2"/><V75/><F75/><W18/><G72/><T84/><D5/><U114/><E114/><V43/><F43/><W19/><G40/><T126/><D126/><U1/><E1/><V27/><F27/><W127/><G24/><T77/><D10/><U83/><E83/><V133/><F133/><W122/><G127/><T39/><D39/><U45/><E45/><V15/><F15/><W104/><G36/><T57/><D77/><AGARI ba="2,2" hai="13,17,20,54,56,62,77,80,85,95,98,102,134,135" machi="77" ten="40,2600,0" yaku="1,1,52,1,53,0" doraHai="92" doraHaiUra="44" who="1" fromWho="0" sc="265,-32,237,52,215,0,263,0" /><INIT seed="5,0,0,3,0,84" ten="233,289,215,263" oya="1" hai0="89,56,63,45,93,118,37,26,58,91,43,46,106" hai1="83,17,74,110,114,9,125,77,54,127,5,72,102" hai2="22,50,2,100,32,23,117,121,134,87,62,129,0" hai3="97,131,104,24,81,16,130,44,94,65,111,33,31"/><U132/><E114/><V78/><F100/><W108/><G104/><T12/><D106/><U68/><E68/><V67/><F32/><W86/><G65/><T38/><D118/><U123/><E123/><V79/><F121/><W105/><G105/><T15/><D26/><U101/><E17/><V30/><F50/><W8/><G44/><T28/><D28/><U66/><E66/><V133/><F129/><N who="3" m="49163" /><G94/><T35/><D93/><U3/><E74/><V39/><F30/><W73/><G97/><T112/><D112/><U42/><E42/><V90/><F39/><W18/><G73/><T75/><D75/><U6/><E6/><V41/><F41/><W109/><G8/><T47/><D35/><U69/><E69/><V19/><F67/><W116/><G116/><T40/><D47/><U14/><E3/><V119/><F87/><W13/><G13/><T4/><D63/><U99/><E99/><V27/><F62/><W25/><G25/><T88/><D4/><U95/><E95/><V82/><F27/><W126/><G126/><N who="1" m="48138" /><E54/><V103/><F119/><W59/><G59/><AGARI ba="0,0" hai="12,15,37,38,40,43,45,46,56,58,59,88,89,91" machi="59" ten="40,8000,1" yaku="9,1,52,3,54,1" doraHai="84" who="0" fromWho="3" sc="233,80,289,0,215,0,263,-80" /><INIT seed="6,0,0,1,1,34" ten="313,289,215,183" oya="2" hai0="33,92,122,70,44,110,48,83,21,63,129,12,27" hai1="82,114,125,61,25,23,81,109,11,31,18,97,73" hai2="26,46,51,19,6,86,38,120,30,131,108,90,94" hai3="126,49,45,16,60,7,43,104,101,89,52,58,132"/><V74/><F120/><W20/><G126/><T85/><D122/><U102/><E114/><V127/><F127/><W41/><G132/><T134/><D110/><U105/><E125/><V119/><F74/><W66/><G7/><T5/><D134/><U17/><E109/><V14/><F38/><W79/><G79/><T15/><D129/><U9/><E73/><V0/><F119/><W69/><G104/><T35/><D92/><U98/><E98/><V91/><F131/><W112/><G101/><T116/><D116/><U28/><E61/><V56/><F56/><W22/><G22/><T76/><D15/><U54/><E54/><V77/><F77/><W13/><G112/><T117/><D117/><U68/><E68/><V118/><F91/><W67/><G67/><T37/><D37/><U84/><E81/><V50/><F46/><W111/><G111/><T123/><D123/><U107/><E107/><V106/><F106/><W40/><REACH who="3" step="1"/><G89/><REACH who="3" ten="313,289,215,173" step="2"/><T62/><D35/><U75/><E105/><V71/><F108/><W95/><G95/><T93/><D33/><U130/><E102/><V78/><F78/><W103/><G103/><T128/><D128/><U80/><E130/><V124/><F124/><W42/><G42/><N who="0" m="24599" /><D93/><U39/><E23/><N who="2" m="11767" /><F118/><W135/><G135/><T121/><D121/><U24/><E82/><V32/><F71/><AGARI ba="0,1" hai="13,16,20,40,41,43,45,49,52,58,60,66,69,71" machi="71" ten="40,5200,0" yaku="1,1,54,2,53,0" doraHai="34" doraHaiUra="113" who="3" fromWho="2" sc="313,0,289,0,215,-52,173,62" /><INIT seed="7,0,0,4,3,108" ten="313,289,163,235" oya="3" hai0="104,118,12,120,44,38,90,124,105,34,78,77,87" hai1="23,16,60,54,4,27,93,2,75,20,26,30,92" hai2="29,51,1,91,39,19,32,63,121,70,132,99,82" hai3="47,45,10,130,11,123,49,109,7,15,110,36,46"/><W64/><G123/><T9/><D34/><U48/><E75/><V96/><F39/><W69/><G130/><T37/><D120/><U31/><E60/><V117/><F1/><W68/><G36/><T129/><D118/><U103/><E103/><V115/><F121/><W76/><G76/><T111/><D111/><N who="3" m="42505" /><G64/><T113/><D129/><U35/><E2/><V40/><F132/><W58/><G58/><T25/><D38/><U57/><REACH who="1" step="1"/><E4/><REACH who="1" ten="313,279,163,235" step="2"/><V3/><F3/><N who="3" m="383" /><G49/><T17/><D37/><U106/><E106/><V0/><F0/><W62/><G62/><T50/><D105/><U95/><E95/><V72/><F63/><W5/><AGARI ba="0,1" hai="5,11,15,45,46,47,68,69" m="383,42505" machi="5" ten="30,1500,0" yaku="10,1" doraHai="108" who="3" fromWho="3" sc="313,-5,279,-5,163,-5,235,25" /><INIT seed="7,1,0,2,1,64" ten="308,274,158,260" oya="3" hai0="52,114,28,34,135,35,125,36,100,119,83,13,105" hai1="51,93,32,19,110,57,99,120,21,124,94,87,77" hai2="41,81,58,96,3,107,30,97,70,18,2,108,128" hai3="7,46,75,101,98,131,129,103,59,112,63,29,45"/><W84/><G75/><T43/><D119/><U89/><E32/><V67/><F108/><W20/><G112/><T8/><D114/><U54/><E120/><V44/><F58/><W82/><G7/><T5/><D135/><U66/><E110/><V117/><F18/><W25/><G129/><T73/><D125/><U79/><E124/><V16/><F30/><W109/><G109/><T71/><D71/><U48/><E48/><V123/><F123/><W10/><G10/><T85/><D73/><U115/><E66/><V24/><F81/><W76/><G131/><T31/><D35/><U65/><E65/><V6/><F6/><W33/><G33/><T12/><D12/><U17/><E17/><V132/><F132/><W121/><G121/><T130/><D130/><U113/><E113/><V72/><F72/><W55/><REACH who="3" step="1"/><G103/><REACH who="3" ten="308,274,158,250" step="2"/><T69/><D34/><U68/><E115/><V37/><F128/><W134/><G134/><T49/><D100/><U102/><REACH who="1" step="1"/><E68/><REACH who="1" ten="308,264,158,250" step="2"/><V88/><F70/><W92/><AGARI ba="1,2" hai="20,25,29,45,46,55,59,63,76,82,84,92,98,101" machi="92" ten="20,12000,1" yaku="1,1,0,1,7,1,8,1,53,1" doraHai="64" doraHaiUra="74" who="3" fromWho="3" sc="308,-41,264,-41,158,-41,250,143" owari="267,6.7,223,-17.7,117,-38.3,393,49.3" /></mjloggm>