<mjloggm ver="2.3"><GO type="41" lobby="0"/><UN n0="%E9%9B%B7%E3%81%AE%E5%B7%AB%E5%A5%B3" n1="%E2%93%9D%4C%75%63%6B%79%4A" n2="%4D%72%2E%E3%82%AB%E3%83%B3" n3="%E6%96%B0%E9%96%8B%E5%9C%B0%E6%9C%AC%E5%BA%97" dan="14,18,15,13" rate="1964.88,2162.84,1944.28,1807.43" sx="F,M,M,M"/><TAIKYOKU oya="0"/><INIT seed="0,0,0,1,0,107" ten="250,250,250,250" oya="0" hai0="19,22,28,96,124,75,43,122,20,101,109,133,4" hai1="10,104,94,2,5,110,37,106,46,47,45,91,100" hai2="66,55,11,21,42,126,132,129,123,15,135,105,35" hai3="83,71,114,39,86,50,88,128,117,52,36,16,68"/><T65/><D122/><U90/><E37/><V111/><F105/><W98/><G117/><T78/><D124/><U8/><E110/><V30/><F66/><W32/><G114/><T99/><D109/><U27/><E100/><V31/><F42/><W102/><G32/><T73/><D133/><N who="2" m="51274" /><F55/><W115/><G115/><T57/><D4/><U54/><E91/><V1/><F111/><W82/><G128/><T61/><D43/><U113/><E10/><V59/><F59/><N who="3" m="33175" /><G71/><T92/><D78/><U119/><E119/><V58/><F58/><W112/><G68/><T131/><D131/><U67/><E67/><V74/><F74/><W13/><G112/><T62/><D62/><U130/><E130/><V7/><F129/><W125/><G125/><T33/><D99/><U29/><E54/><V0/><F126/><W118/><G118/><T80/><D33/><U87/><REACH who="1" step="1"/><E113/><REACH who="1" ten="250,240,250,250" step="2"/><V69/><F123/><W44/><G39/><T84/><D80/><U56/><E56/><V63/><F69/><W70/><G36/><T79/><D79/><U51/><E51/><V24/><F63/><W18/><G70/><T25/><D84/><U38/><E38/><V108/><F108/><W97/><G82/><T12/><AGARI ba="0,1" hai="12,19,20,22,25,28,57,61,65,73,75,92,96,101" machi="12" ten="20,18000,2" yaku="0,1,7,1,25,2,52,2" doraHai="107" who="0" fromWho="0" sc="250,190,240,-60,250,-60,250,-60" /><INIT seed="0,1,0,0,5,63" ten="440,180,190,190" oya="0" hai0="59,6,25,78,2,49,135,19,56,24,97,119,79" hai1="102,118,111,64,82,70,4,123,73,14,65,83,7" hai2="36,71,3,80,18,53,1,34,68,81,131,21,13" hai3="90,43,42,106,110,27,54,88,84,28,77,113,122"/><T116/><D135/><U32/><E70/><V76/><F36/><W9/><G113/><T67/><D97/><U114/><E32/><V133/><F34/><W75/><G106/><T74/><D49/><U61/><E123/><V107/><F107/><W46/><G110/><T92/><D92/><U40/><E118/><V37/><F37/><W125/><G122/><T120/><D74/><U95/><E111/><V94/><F133/><W115/><G115/><T134/><D134/><U58/><E40/><V93/><F131/><W109/><G109/><T62/><D120/><U38/><E38/><V15/><F53/><W124/><G75/><T69/><D2/><U35/><E35/><V30/><F30/><W41/><G9/><T66/><D6/><N who="1" m="2091" /><E14/><V91/><F91/><N who="3" m="34859" /><G54/><T39/><D62/><U104/><E104/><V22/><REACH who="2" step="1"/><F18/><REACH who="2" ten="440,180,180,190" step="2"/><W48/><G28/><T57/><D39/><U128/><E128/><V29/><F29/><W99/><G27/><T89/><D89/><U132/><E132/><V100/><F100/><W23/><G23/><T130/><D19/><U121/><E121/><V10/><F10/><W112/><G112/><T17/><D17/><U12/><E114/><V0/><F0/><W101/><G101/><T5/><D5/><U33/><E33/><V103/><F103/><W51/><G99/><T129/><D59/><U11/><E58/><V98/><F98/><W127/><G46/><T20/><D20/><U105/><E105/><V60/><F60/><W16/><G16/><T44/><D44/><U52/><E102/><V85/><F85/><W72/><G72/><RYUUKYOKU ba="1,1" sc="440,10,180,-30,180,10,190,10" hai0="24,25,56,57,66,67,69,78,79,116,119,129,130" hai2="1,3,13,15,21,22,68,71,76,80,81,93,94" hai3="41,42,43,48,51,77,84,124,125,127" /><INIT seed="0,2,1,1,0,3" ten="450,150,190,200" oya="0" hai0="49,70,85,66,34,37,90,13,112,45,81,54,4" hai1="97,27,104,8,125,26,7,63,29,76,119,30,60" hai2="36,12,75,93,83,22,72,127,1,31,78,23,98" hai3="0,111,21,69,64,135,5,130,52,38,61,132,107"/><T105/><D105/><U124/><E76/><V117/><F36/><W96/><G38/><T131/><D112/><U6/><E104/><V56/><F1/><W126/><G111/><T87/><D131/><U41/><E97/><V71/><F71/><W86/><G130/><T74/><D34/><U51/><E51/><V62/><F117/><W94/><G126/><T39/><D74/><U19/><E19/><V15/><F127/><W120/><G120/><T46/><D46/><U123/><E8/><V11/><F15/><W79/><G107/><T58/><D70/><U92/><E92/><V68/><F68/><W89/><G21/><T10/><D66/><U14/><E14/><V113/><F31/><W50/><G79/><T128/><D58/><U101/><E101/><V80/><F113/><W35/><G35/><T114/><D114/><U108/><E41/><V122/><F80/><W95/><G96/><T24/><D24/><U99/><E99/><V116/><F75/><W20/><G20/><T16/><D128/><U110/><E119/><V55/><F116/><W28/><G28/><T33/><D33/><U77/><E77/><V109/><F109/><W121/><G121/><AGARI ba="2,1" hai="6,7,26,27,29,30,60,63,108,110,121,123,124,125" machi="121" ten="25,6400,0" yaku="22,2,52,2" doraHai="3" who="1" fromWho="3" sc="450,0,150,80,190,0,200,-70" /><INIT seed="1,0,0,5,1,128" ten="450,230,190,130" oya="1" hai0="77,8,113,100,52,42,59,51,50,84,29,58,68" hai1="27,97,60,26,61,53,34,47,96,129,75,7,23" hai2="36,135,32,4,87,57,21,63,114,124,40,0,71" hai3="55,107,74,132,24,66,39,121,126,54,89,12,30"/><U15/><E75/><V85/><F32/><W28/><G121/><T18/><D113/><U123/><E123/><V103/><F114/><W105/><G74/><T110/><D110/><U6/><E34/><V37/><F71/><W134/><G39/><T70/><D100/><U19/><E129/><V95/><F124/><W45/><G66/><T82/><D29/><N who="3" m="11369" /><G24/><T3/><D3/><U118/><E118/><V125/><F125/><W86/><G126/><T22/><D8/><U116/><E116/><V25/><F37/><W9/><G45/><T33/><D33/><U99/><E61/><V120/><F120/><W31/><N who="3" m="11377" /><W80/><DORA hai="83" /><G105/><T104/><D104/><U35/><E35/><V13/><F0/><W122/><G122/><T10/><D10/><U131/><E131/><V20/><F40/><W81/><G107/><T49/><D49/><N who="1" m="28863" /><E60/><V115/><F115/><W91/><G9/><T102/><D102/><U1/><E1/><V62/><F36/><W117/><G12/><T78/><D78/><U69/><E69/><V112/><F112/><W92/><G117/><T88/><D77/><U79/><E79/><V108/><F4/><AGARI ba="0,0" hai="4,6,7,15,19,23,26,27,96,97,99" m="28863" machi="4" ten="30,1500,0" yaku="8,1" doraHai="128,83" who="1" fromWho="2" sc="450,0,230,15,190,-15,130,0" /><INIT seed="1,1,0,5,3,6" ten="450,245,175,130" oya="1" hai0="37,65,29,2,50,15,60,132,42,69,10,123,5" hai1="88,102,55,58,48,121,17,104,20,85,82,74,13" hai2="63,76,128,8,118,122,86,1,70,46,49,0,34" hai3="12,36,43,110,73,108,14,87,92,24,115,103,52"/><U38/><E38/><V39/><F122/><W53/><G115/><T44/><D132/><U90/><E121/><V93/><F39/><W16/><G73/><T11/><D123/><U62/><E74/><V129/><F34/><W66/><G66/><T7/><D29/><U59/><E104/><V135/><F118/><W31/><G12/><T3/><D37/><U26/><E102/><V124/><F135/><W111/><G43/><T113/><D113/><U27/><REACH who="1" step="1"/><E90/><REACH who="1" ten="450,235,175,130" step="2"/><V80/><F129/><W61/><G36/><T30/><REACH who="0" step="1"/><D30/><REACH who="0" ten="440,235,175,130" step="2"/><U97/><E97/><V45/><F128/><W25/><G31/><T18/><D18/><U100/><E100/><V106/><F124/><W47/><G103/><T134/><D134/><U79/><E79/><V72/><F76/><W105/><G105/><T133/><D133/><U83/><E83/><V22/><F80/><W117/><G117/><T109/><D109/><U112/><E112/><V71/><F106/><W68/><G111/><T23/><D23/><U125/><E125/><V101/><F22/><N who="3" m="11543" /><G110/><T119/><D119/><U33/><E33/><V91/><F101/><W130/><G108/><T40/><D40/><U127/><E127/><V78/><F78/><W51/><G130/><T57/><D57/><U77/><E77/><V56/><F56/><N who="3" m="34959" /><G68/><T131/><D131/><U81/><E81/><V114/><F71/><W84/><G92/><T35/><D35/><U32/><E32/><V21/><F70/><W28/><G28/><T67/><D67/><AGARI ba="1,2" hai="13,17,20,26,27,48,55,58,59,62,67,82,85,88" machi="67" ten="30,11600,0" yaku="1,1,7,1,8,1,54,1,53,0" doraHai="6" doraHaiUra="94" who="1" fromWho="0" sc="440,-119,235,139,175,0,130,0" /><INIT seed="1,2,0,0,0,93" ten="321,374,175,130" oya="1" hai0="51,113,60,135,130,43,55,97,1,132,38,63,72" hai1="80,118,64,81,32,35,133,112,37,20,91,0,104" hai2="125,10,83,25,44,65,67,105,54,109,2,27,57" hai3="129,59,87,4,13,70,42,26,110,120,61,84,47"/><U15/><E37/><V22/><F105/><W62/><G120/><T127/><D113/><U73/><E0/><V33/><F125/><W89/><G70/><T68/><D1/><U45/><E118/><V36/><F109/><W16/><G110/><T100/><D72/><U19/><E112/><V8/><F83/><W95/><G129/><T75/><D75/><U116/><E116/><V107/><F107/><W41/><G62/><T96/><D127/><U53/><E64/><V48/><F33/><W88/><G47/><N who="0" m="24055" /><D100/><U9/><E133/><N who="0" m="51273" /><D130/><U29/><E104/><V117/><F117/><W30/><G4/><T79/><D79/><U21/><E35/><V14/><F2/><W128/><G128/><T12/><D12/><U34/><E34/><V122/><F122/><W126/><G126/><T46/><D63/><U77/><E32/><V134/><F134/><W5/><G5/><T90/><D90/><U85/><REACH who="1" step="1"/><E29/><REACH who="1" ten="321,364,175,130" step="2"/><V114/><F114/><W123/><G123/><T92/><D92/><U131/><E131/><V108/><F108/><W94/><G30/><T78/><D78/><U103/><E103/><V11/><F36/><W119/><G119/><T58/><D68/><U7/><E7/><V23/><F67/><AGARI ba="2,1" hai="46,51,55,58,60,67,96,97" m="51273,24055" machi="67" ten="30,3900,0" yaku="20,1,52,2" doraHai="93" who="0" fromWho="2" sc="321,55,364,0,175,-45,130,0" /><INIT seed="2,0,0,5,2,88" ten="376,364,130,130" oya="2" hai0="26,108,30,52,48,40,116,50,20,44,64,80,63" hai1="49,23,75,37,119,89,133,90,118,70,123,72,79" hai2="47,25,125,94,91,24,28,66,98,10,43,18,68" hai3="16,83,117,54,42,124,0,109,77,57,22,3,9"/><V71/><F125/><W4/><G117/><T134/><D108/><U58/><E70/><V46/><F66/><W103/><G109/><T76/><D134/><U135/><E23/><V17/><F68/><W93/><G124/><T39/><D116/><N who="1" m="44587" /><E49/><N who="2" m="26847" /><F71/><W67/><G67/><T122/><D122/><U128/><E37/><V56/><F47/><W31/><G31/><T95/><D95/><U60/><E128/><V12/><F56/><W104/><G104/><T33/><D33/><U45/><E45/><V102/><F102/><W81/><G42/><T73/><D39/><U38/><E38/><V115/><F115/><W121/><G121/><T14/><D50/><U110/><E123/><V53/><F53/><W7/><G77/><T51/><D51/><U21/><E79/><V59/><F59/><W78/><G78/><T120/><D120/><U11/><E110/><V5/><F28/><W107/><G107/><T96/><D96/><U34/><E135/><V29/><F29/><W69/><G69/><T114/><D114/><U36/><E133/><V61/><F61/><N who="3" m="36023" /><G3/><T113/><D113/><U106/><E36/><V8/><F8/><W100/><G0/><T132/><D132/><U62/><E11/><V15/><F5/><N who="3" m="2123" /><G9/><T32/><D64/><U1/><E1/><V130/><F130/><W92/><G103/><T99/><D63/><U87/><E62/><V55/><F55/><W65/><G100/><T41/><D99/><U35/><E60/><V84/><F98/><W111/><G111/><T19/><AGARI ba="0,0" hai="14,19,20,26,30,32,40,41,44,48,52,73,76,80" machi="19" ten="30,2000,0" yaku="0,1,54,1" doraHai="88" who="0" fromWho="0" sc="376,20,364,-5,130,-10,130,-5" /><INIT seed="3,0,0,1,1,78" ten="396,359,120,125" oya="3" hai0="121,68,133,2,108,45,35,88,39,107,40,135,97" hai1="74,56,19,38,28,98,106,42,84,89,126,64,110" hai2="8,115,114,91,10,95,127,134,130,51,112,128,111" hai3="82,48,87,67,15,65,34,104,7,13,32,11,96"/><W105/><G96/><T26/><D108/><U125/><E28/><V81/><F111/><W132/><G132/><N who="0" m="50763" /><D121/><U36/><E42/><V101/><F134/><W117/><G117/><T62/><D2/><U44/><E44/><V70/><F70/><W25/><G48/><T76/><D76/><U118/><E19/><V4/><F51/><W20/><G105/><T77/><D77/><U57/><E64/><N who="3" m="24650" /><G104/><T116/><D62/><U31/><E118/><V50/><F50/><W86/><G34/><T3/><D68/><U102/><E74/><V119/><F119/><W41/><G32/><T93/><D3/><U22/><E38/><V75/><F8/><W129/><G129/><N who="2" m="49769" /><F10/><N who="3" m="4319" /><G82/><T30/><D107/><U100/><E36/><V37/><F37/><W43/><G43/><T92/><D92/><U27/><E110/><V47/><F47/><W71/><G71/><T17/><D116/><U5/><E106/><V72/><F4/><N who="3" m="3559" /><G41/><T131/><D131/><U61/><E5/><V103/><F127/><W59/><G59/><T69/><D69/><U90/><E57/><V23/><F23/><W55/><G55/><T16/><AGARI ba="0,0" hai="16,17,26,30,35,39,40,45,88,93,97" m="50763" machi="16" ten="30,4000,0" yaku="20,1,54,2" doraHai="78" who="0" fromWho="0" sc="396,40,359,-10,120,-10,125,-20" /><INIT seed="4,0,0,5,1,53" ten="436,349,110,105" oya="0" hai0="116,108,79,37,93,100,98,46,103,17,106,128,67" hai1="131,88,31,133,64,6,36,23,83,56,38,0,70" hai2="16,33,25,134,59,132,8,74,135,20,71,43,99" hai3="120,11,125,10,127,113,66,115,55,126,112,124,90"/><T81/><D116/><U75/><E70/><V62/><F74/><W94/><N who="3" m="31744" /><DORA hai="13" /><W76/><G66/><T1/><D1/><U73/><E31/><N who="2" m="19695" /><F71/><W96/><G55/><T54/><D128/><U60/><E133/><N who="2" m="34051" /><V12/><DORA hai="61" /><F43/><W40/><G40/><T41/><D67/><U57/><E131/><V42/><F42/><W114/><N who="3" m="28672" /><DORA hai="92" /><W118/><G11/><T35/><D54/><U48/><E75/><V77/><F77/><W110/><G10/><T39/><D108/><U3/><E73/><V107/><F107/><W51/><G51/><T91/><D39/><U101/><E48/><V122/><F122/><W119/><G110/><T97/><D35/><U32/><E32/><V5/><F99/><W63/><G63/><T58/><D58/><U109/><E57/><V72/><F72/><W24/><G24/><T95/><D17/><U45/><E56/><V123/><F123/><W84/><G120/><T68/><D68/><U18/><E109/><V22/><F5/><W104/><G104/><T89/><D106/><U82/><E6/><V78/><F78/><W117/><REACH who="3" step="1"/><G76/><REACH who="3" ten="436,349,110,95" step="2"/><T44/><D46/><U29/><E45/><V9/><F9/><W105/><G105/><T30/><D44/><U80/><E38/><V121/><F121/><W47/><G47/><T102/><D41/><U85/><E36/><V50/><F50/><W111/><G111/><T129/><D37/><U65/><E60/><V15/><F15/><W26/><G26/><T21/><D129/><U27/><E27/><V69/><F69/><W34/><G34/><T87/><D30/><RYUUKYOKU ba="0,1" sc="436,10,349,-30,110,10,95,10" hai0="21,79,81,87,89,91,93,95,97,98,100,102,103" hai2="8,12,16,20,22,59,62" hai3="84,90,94,96,117,118,119" /><INIT seed="4,1,1,1,4,35" ten="446,319,120,105" oya="0" hai0="36,81,105,16,77,92,38,74,8,10,60,50,83" hai1="32,100,112,91,96,62,40,61,97,46,130,21,34" hai2="11,69,88,43,73,48,101,72,31,131,123,82,90" hai3="95,20,129,107,84,108,18,70,7,25,15,103,28"/><T45/><D105/><U54/><E130/><V119/><F69/><W33/><G108/><T79/><D92/><U30/><E54/><V111/><F31/><W99/><G129/><T26/><D60/><U104/><E112/><V133/><F131/><W114/><G114/><T127/><D127/><U102/><E91/><V24/><F24/><W12/><G12/><T89/><D89/><U134/><E134/><V41/><F133/><W29/><G29/><T2/><D26/><U53/><E53/><V55/><F111/><W42/><G42/><T87/><D2/><U56/><E21/><V14/><F119/><W3/><G70/><T27/><D10/><U9/><E9/><V109/><F109/><W110/><G110/><T106/><D106/><U5/><E5/><V19/><F101/><W113/><G113/><T22/><REACH who="0" step="1"/><D8/><REACH who="0" ten="436,319,120,105" step="2"/><U135/><E62/><V68/><F123/><W44/><G44/><T57/><D57/><U75/><E56/><V63/><F63/><W52/><G107/><T120/><D120/><U115/><E61/><V6/><F68/><W39/><G39/><T66/><D66/><U51/><E115/><V78/><F90/><W121/><G121/><T23/><D23/><U4/><E104/><V59/><F88/><W125/><G125/><T94/><D94/><U0/><E102/><V71/><F71/><W122/><G122/><T67/><D67/><U117/><E100/><V80/><F6/><W65/><G65/><T47/><D47/><U37/><E46/><V86/><F11/><N who="3" m="2559" /><G84/><T116/><D116/><U85/><E117/><V118/><F86/><RYUUKYOKU ba="1,2" sc="436,15,319,-15,120,-15,105,15" hai0="16,22,27,36,38,45,50,74,77,79,81,83,87" hai3="15,18,20,25,28,33,52,95,99,103" /><INIT seed="4,2,2,4,4,7" ten="451,304,105,120" oya="0" hai0="78,30,55,77,68,69,27,20,53,0,104,100,42" hai1="17,96,106,134,116,57,10,131,44,113,76,89,107" hai2="73,36,49,124,105,82,33,79,5,26,129,115,93" hai3="64,39,24,119,50,21,58,15,9,85,45,67,80"/><T88/><D0/><U108/><E116/><V25/><F105/><W130/><G119/><T23/><D42/><U99/><E76/><V62/><F36/><W59/><G39/><T37/><D37/><U94/><E108/><V110/><F110/><W86/><G130/><T123/><D123/><U132/><E57/><N who="3" m="21514" /><G86/><T56/><D56/><U22/><E113/><V51/><F129/><W60/><G60/><T95/><D100/><U54/><E99/><V2/><F33/><W133/><G133/><N who="1" m="51306" /><E131/><V3/><F3/><W8/><G15/><T101/><D101/><U43/><E54/><V38/><F115/><W14/><G14/><T31/><D104/><U125/><E125/><V111/><F38/><W40/><G21/><T70/><D78/><U6/><E22/><V13/><F124/><W114/><G24/><T72/><D77/><U28/><E107/><V109/><F2/><W103/><G103/><T34/><D72/><U71/><E106/><V65/><F111/><W41/><G41/><T87/><D34/><U83/><E43/><V117/><F109/><W102/><G102/><T52/><REACH who="0" step="1"/><D23/><REACH who="0" ten="441,304,105,120" step="2"/><U112/><E112/><V11/><F117/><W121/><G121/><T35/><D35/><U46/><E46/><V61/><F73/><W63/><G114/><T1/><D1/><U120/><E44/><V92/><F79/><N who="3" m="46239" /><G63/><T66/><D66/><AGARI ba="2,3" hai="8,9,40,45,50,64,66,67" m="46239,21514" machi="66" ten="30,3900,0" yaku="8,1,52,2" doraHai="7" who="3" fromWho="0" sc="441,-45,304,0,105,0,120,75" /><INIT seed="5,0,0,5,4,98" ten="396,304,105,195" oya="1" hai0="55,35,12,123,104,31,91,38,128,15,96,33,27" hai1="76,114,3,82,116,97,108,80,111,19,48,107,79" hai2="24,106,131,86,92,89,103,127,65,71,58,105,17" hai3="134,18,62,135,25,61,29,13,63,5,60,84,87"/><U0/><E19/><V46/><F131/><W121/><N who="3" m="15360" /><DORA hai="14" /><W113/><G121/><T81/><D38/><U73/><E48/><V102/><F71/><W118/><G113/><T117/><D35/><U126/><E114/><V69/><F69/><W9/><G118/><T34/><D34/><U133/><E116/><V36/><F65/><W115/><G115/><T64/><D128/><U49/><E49/><V56/><F127/><W66/><G66/><T100/><D64/><U129/><E129/><V122/><F122/><W6/><G87/><T16/><D15/><U32/><E32/><V119/><F119/><W88/><G25/><T54/><D117/><U37/><E37/><V7/><F7/><W44/><G29/><T101/><D101/><N who="1" m="62895" /><E133/><N who="3" m="50698" /><G44/><T110/><D110/><N who="1" m="42027" /><E126/><V41/><F106/><W21/><G21/><T28/><D28/><U120/><E120/><V43/><F105/><W45/><G45/><T83/><D123/><U42/><E42/><V85/><F41/><W67/><G67/><T23/><REACH who="0" step="1"/><D91/><REACH who="0" ten="386,304,105,195" step="2"/><U40/><E40/><V39/><F39/><W112/><G112/><T50/><D50/><U109/><N who="1" m="42035" /><U90/><DORA hai="68" /><E90/><V11/><F36/><W10/><G10/><T94/><D94/><AGARI ba="0,1" hai="5,6,9,13,18,84,88,94" m="50698,15360" machi="94" ten="40,5200,0" yaku="20,1,52,1,54,1" doraHai="98,14,68" who="3" fromWho="0" sc="386,-52,304,0,105,0,195,62" /><INIT seed="6,0,0,0,5,76" ten="334,304,105,257" oya="2" hai0="107,35,131,51,64,13,103,63,22,1,72,115,93" hai1="95,5,44,124,79,101,94,54,82,57,81,104,9" hai2="26,70,84,89,18,127,92,109,71,67,97,112,39" hai3="3,68,25,53,77,47,19,28,27,38,113,59,88"/><V33/><F39/><W10/><G68/><T99/><D115/><U96/><E124/><V4/><F109/><W74/><G27/><T2/><D72/><U90/><E44/><V105/><F4/><W40/><G113/><T65/><D51/><U69/><E69/><V125/><F112/><W83/><G19/><T46/><D46/><U50/><E79/><V86/><F67/><W110/><G110/><T41/><D41/><U49/><E50/><V80/><F105/><W120/><G120/><T100/><D100/><U135/><E135/><V117/><F117/><W75/><G75/><T123/><D65/><U78/><E78/><V132/><F132/><W85/><G25/><T66/><D66/><U7/><E7/><V8/><F8/><W36/><G36/><T55/><D64/><U61/><E49/><V73/><F73/><W134/><G134/><T58/><D35/><U37/><E37/><V114/><F114/><W29/><G3/><T98/><D123/><U16/><E104/><V129/><F129/><W23/><G23/><T42/><D42/><U52/><E54/><V108/><F108/><W87/><G10/><T118/><D131/><U116/><E116/><V122/><F122/><W14/><G14/><T60/><D60/><U62/><E62/><V12/><F12/><W133/><G74/><T45/><D45/><U15/><E5/><V20/><F33/><W32/><G32/><T48/><D63/><U119/><E119/><V34/><F34/><W24/><G133/><T21/><D118/><U0/><E0/><N who="0" m="105" /><D13/><U91/><E101/><N who="2" m="60583" /><F86/><AGARI ba="0,0" hai="9,15,16,52,57,61,81,82,86,90,91,94,95,96" machi="86" ten="30,12000,2" yaku="7,1,8,1,52,2,54,2" doraHai="76" who="1" fromWho="2" sc="334,0,304,120,105,-120,257,0" owari="334,13.4,424,52.4,-15,-51.5,257,-14.3" /></mjloggm>