<mjloggm ver="2.3"><GO type="41" lobby="0"/><UN n0="%75%73%68%69%6B%75%74%61" n1="%E7%9C%9F%E9%BB%84%E9%BE%8D%52%55%53%48" n2="%E3%83%A8%E3%82%B3%E3%83%86%E3%82%A3%E3%83%B3%40" n3="%E2%93%9D%4C%75%63%6B%79%4A" dan="14,13,14,16" rate="1997.83,1813.77,1978.92,2164.70" sx="M,M,M,M"/><TAIKYOKU oya="0"/><INIT seed="0,0,0,1,3,67" ten="250,250,250,250" oya="0" hai0="43,77,0,29,83,5,13,20,36,92,34,66,60" hai1="101,47,85,115,45,109,80,93,23,7,90,135,113" hai2="10,118,68,35,114,65,16,97,33,79,9,107,44" hai3="41,59,98,119,27,88,42,46,11,4,78,116,126"/><T52/><D34/><U1/><E135/><V12/><F114/><N who="1" m="43529" /><E109/><V86/><F118/><W102/><G42/><T21/><D0/><U55/><E23/><V96/><F9/><W48/><G78/><T31/><D43/><U105/><E105/><V73/><F73/><W37/><G126/><T111/><D36/><U53/><E7/><V49/><F65/><W117/><G27/><T57/><D111/><U62/><E62/><V123/><BYE who="1" /><F68/><W38/><G59/><UN n1="%E7%9C%9F%E9%BB%84%E9%BE%8D%52%55%53%48" /><T61/><D92/><U75/><E1/><V108/><F108/><W110/><G110/><T134/><D134/><U3/><E3/><V95/><F107/><W2/><REACH who="3" step="1"/><G88/><REACH who="3" ten="250,250,250,240" step="2"/><T54/><D31/><U19/><E75/><V76/><F76/><W122/><G122/><T103/><D29/><U74/><E74/><V63/><F79/><W99/><G99/><T28/><D28/><U120/><E120/><V94/><F96/><W129/><G129/><T100/><D100/><U26/><E45/><V124/><F97/><W70/><G70/><T112/><D103/><U64/><E47/><V84/><F44/><W56/><G56/><T6/><D77/><U128/><E128/><V131/><F131/><W133/><G133/><T81/><D57/><U89/><E101/><V87/><F124/><W50/><G50/><T18/><D61/><U82/><E89/><V40/><F63/><W72/><G72/><T121/><D60/><U125/><E125/><V15/><F123/><W130/><G130/><T8/><D121/><U132/><E132/><V17/><F49/><W32/><G32/><N who="2" m="12361" /><F40/><W51/><G51/><RYUUKYOKU ba="0,1" sc="250,-15,250,-15,250,15,240,15" hai2="10,12,15,16,17,84,86,87,94,95" hai3="2,4,11,37,38,41,46,48,98,102,116,117,119" /><INIT seed="1,1,1,3,5,7" ten="235,235,265,255" oya="1" hai0="77,108,58,22,76,126,44,25,52,47,101,90,70" hai1="63,116,118,49,120,87,21,10,124,91,17,111,128" hai2="37,2,8,93,100,94,34,134,11,65,13,88,130" hai3="133,81,95,69,0,29,54,96,15,80,78,35,1"/><U103/><E120/><V14/><F130/><W114/><G69/><T74/><D70/><U24/><E128/><V55/><F134/><W45/><G114/><T64/><D64/><U85/><E87/><V110/><F110/><W6/><G35/><T115/><D108/><U23/><E111/><V59/><F37/><W67/><G29/><T104/><D126/><U123/><E124/><V82/><F34/><W36/><G67/><T86/><D115/><U98/><E49/><V56/><F2/><W5/><G1/><T27/><D25/><U60/><E123/><V97/><F82/><W62/><G0/><T129/><D101/><U109/><E109/><V121/><F121/><W131/><G81/><T132/><D104/><U38/><E38/><V50/><F14/><W119/><G119/><T3/><D132/><U33/><E33/><V20/><F20/><W73/><G15/><T61/><D3/><U42/><E23/><V125/><F13/><W92/><G95/><N who="0" m="54743" /><D74/><U106/><E42/><V117/><F117/><W112/><G112/><T113/><D129/><U75/><E75/><V16/><F16/><W53/><G133/><T19/><D113/><U71/><E71/><V57/><F125/><W99/><G131/><T122/><D122/><U12/><E118/><V83/><F83/><W32/><G32/><T31/><D31/><N who="1" m="17807" /><E116/><V79/><F79/><AGARI ba="1,1" hai="19,22,27,44,47,52,58,61,76,77,79" m="54743" machi="79" ten="30,2000,0" yaku="8,1,54,1" doraHai="7" who="0" fromWho="2" sc="235,33,235,0,265,-23,255,0" /><INIT seed="2,0,0,4,4,26" ten="268,235,242,255" oya="2" hai0="62,113,133,28,8,36,55,54,126,118,76,66,10" hai1="121,2,70,20,77,47,91,84,88,56,131,19,41" hai2="59,13,46,132,5,11,17,9,101,107,111,0,116" hai3="129,38,98,74,114,14,102,7,48,81,109,72,42"/><V1/><F116/><W51/><G38/><T79/><D36/><U120/><E2/><V99/><F132/><W124/><G109/><T80/><D113/><U85/><E70/><V108/><F0/><W39/><G39/><T15/><D126/><U35/><E56/><V105/><F46/><W89/><G129/><T92/><D8/><U104/><E104/><V95/><REACH who="2" step="1"/><F59/><REACH who="2" ten="268,235,232,255" step="2"/><W60/><G114/><T29/><D133/><U106/><E121/><V22/><F22/><W73/><G124/><T128/><D118/><U112/><E120/><V50/><F50/><W57/><G51/><T117/><D117/><U83/><E112/><V21/><F21/><W43/><G48/><T49/><D128/><U103/><E131/><V44/><F44/><W3/><G3/><T93/><D62/><U40/><E47/><V52/><F52/><W65/><G60/><T125/><D125/><U33/><E35/><V78/><F78/><N who="0" m="29738" /><D66/><U61/><E61/><V69/><F69/><W64/><G65/><T71/><D71/><U86/><E33/><V94/><F94/><N who="0" m="36458" /><D80/><U12/><E83/><V37/><F37/><W31/><G81/><T122/><D122/><U25/><E77/><V110/><AGARI ba="0,1" hai="1,5,9,11,13,17,95,99,101,105,107,108,110,111" machi="110" ten="30,11700,0" yaku="1,1,0,1,14,1,10,1,53,0" doraHai="26" doraHaiUra="119" who="2" fromWho="2" sc="268,-39,235,-39,232,127,255,-39" /><INIT seed="2,1,0,4,3,21" ten="229,196,359,216" oya="2" hai0="132,38,124,94,50,101,24,75,25,13,112,35,79" hai1="76,85,120,48,80,49,60,129,20,77,126,40,67" hai2="44,88,15,84,91,32,100,108,66,116,9,82,110" hai3="83,102,17,115,65,41,59,43,8,51,2,121,31"/><V114/><F114/><W99/><G115/><T118/><D38/><U69/><E129/><V71/><F116/><W11/><G121/><T81/><D112/><U54/><E126/><V39/><F32/><W10/><G2/><T106/><D35/><U52/><E120/><V33/><F33/><W125/><G31/><T130/><D106/><U96/><E96/><V89/><F100/><W92/><G125/><T34/><D34/><U103/><E103/><V135/><F135/><W29/><G29/><T16/><D124/><U78/><E40/><N who="2" m="22559" /><F66/><W47/><G83/><T98/><D130/><U122/><E122/><V93/><F93/><W119/><G119/><T4/><D4/><U42/><E42/><V72/><F71/><W45/><G65/><T131/><D131/><U86/><E77/><V6/><F72/><W123/><G59/><T104/><D118/><U3/><E3/><V134/><F134/><W46/><G123/><T70/><D70/><U1/><E1/><V105/><F105/><W5/><G5/><T109/><D132/><U36/><E36/><V14/><F14/><W117/><G117/><T111/><D104/><U22/><E69/><V90/><N who="2" m="22528" /><DORA hai="0" /><V53/><F53/><W28/><G28/><T58/><D58/><U61/><E67/><V56/><F56/><W113/><G113/><T55/><D55/><U57/><E57/><V30/><F30/><W63/><G63/><T23/><D50/><U127/><E127/><V7/><F6/><W74/><G74/><T133/><D133/><U97/><E97/><V73/><F73/><W19/><G43/><RYUUKYOKU ba="1,0" sc="229,0,196,0,359,0,216,0" hai0="13,16,23,24,25,75,79,81,94,98,101,109,111" hai1="20,22,48,49,52,54,60,61,76,78,80,85,86" hai2="7,9,15,82,84,108,110" hai3="8,10,11,17,19,41,45,46,47,51,92,99,102" /><INIT seed="2,2,0,3,5,123" ten="229,196,359,216" oya="2" hai0="45,68,37,92,62,51,115,13,12,94,36,108,67" hai1="23,118,93,131,83,133,107,89,121,28,21,46,17" hai2="132,134,91,34,18,102,79,19,100,101,60,54,6" hai3="117,69,112,106,104,55,41,35,116,127,71,2,49"/><V61/><F34/><W20/><G35/><T72/><D72/><U59/><E107/><V5/><F79/><W88/><G2/><T90/><D115/><U43/><E118/><V29/><F29/><W50/><G41/><T56/><D94/><U22/><E28/><V113/><F113/><W82/><G112/><T10/><D13/><U27/><E121/><V25/><F25/><W114/><G114/><T65/><D65/><U52/><E83/><V3/><F3/><W109/><G55/><T63/><D63/><N who="2" m="24138" /><F91/><W32/><G32/><T7/><D68/><U40/><E23/><V78/><F78/><W44/><G44/><T33/><D33/><U86/><E22/><V111/><F54/><W31/><G20/><T99/><D108/><U129/><E43/><AGARI ba="2,0" hai="7,10,12,36,37,43,45,51,56,62,67,90,92,99" machi="43" ten="30,1000,0" yaku="7,1" doraHai="123" who="0" fromWho="1" sc="229,16,196,-16,359,0,216,0" /><INIT seed="3,0,0,1,1,67" ten="245,180,359,216" oya="3" hai0="132,37,97,57,75,82,30,20,79,35,28,58,39" hai1="109,16,32,88,114,43,120,22,64,34,128,94,107" hai2="17,12,104,121,89,103,80,95,42,14,106,40,102" hai3="56,113,71,70,93,8,134,126,61,11,36,99,59"/><W31/><G113/><T78/><D132/><U119/><E120/><V2/><F2/><W15/><G36/><T96/><D20/><U41/><E107/><V63/><F121/><W6/><G134/><T91/><D82/><U47/><E43/><V18/><F63/><W65/><G126/><T76/><D91/><U10/><E114/><V116/><F80/><W131/><G131/><T19/><D19/><U122/><E128/><V29/><F29/><W55/><G11/><T115/><D79/><U9/><E119/><V23/><F116/><W73/><G73/><T51/><D51/><U38/><E122/><V62/><F62/><W74/><G74/><T7/><D75/><U69/><E32/><V77/><F77/><W46/><G46/><T60/><D60/><U68/><E34/><V117/><F117/><W123/><G123/><T48/><D48/><U24/><E69/><V100/><F104/><W87/><G87/><T118/><D35/><U21/><E21/><N who="2" m="11431" /><F106/><W4/><G6/><T54/><D118/><U129/><E129/><V5/><F5/><W130/><G31/><T98/><D7/><U3/><E3/><V52/><F52/><W85/><G85/><AGARI ba="0,0" hai="14,18,23,40,42,85,89,95,100,102,103" m="11431" machi="85" ten="30,1000,0" yaku="8,1" doraHai="67" who="2" fromWho="3" sc="245,0,180,0,359,10,216,-10" /><INIT seed="4,0,0,4,3,80" ten="245,180,369,206" oya="0" hai0="99,109,96,69,6,60,4,98,94,78,135,104,46" hai1="127,76,70,129,36,105,19,22,72,84,48,93,73" hai2="122,114,39,110,53,42,130,97,63,79,87,15,115" hai3="101,132,120,25,35,16,37,47,62,32,89,40,3"/><T11/><D135/><U71/><E36/><V112/><F110/><W118/><G118/><T83/><D109/><U133/><E105/><V7/><F122/><W17/><G3/><T41/><D104/><U85/><E133/><V52/><F130/><W10/><G132/><T1/><D6/><U111/><E129/><V49/><F39/><W103/><G62/><T117/><D117/><U74/><E76/><V27/><F27/><W50/><G37/><T124/><D124/><U68/><E127/><V38/><F38/><W45/><G120/><T43/><D60/><U0/><E0/><V9/><F97/><W8/><G25/><T116/><D116/><U58/><E93/><V102/><F102/><W61/><G61/><T20/><D20/><U125/><E125/><V90/><F79/><W24/><G24/><T26/><D26/><U123/><E123/><V134/><F63/><W121/><G89/><T18/><D18/><U81/><E81/><N who="2" m="49519" /><F134/><W5/><G121/><T31/><D31/><U100/><E100/><V30/><F30/><W75/><G5/><T131/><D69/><U91/><E91/><V14/><F14/><W51/><REACH who="3" step="1"/><G40/><REACH who="3" ten="245,180,369,196" step="2"/><T54/><D131/><U92/><E111/><V82/><F42/><W59/><G59/><T128/><D128/><U88/><E58/><V21/><F7/><W67/><G67/><T64/><D64/><U106/><E48/><V86/><F49/><W66/><G66/><T12/><D1/><U77/><E77/><V95/><F115/><W34/><G34/><T107/><D107/><U119/><E106/><V44/><F114/><RYUUKYOKU ba="0,1" sc="245,-10,180,-10,369,-10,196,30" hai3="8,10,16,17,32,35,45,47,50,51,75,101,103" /><INIT seed="5,1,1,4,4,32" ten="235,170,359,226" oya="1" hai0="68,19,82,61,95,104,81,18,101,111,39,83,122" hai1="43,66,89,26,44,7,67,127,130,31,29,69,118" hai2="115,106,78,2,20,6,94,92,48,56,86,109,21" hai3="133,3,98,38,0,107,128,131,55,75,16,10,132"/><U1/><E118/><V15/><F109/><W100/><G38/><T5/><D39/><U28/><E127/><V126/><F126/><W62/><G75/><T4/><D104/><U27/><E130/><N who="3" m="49706" /><G55/><T53/><D111/><U42/><E89/><V9/><F106/><W33/><G33/><T23/><D19/><U49/><E42/><V124/><F124/><W123/><G62/><T120/><D68/><U72/><E72/><V88/><F115/><W24/><G123/><T14/><D61/><U84/><E84/><V47/><F56/><W135/><G10/><T105/><D105/><U71/><E67/><V108/><F108/><W110/><G110/><T134/><D134/><U70/><REACH who="1" step="1"/><E66/><REACH who="1" ten="235,160,359,226" step="2"/><V57/><F86/><W65/><G65/><T36/><D122/><U99/><E99/><V114/><F78/><W116/><G116/><T85/><D120/><U13/><E13/><V113/><F15/><W73/><G73/><T35/><D85/><U103/><E103/><V41/><F41/><W46/><G46/><T90/><D101/><U119/><E119/><V91/><F47/><W40/><G40/><T96/><D90/><U129/><E129/><V12/><F88/><W112/><G112/><T63/><D96/><U22/><E22/><AGARI ba="1,2" hai="0,3,16,22,24,98,100,107,132,133,135" m="49706" machi="22" ten="40,8000,1" yaku="20,1,19,1,52,2,54,1" doraHai="32" who="3" fromWho="1" sc="235,0,160,-83,359,0,226,103" /><INIT seed="6,0,0,4,1,90" ten="235,77,359,329" oya="2" hai0="24,102,35,23,91,113,20,121,14,93,82,101,12" hai1="77,99,118,65,104,105,38,13,2,6,55,111,78" hai2="18,79,119,68,27,85,30,124,117,96,97,54,15" hai3="112,70,87,4,0,80,106,76,57,92,59,60,100"/><V88/><F124/><W130/><G70/><T135/><D113/><U41/><E118/><V103/><F68/><W9/><G130/><T31/><D135/><U39/><E65/><V45/><F79/><W64/><G112/><T37/><D37/><U114/><E99/><V43/><F54/><W126/><G126/><T86/><D121/><U10/><E114/><V61/><F61/><W17/><G17/><T107/><D107/><U120/><E120/><V62/><F62/><W29/><G29/><T48/><D35/><U128/><E13/><N who="0" m="5225" /><D20/><U21/><E21/><V71/><F71/><W28/><G28/><T95/><D48/><U34/><E34/><V116/><F27/><W7/><G7/><T53/><D53/><U129/><E55/><V81/><F30/><W109/><G109/><T122/><D122/><U52/><E52/><V67/><F67/><W16/><G106/><T19/><D31/><U26/><E111/><V58/><F58/><W115/><G59/><T133/><D133/><U1/><E41/><V74/><F74/><W131/><G131/><T33/><D33/><U69/><E69/><V72/><F72/><W5/><G115/><T22/><D22/><U132/><E132/><V44/><F43/><W123/><G123/><T98/><D82/><U51/><E51/><V8/><REACH who="2" step="1"/><F97/><REACH who="2" ten="235,77,349,329" step="2"/><N who="3" m="59431" /><G64/><T36/><D36/><U63/><E63/><V94/><AGARI ba="0,1" hai="8,15,18,44,45,81,85,88,94,96,103,116,117,119" machi="94" ten="30,11700,0" yaku="1,1,0,1,52,1,54,1,53,0" doraHai="90" doraHaiUra="46" who="2" fromWho="2" sc="235,-39,77,-39,349,127,329,-39" /><INIT seed="6,1,0,1,1,96" ten="196,38,476,290" oya="2" hai0="70,45,113,42,10,93,69,33,103,98,20,46,108" hai1="64,100,85,34,82,117,120,30,92,41,109,122,133" hai2="129,135,95,23,6,89,13,134,55,21,107,73,7" hai3="125,104,19,130,99,87,102,78,12,68,124,65,38"/><V26/><F129/><W77/><G38/><T90/><D33/><U97/><E64/><V29/><F73/><W52/><G130/><T80/><D113/><U36/><E30/><V39/><F39/><W8/><G65/><T32/><D32/><U51/><E51/><V25/><F107/><W81/><G68/><T119/><D108/><U91/><E34/><V47/><F13/><W17/><G78/><T40/><D119/><U118/><E41/><V114/><F114/><W101/><G102/><T132/><D132/><U0/><E0/><V88/><F89/><W50/><REACH who="3" step="1"/><G19/><REACH who="3" ten="196,38,476,280" step="2"/><T49/><D70/><U37/><E36/><V43/><F134/><W63/><G63/><T121/><D69/><U22/><E37/><V60/><F60/><W28/><G28/><T3/><D121/><N who="1" m="46699" /><E133/><V9/><F29/><W27/><G27/><T126/><D90/><U24/><E24/><V66/><F25/><W72/><G72/><T58/><D126/><U44/><E44/><AGARI ba="1,1" hai="8,12,17,44,50,52,77,81,87,99,101,104,124,125" machi="44" ten="40,8000,1" yaku="1,1,52,1,54,1,53,1" doraHai="96" doraHaiUra="76" who="3" fromWho="1" sc="196,0,38,-83,476,0,280,93" owari="196,-20.4,-45,-54.5,476,57.6,373,17.3" /></mjloggm>