<mjloggm ver="2.3"><GO type="41" lobby="0"/><UN n0="%41%74%73%75%32%2E" n1="%E2%93%9D%4C%75%63%6B%79%4A" n2="%E3%81%82%E3%81%AE%E3%82%80%E3%81%AE%E3%83%BC" n3="%69%2D%73%69%73" dan="14,17,14,15" rate="1911.35,2140.36,1927.35,2033.87" sx="M,M,M,M"/><TAIKYOKU oya="0"/><INIT seed="0,0,0,0,4,101" ten="250,250,250,250" oya="0" hai0="14,9,3,99,88,114,96,59,87,85,97,110,7" hai1="34,69,22,91,100,121,26,119,46,8,118,122,5" hai2="66,52,10,74,134,75,21,117,17,128,47,42,130" hai3="25,90,28,83,67,16,63,113,107,79,115,77,94"/><T54/><D114/><U80/><E69/><V15/><F66/><W95/><G95/><T108/><D3/><U62/><E46/><V123/><F123/><N who="1" m="47113" /><E80/><V92/><F117/><N who="1" m="44553" /><E100/><V33/><F33/><W82/><G107/><T109/><REACH who="0" step="1"/><D88/><REACH who="0" ten="240,250,250,250" step="2"/><U38/><E91/><V19/><F128/><W41/><G115/><T49/><AGARI ba="0,1" hai="7,9,14,49,54,59,85,87,96,97,99,108,109,110" machi="49" ten="40,12000,1" yaku="1,1,2,1,0,1,14,1,10,1,53,0" doraHai="101" doraHaiUra="72" who="0" fromWho="0" sc="240,130,250,-40,250,-40,250,-40" /><INIT seed="0,1,0,5,1,13" ten="370,210,210,210" oya="0" hai0="129,68,43,62,112,120,21,91,22,102,23,7,115" hai1="26,38,111,90,65,133,124,127,88,33,36,32,84" hai2="110,27,119,58,107,16,28,78,8,55,132,135,56" hai3="0,49,126,57,29,117,97,61,12,130,1,64,51"/><T86/><D120/><U69/><E111/><V89/><F107/><W52/><G117/><T18/><D7/><U98/><E65/><V95/><F110/><W77/><G126/><N who="1" m="48170" /><E69/><V94/><F78/><W19/><G130/><T60/><D102/><U99/><E26/><V66/><F66/><W59/><G29/><T103/><D103/><U48/><E48/><V9/><F58/><W47/><G77/><T134/><D68/><U121/><E84/><V106/><F106/><W85/><G85/><T93/><D129/><U11/><E11/><V122/><F122/><W40/><G97/><N who="1" m="36874" /><E133/><V131/><F8/><AGARI ba="1,0" hai="0,1,8,12,19,40,47,49,51,52,57,59,61,64" machi="8" ten="30,3900,0" yaku="7,1,52,1,54,1" doraHai="13" who="3" fromWho="2" sc="370,0,210,0,210,-42,210,42" /><INIT seed="1,0,0,0,2,23" ten="370,210,168,252" oya="1" hai0="95,109,35,57,133,46,80,107,62,126,20,3,63" hai1="121,110,114,82,39,54,17,22,15,48,122,129,108" hai2="97,51,64,56,96,36,119,21,45,9,52,58,84" hai3="125,99,59,40,31,106,123,47,83,43,105,12,26"/><U30/><E39/><V118/><F36/><W42/><G123/><N who="1" m="47114" /><E82/><V71/><F71/><W61/><G125/><T89/><D35/><U18/><E54/><V44/><F9/><W25/><G83/><T88/><D3/><U132/><E48/><V4/><F4/><W111/><G111/><N who="1" m="42538" /><E129/><V102/><F84/><W32/><G47/><T78/><D107/><U53/><E53/><V19/><F97/><W65/><G12/><T33/><D133/><U117/><E117/><V98/><F98/><W116/><G116/><T27/><D33/><U113/><E30/><V50/><F118/><W94/><REACH who="3" step="1"/><G26/><REACH who="3" ten="370,210,168,242" step="2"/><T93/><D46/><U112/><E18/><V67/><F119/><W74/><G74/><T73/><D126/><U29/><E29/><V81/><F81/><W134/><G134/><AGARI ba="0,1" hai="15,17,22,112,113,114,132,134" m="42538,47114" machi="134" ten="40,12000,1" yaku="14,1,10,1,34,2" doraHai="23" who="1" fromWho="3" sc="370,0,210,130,168,0,242,-120" /><INIT seed="1,1,0,5,2,108" ten="370,340,168,122" oya="1" hai0="115,53,37,3,39,63,123,130,97,71,129,62,40" hai1="43,80,60,21,68,117,48,131,65,86,94,89,90" hai2="69,119,104,87,93,126,30,13,17,133,52,14,83" hai3="85,122,125,58,7,33,124,31,27,95,50,57,45"/><U61/><E117/><V15/><F119/><W42/><G122/><T4/><D3/><U8/><E131/><N who="0" m="50185" /><D4/><U46/><E61/><V16/><F69/><W1/><G1/><T121/><D97/><U82/><E21/><V41/><F104/><W20/><G7/><T59/><D40/><U110/><E110/><V18/><F133/><W88/><REACH who="3" step="1"/><G33/><REACH who="3" ten="370,340,168,112" step="2"/><T23/><D123/><U2/><E2/><V120/><F120/><W79/><G79/><T74/><D121/><U56/><E68/><V67/><F126/><AGARI ba="1,1" hai="20,27,31,42,45,50,57,58,85,88,95,124,125,126" machi="126" ten="40,5200,0" yaku="1,1,18,1,54,1,53,0" doraHai="108" doraHaiUra="34" who="3" fromWho="2" sc="370,0,340,0,168,-55,112,65" /><INIT seed="2,0,0,5,3,58" ten="370,340,113,177" oya="2" hai0="94,89,46,117,53,88,51,52,86,40,120,39,60" hai1="66,69,26,14,56,92,77,54,130,113,72,43,70" hai2="2,112,124,5,76,59,108,79,104,118,98,9,78" hai3="50,111,27,20,13,102,10,119,110,3,36,84,133"/><V114/><F118/><W49/><G119/><T73/><D120/><U19/><E113/><V57/><F124/><W97/><G36/><T129/><D73/><U34/><E66/><V23/><F23/><W105/><G3/><T81/><D129/><U75/><E43/><V48/><F108/><N who="3" m="41515" /><G84/><T64/><D39/><U122/><E92/><V44/><F98/><W99/><G99/><T107/><D107/><U126/><E126/><V65/><F104/><W25/><G133/><T82/><D82/><U128/><E122/><V93/><F93/><W62/><G27/><T6/><D6/><U35/><E26/><V87/><F87/><W31/><G62/><T90/><D90/><U18/><E77/><V38/><F38/><W42/><G42/><T101/><D101/><U134/><E134/><V116/><F116/><W115/><G115/><T1/><D1/><U41/><E41/><V125/><F125/><W83/><G83/><T63/><D117/><U74/><E75/><V96/><F96/><W135/><G135/><T28/><D28/><U30/><E30/><V22/><F22/><W29/><G29/><T95/><D81/><U24/><E74/><V32/><F32/><W45/><G45/><T61/><D64/><U55/><E72/><V85/><F85/><AGARI ba="0,0" hai="40,46,51,52,53,60,61,63,85,86,88,89,94,95" machi="85" ten="40,12000,2" yaku="9,1,8,1,52,3,54,2" doraHai="58" who="0" fromWho="2" sc="370,120,340,0,113,-120,177,0" owari="490,59.0,340,14.0,-7,-50.7,177,-22.3" /></mjloggm>