<mjloggm ver="2.3"><GO type="41" lobby="0"/><UN n0="%E3%81%BE%E3%81%A3%E3%81%A1%E2%99%AA" n1="%E2%93%9D%4C%75%63%6B%79%4A" n2="%64%75%63%6B" n3="%6E%62%6E%62" dan="14,18,15,14" rate="1905.43,2227.56,2017.94,1912.97" sx="M,M,M,M"/><TAIKYOKU oya="0"/><INIT seed="0,0,0,5,3,94" ten="250,250,250,250" oya="0" hai0="71,14,124,45,17,99,80,131,18,25,85,126,60" hai1="44,43,135,96,55,102,76,4,121,114,7,108,52" hai2="75,28,104,82,97,129,13,34,67,10,38,122,50" hai3="57,0,132,36,63,130,77,84,58,111,33,30,107"/><T103/><D131/><U35/><E121/><V20/><F38/><W51/><G36/><T47/><D25/><U27/><E76/><V21/><F122/><W68/><G107/><T48/><D71/><U42/><E108/><V12/><F67/><W72/><G68/><T39/><D60/><U41/><E135/><V29/><F129/><W62/><G130/><T89/><D39/><U53/><E114/><V79/><F34/><W56/><G72/><T24/><D24/><U61/><E44/><V49/><F28/><W93/><G0/><T74/><D74/><U78/><E78/><V88/><F29/><W100/><G132/><T5/><D5/><U112/><E112/><V16/><F104/><W40/><G33/><T59/><D59/><N who="3" m="22601" /><G30/><T19/><D14/><U8/><E61/><V127/><F127/><N who="0" m="48682" /><D48/><U31/><REACH who="1" step="1"/><E8/><REACH who="1" ten="250,240,250,250" step="2"/><V73/><F73/><W101/><G111/><T125/><D125/><U23/><E23/><V113/><F113/><W105/><G77/><T115/><D115/><U6/><E6/><V95/><F20/><W1/><G63/><T119/><D119/><U83/><E83/><V118/><F118/><W70/><G62/><T3/><D3/><U22/><E22/><V87/><F75/><W15/><G1/><T86/><D86/><U92/><AGARI ba="0,1" hai="4,7,27,31,35,41,42,43,52,53,55,92,96,102" machi="92" ten="30,7900,0" yaku="1,1,0,1,52,1,54,1,53,0" doraHai="94" doraHaiUra="32" who="1" fromWho="1" sc="250,-39,240,89,250,-20,250,-20" /><INIT seed="1,0,0,2,3,12" ten="211,329,230,230" oya="1" hai0="86,39,41,5,0,74,23,85,122,130,113,93,55" hai1="127,82,135,46,134,76,26,17,69,65,43,7,15" hai2="128,22,6,60,10,30,27,31,77,111,19,91,45" hai3="92,110,52,102,57,56,104,64,66,24,3,98,131"/><U44/><E7/><V11/><F77/><W54/><G3/><T35/><D35/><U119/><E119/><V105/><F105/><W18/><G110/><T97/><D74/><U72/><E127/><V59/><F111/><W132/><G132/><N who="1" m="50730" /><E26/><V84/><F45/><N who="1" m="17513" /><E43/><V51/><F51/><N who="3" m="30751" /><G104/><T13/><D41/><U1/><E1/><V34/><F128/><W36/><G36/><T124/><D0/><U37/><E65/><V88/><F34/><W120/><G120/><T125/><D39/><U16/><E37/><V95/><F91/><W94/><G94/><T106/><D122/><U42/><E42/><V114/><F114/><W100/><G100/><T133/><D113/><U49/><E69/><V25/><F25/><W9/><G131/><T101/><D130/><U67/><E67/><N who="2" m="39327" /><F6/><W28/><G28/><AGARI ba="0,0" hai="10,11,19,22,27,28,30,31,84,88,95" m="39327" machi="28" ten="30,3900,0" yaku="8,1,52,1,54,1" doraHai="12" who="2" fromWho="3" sc="211,0,329,0,230,39,230,-39" /><INIT seed="2,0,0,1,0,121" ten="211,329,269,191" oya="2" hai0="134,30,111,80,48,108,126,66,93,36,123,65,59" hai1="24,131,25,77,7,107,82,31,28,102,32,64,103" hai2="128,20,54,44,115,129,39,113,46,62,57,13,42" hai3="41,10,27,40,61,118,84,0,109,73,116,124,53"/><V132/><F13/><W95/><G73/><T11/><D36/><U37/><E37/><V49/><F20/><W79/><G124/><T99/><D123/><U104/><E64/><N who="2" m="38991" /><F132/><W15/><G0/><T43/><D134/><U97/><E131/><AGARI ba="0,0" hai="39,42,44,46,49,54,113,115,128,129,131" m="38991" machi="131" ten="30,5800,0" yaku="19,1,34,2" doraHai="121" who="2" fromWho="1" sc="211,0,329,-58,269,58,191,0" /><INIT seed="2,1,0,0,1,63" ten="211,271,327,191" oya="2" hai0="62,131,33,99,101,119,32,109,124,59,71,83,98" hai1="121,132,49,69,43,26,45,5,4,106,123,74,6" hai2="108,115,60,68,36,42,129,40,133,91,56,11,25" hai3="10,95,15,105,51,67,90,113,57,52,37,38,116"/><V22/><F115/><W111/><G105/><T1/><D1/><U50/><E106/><V70/><F129/><W77/><G116/><T86/><D71/><U66/><E74/><V20/><F133/><W92/><G77/><T19/><D131/><U126/><E132/><V48/><F36/><W39/><G113/><T46/><D124/><U73/><E73/><V2/><F108/><W100/><G100/><T65/><D109/><U128/><E128/><V16/><F68/><W27/><G27/><T75/><D75/><U21/><E50/><V114/><F70/><W125/><G125/><T24/><D46/><U14/><E14/><V117/><F117/><W80/><G111/><T8/><D99/><U107/><E107/><V31/><F114/><W17/><G80/><T7/><D119/><U55/><E43/><V23/><F91/><W102/><G102/><T54/><D54/><U41/><E41/><V64/><F48/><W44/><REACH who="3" step="1"/><G90/><REACH who="3" ten="211,271,327,181" step="2"/><T112/><D101/><U96/><E126/><V120/><F120/><W134/><G134/><T29/><D112/><U53/><E123/><V89/><F89/><W47/><G47/><T130/><D130/><U28/><E121/><V61/><F61/><AGARI ba="1,1" hai="10,15,17,37,38,39,44,51,52,57,61,67,92,95" machi="61" ten="40,5200,0" yaku="1,1,52,1,54,1,53,0" doraHai="63" doraHaiUra="118" who="3" fromWho="2" sc="211,0,271,0,327,-55,181,65" /><INIT seed="3,0,0,5,0,4" ten="211,271,272,246" oya="3" hai0="58,63,135,94,59,10,101,37,24,61,96,128,73" hai1="6,91,2,9,104,35,17,14,38,102,46,89,29" hai2="131,116,118,71,87,120,107,5,43,51,18,79,67" hai3="15,75,44,110,39,117,69,40,0,22,31,78,115"/><W57/><G117/><T124/><D73/><U27/><E104/><V112/><F107/><W12/><G115/><T80/><D37/><U36/><E102/><V92/><F112/><W97/><G69/><T132/><D80/><U108/><E108/><V8/><F131/><W7/><G110/><T52/><D128/><U56/><E56/><V30/><F30/><W68/><G68/><T82/><D82/><U88/><REACH who="1" step="1"/><E46/><REACH who="1" ten="211,261,272,246" step="2"/><V95/><F116/><W41/><G57/><T13/><D124/><U20/><AGARI ba="0,1" hai="2,6,9,14,17,20,27,29,35,36,38,88,89,91" machi="20" ten="30,12000,2" yaku="1,1,2,1,0,1,24,2,52,1,54,1,53,0" doraHai="4" doraHaiUra="113" who="1" fromWho="1" sc="211,-30,261,130,272,-30,246,-60" /><INIT seed="4,0,0,4,2,40" ten="181,391,242,186" oya="0" hai0="44,45,79,12,112,37,48,31,14,41,28,97,73" hai1="13,65,56,55,7,58,99,84,68,106,22,53,42" hai2="29,109,15,11,105,38,101,86,113,3,43,130,8" hai3="64,16,36,5,121,114,51,34,127,25,10,103,102"/><T91/><D112/><U132/><E106/><V125/><F109/><W77/><G36/><T52/><D73/><U92/><E68/><V80/><F29/><W111/><G111/><T122/><D79/><U93/><E65/><V32/><F32/><W120/><G114/><T63/><D122/><N who="3" m="47209" /><G64/><T134/><D134/><U131/><E42/><V61/><F113/><W107/><G127/><T69/><D69/><U128/><E7/><V123/><F123/><W71/><G71/><T4/><D63/><U39/><E39/><V81/><F130/><W129/><G129/><T126/><D126/><U96/><E13/><V67/><F125/><W66/><G66/><T54/><D54/><U2/><E22/><V18/><F101/><W70/><G70/><T98/><D14/><U94/><E94/><V59/><F105/><W116/><G116/><T85/><D31/><U20/><E20/><V27/><F27/><W90/><G77/><T117/><D28/><U9/><E9/><V1/><F8/><W78/><G78/><T46/><D117/><U17/><E17/><V30/><F30/><N who="3" m="19791" /><G107/><T72/><D72/><U88/><E2/><V133/><F133/><W33/><G33/><T21/><D37/><U115/><E115/><V60/><F60/><W24/><G90/><T82/><D41/><U49/><E132/><V62/><F62/><W95/><G51/><T47/><D21/><U87/><E49/><V83/><REACH who="2" step="1"/><F86/><REACH who="2" ten="181,391,232,186" step="2"/><W74/><G74/><T26/><D26/><U19/><E88/><V119/><F119/><W135/><G135/><T75/><D75/><U104/><E104/><RYUUKYOKU ba="0,1" sc="181,10,391,10,232,10,186,-30" hai0="4,12,44,45,46,47,48,52,82,85,91,97,98" hai1="19,53,55,56,58,84,87,92,93,96,99,128,131" hai2="1,3,11,15,18,38,43,59,61,67,80,81,83" /><INIT seed="4,1,1,4,5,102" ten="191,401,242,156" oya="0" hai0="21,26,63,8,28,19,1,79,130,73,6,41,58" hai1="10,20,97,45,67,122,113,86,42,57,66,118,39" hai2="133,89,104,56,131,48,59,105,100,112,47,23,128" hai3="74,40,30,120,36,4,61,54,38,91,50,69,75"/><T88/><D130/><N who="2" m="49706" /><F100/><W60/><G4/><T85/><D41/><U72/><E72/><V5/><F5/><W109/><G30/><T111/><D111/><U125/><E97/><V80/><F23/><W22/><G22/><T82/><D73/><U7/><E122/><V31/><F31/><W96/><G109/><T121/><D121/><U126/><E118/><V33/><F33/><W76/><G120/><T83/><D83/><U103/><E103/><V44/><F112/><W70/><G91/><T25/><D28/><U13/><E113/><V123/><F123/><W49/><G96/><T129/><D129/><U2/><E86/><N who="2" m="50375" /><F133/><W37/><G40/><T99/><D99/><U9/><E20/><V27/><F27/><W71/><G76/><T94/><D79/><U16/><REACH who="1" step="1"/><E57/><REACH who="1" ten="191,391,242,156" step="2"/><N who="2" m="22091" /><F48/><N who="3" m="18539" /><G75/><T46/><D46/><AGARI ba="1,2" hai="44,46,47,104,105" m="22091,50375,49706" machi="46" ten="30,3900,0" yaku="19,1,52,2" doraHai="102" who="2" fromWho="0" sc="191,-42,391,0,242,62,156,0" /><INIT seed="5,0,0,5,5,89" ten="149,391,304,156" oya="1" hai0="132,54,39,64,83,25,108,13,8,16,61,119,92" hai1="44,118,51,59,5,63,96,69,117,128,60,66,126" hai2="135,72,1,130,74,73,103,3,55,106,125,110,56" hai3="97,134,124,9,10,37,19,4,47,12,15,91,113"/><U82/><E5/><V6/><F110/><W42/><G134/><T84/><D132/><U68/><E82/><V112/><F135/><W2/><G113/><T41/><D108/><U93/><E128/><V7/><F130/><W133/><G133/><T111/><D111/><U33/><E33/><V21/><F125/><W24/><G24/><T121/><D121/><U20/><E20/><V70/><F70/><W76/><G124/><T48/><D119/><U71/><E126/><V107/><F21/><W22/><G91/><T80/><D25/><U86/><E86/><V127/><F127/><W122/><G97/><T27/><D27/><U100/><REACH who="1" step="1"/><E63/><REACH who="1" ten="149,381,304,156" step="2"/><V120/><F6/><W131/><G131/><T38/><D80/><U45/><E45/><V95/><F7/><W0/><G122/><T34/><D34/><U98/><E98/><V102/><F120/><W75/><G22/><T88/><D83/><U32/><E32/><V123/><F123/><W30/><G30/><T23/><D8/><U31/><E31/><V49/><F73/><W65/><G75/><T11/><D11/><U109/><E109/><V79/><F72/><W104/><G76/><T101/><D101/><U90/><E90/><V62/><F79/><W85/><G85/><T99/><D99/><U26/><E26/><V17/><F74/><W77/><G77/><T114/><D114/><U115/><E115/><V36/><F112/><W58/><G104/><T87/><D87/><U18/><E18/><V116/><F17/><W53/><G65/><T29/><D29/><U78/><E78/><V105/><F105/><RYUUKYOKU ba="0,1" sc="149,-15,381,15,304,-15,156,15" hai1="44,51,59,60,66,68,69,71,93,96,100,117,118" hai3="0,2,4,9,10,12,15,19,37,42,47,53,58" /><INIT seed="5,1,1,4,4,83" ten="134,396,289,171" oya="1" hai0="57,1,52,50,97,113,65,58,124,120,70,25,87" hai1="85,116,35,93,42,20,126,114,61,30,132,18,27" hai2="68,104,0,123,48,15,23,117,127,82,39,94,90" hai3="21,66,29,40,105,86,103,62,91,101,129,32,63"/><U67/><E116/><V10/><F117/><W109/><G109/><T8/><D120/><U102/><E132/><V130/><F123/><W112/><G112/><T125/><D70/><U3/><E3/><V16/><F39/><W38/><G63/><N who="0" m="38135" /><D113/><U37/><E126/><N who="0" m="48745" /><D97/><U76/><E37/><V77/><F104/><W22/><G32/><T34/><D34/><U69/><E42/><V43/><F127/><W131/><G105/><T7/><D25/><U12/><E114/><V134/><F68/><W119/><G119/><T53/><D53/><U31/><E31/><V95/><F130/><N who="3" m="49675" /><G40/><T33/><D33/><U59/><E69/><V71/><F71/><N who="3" m="42455" /><G38/><T28/><D28/><U108/><E108/><V89/><F134/><W56/><G56/><T17/><D17/><U51/><E35/><V41/><F10/><W135/><G135/><T60/><D60/><U49/><E30/><V5/><F5/><W74/><G74/><T11/><D11/><U13/><E51/><V115/><F0/><W107/><G29/><T88/><D8/><U96/><E49/><V64/><F64/><W100/><G107/><T24/><D24/><U36/><E36/><V92/><F115/><W128/><N who="3" m="49683" /><W46/><DORA hai="122" /><G46/><T99/><D99/><U72/><E72/><V47/><REACH who="2" step="1"/><F41/><REACH who="2" ten="134,396,279,171" step="2"/><W81/><AGARI ba="1,2" hai="21,22,81,86,91,100,101,103" m="42455,49683" machi="81" ten="50,3200,0" yaku="19,1,52,1" doraHai="83,122" who="3" fromWho="3" sc="134,-9,396,-17,279,-9,171,55" /><INIT seed="6,0,0,0,4,64" ten="125,379,270,226" oya="2" hai0="77,102,54,132,37,108,131,90,93,92,111,125,84" hai1="3,127,17,19,71,14,128,5,98,24,106,115,1" hai2="67,78,99,22,47,81,114,89,135,13,39,35,96" hai3="12,94,53,110,73,69,130,58,9,95,57,112,121"/><V91/><F35/><W20/><G121/><T76/><D37/><U126/><E98/><V61/><F114/><W48/><G110/><T23/><D23/><N who="1" m="13439" /><E106/><V104/><F135/><W4/><G73/><T45/><D45/><U74/><E74/><V36/><F13/><W26/><G112/><T50/><D50/><U134/><E71/><V100/><F22/><W120/><G120/><T88/><D54/><U32/><E128/><V46/><F46/><W31/><G69/><T41/><D41/><U97/><E97/><V66/><F66/><W55/><REACH who="3" step="1"/><G130/><REACH who="3" ten="125,379,270,216" step="2"/><T43/><D131/><U109/><E109/><N who="0" m="42057" /><D43/><U42/><E42/><V119/><F119/><W68/><G68/><T11/><D11/><N who="1" m="6367" /><E115/><V107/><F36/><W75/><G75/><T72/><D72/><U8/><E134/><V27/><F39/><W44/><G44/><T113/><D113/><U63/><E127/><V30/><F47/><W105/><G105/><T118/><D132/><U101/><E126/><V16/><F104/><W129/><G129/><T40/><D40/><U52/><E3/><V124/><F124/><W6/><G6/><T80/><D125/><U116/><E5/><V133/><F133/><W51/><AGARI ba="0,1" hai="4,9,12,20,26,31,48,51,53,55,57,58,94,95" machi="51" ten="20,8000,1" yaku="1,1,0,1,7,1,9,1,8,1,53,0" doraHai="64" doraHaiUra="122" who="3" fromWho="3" sc="125,-20,379,-20,270,-40,216,90" /><INIT seed="7,0,0,2,3,61" ten="105,359,230,306" oya="3" hai0="104,127,134,114,50,94,123,66,135,110,60,107,91" hai1="124,71,84,1,102,43,54,3,74,8,30,87,63" hai2="5,79,15,33,101,57,99,36,14,73,26,116,13" hai3="18,45,16,11,105,42,10,83,7,64,128,41,100"/><W80/><G64/><T68/><D123/><U132/><E74/><V119/><F36/><W47/><G100/><T58/><D110/><U106/><E43/><V51/><F5/><W40/><G105/><T92/><D92/><U44/><E30/><V131/><F131/><W98/><G98/><T88/><D91/><U81/><E8/><N who="3" m="3114" /><G7/><T85/><D127/><U59/><E71/><V0/><F0/><W133/><G133/><T76/><D76/><U113/><E102/><V21/><F33/><W67/><G67/><T34/><D34/><U126/><E106/><V120/><F120/><W69/><G69/><T78/><D78/><U89/><E132/><V9/><F9/><W122/><G128/><T70/><D134/><U95/><E44/><N who="3" m="16970" /><G122/><T22/><D135/><U4/><E4/><V62/><F51/><W28/><G28/><T77/><D70/><U46/><E46/><V112/><F112/><W115/><G115/><T72/><D114/><U117/><E113/><V118/><F79/><W25/><G25/><T82/><D50/><U6/><E6/><V109/><F73/><W39/><G39/><T12/><D68/><U90/><E117/><V2/><F2/><W38/><G38/><T121/><D121/><U19/><E19/><AGARI ba="0,0" hai="16,18,19,40,41,42,80,83" m="16970,3114" machi="19" ten="30,11600,0" yaku="28,2,8,1,54,1" doraHai="61" who="3" fromWho="1" sc="105,0,359,-116,230,0,306,116" owari="105,-39.5,243,4.3,230,-17.0,422,52.2" /></mjloggm>