<mjloggm ver="2.3"><GO type="41" lobby="0"/><UN n0="%E3%83%9F%E3%82%B2%E3%83%BC%E3%83%AB%E6%94%B9" n1="%44%6A%6F%6B%65%72%32%32" n2="%E3%81%99%E3%83%BC%E3%82%84%E3%82%93%31%32%31%32" n3="%E2%93%9D%4C%75%63%6B%79%4A" dan="15,14,13,18" rate="2028.18,1992.10,1863.62,2199.36" sx="M,M,M,M"/><TAIKYOKU oya="0"/><INIT seed="0,0,0,2,0,29" ten="250,250,250,250" oya="0" hai0="25,26,75,100,11,79,1,23,115,116,74,6,110" hai1="36,18,2,7,134,132,78,63,87,109,73,38,104" hai2="60,71,105,82,97,72,30,15,114,42,22,12,89" hai3="113,91,3,53,35,127,65,19,120,106,125,37,51"/><T46/><D116/><U67/><E104/><V13/><F114/><W4/><G113/><T32/><D115/><U39/><E87/><V52/><F72/><W68/><G19/><T62/><D100/><U76/><E18/><V70/><F42/><W96/><G37/><T90/><D90/><U83/><E78/><V133/><F133/><W50/><G65/><T98/><D98/><U58/><E109/><V85/><F105/><W122/><G68/><T131/><D62/><U9/><AGARI ba="0,0" hai="2,7,9,36,38,39,58,63,67,73,76,83,132,134" machi="9" ten="40,1500,0" yaku="0,1" doraHai="29" who="1" fromWho="1" sc="250,-7,250,15,250,-4,250,-4" /><INIT seed="1,0,0,1,5,123" ten="243,265,246,246" oya="1" hai0="114,12,78,8,2,92,9,99,47,61,106,22,72" hai1="16,1,15,39,28,36,107,87,96,44,31,35,45" hai2="7,32,56,3,4,24,130,115,60,135,19,51,27" hai3="98,101,41,79,29,104,10,121,97,85,81,111,62"/><U75/><E75/><V37/><F37/><W42/><G121/><T76/><D114/><U124/><E1/><V125/><F115/><W105/><G29/><T119/><D106/><U132/><E124/><V127/><F3/><W84/><G62/><T109/><D119/><U0/><E0/><V38/><F38/><W73/><G10/><T14/><D2/><U54/><E132/><V89/><F135/><W103/><G42/><T52/><D72/><U50/><E35/><V70/><F70/><W40/><G41/><T117/><D22/><U77/><E39/><V116/><F116/><W68/><G40/><T20/><D20/><U94/><E107/><V57/><F32/><W133/><G68/><T83/><D83/><U65/><E45/><V82/><F51/><W126/><G133/><T17/><D117/><U26/><E65/><V59/><F60/><W34/><G34/><T25/><D25/><N who="2" m="9802" /><F19/><W90/><G126/><N who="2" m="48137" /><F130/><W86/><G111/><T134/><D109/><U48/><E26/><V55/><F55/><W122/><G122/><T18/><D134/><U6/><E50/><V95/><F82/><AGARI ba="0,0" hai="73,79,81,82,84,85,86,90,97,98,101,103,104,105" machi="82" ten="30,16000,3" yaku="7,1,9,1,35,6" doraHai="123" who="3" fromWho="2" sc="243,0,265,0,246,-160,246,160" /><INIT seed="2,0,0,4,3,36" ten="243,265,86,406" oya="2" hai0="40,55,13,128,18,43,60,76,79,0,93,112,124" hai1="99,33,96,14,92,129,109,133,78,86,135,108,20" hai2="21,111,131,54,41,98,75,35,48,95,51,25,4" hai3="56,46,110,26,30,32,39,7,29,83,62,11,121"/><V31/><F75/><W113/><G121/><T9/><D112/><U38/><E38/><V58/><F131/><W8/><G113/><T89/><D0/><U57/><E57/><V74/><F74/><W65/><G30/><T123/><D123/><U117/><E33/><V73/><F73/><W47/><G110/><N who="1" m="42602" /><E20/><V126/><F111/><W61/><G83/><T44/><D128/><U90/><E14/><V122/><F122/><W42/><G47/><T50/><D60/><U82/><E117/><V15/><F126/><W104/><G104/><T69/><D69/><U24/><E24/><V114/><F114/><W88/><G88/><T71/><D71/><U6/><E6/><V118/><F118/><W19/><G19/><T120/><D120/><U2/><E2/><V28/><F35/><W27/><G27/><T1/><D1/><U67/><E67/><V132/><F132/><N who="1" m="50761" /><E129/><V64/><F64/><W100/><G7/><T97/><D124/><U45/><E45/><N who="2" m="25647" /><F15/><W134/><G134/><T101/><D89/><U103/><E99/><V17/><F4/><W105/><REACH who="3" step="1"/><G62/><REACH who="3" ten="243,265,86,396" step="2"/><T130/><REACH who="0" step="1"/><D130/><REACH who="0" ten="233,265,86,396" step="2"/><U16/><E16/><V70/><F70/><W127/><G127/><T115/><D115/><U5/><E5/><V107/><F107/><W91/><G91/><AGARI ba="0,2" hai="78,82,86,90,91,92,96,103" m="50761,42602" machi="91" ten="30,7700,0" yaku="14,1,20,1,34,2" doraHai="36" who="1" fromWho="3" sc="233,0,265,97,86,0,396,-77" /><AGARI ba="0,0" hai="17,21,25,28,31,51,54,58,91,95,98" m="25647" machi="91" ten="30,2900,0" yaku="8,1,52,1" doraHai="36" who="2" fromWho="3" sc="233,0,362,0,86,29,319,-29" /><INIT seed="2,1,0,4,1,44" ten="233,362,115,290" oya="2" hai0="52,87,21,50,22,99,51,16,43,134,39,30,85" hai1="33,128,103,19,65,119,49,10,100,14,121,115,20" hai2="55,23,69,9,11,6,28,0,8,2,57,60,47" hai3="67,41,130,88,63,117,1,132,123,27,34,66,122"/><V105/><F105/><W125/><G1/><T45/><D39/><U101/><E119/><V37/><F2/><W68/><G117/><T111/><D111/><U116/><E116/><V112/><F112/><W58/><G34/><T118/><D118/><U106/><E115/><V113/><F113/><W91/><G27/><N who="0" m="16759" /><D99/><U3/><E33/><V94/><F69/><W12/><G125/><T97/><D97/><U108/><E106/><V42/><F94/><W40/><G130/><T59/><D134/><U29/><E128/><V46/><F46/><W25/><G25/><AGARI ba="1,0" hai="16,21,25,43,45,50,51,52,59,85,87" m="16759" machi="25" ten="30,8000,1" yaku="8,1,52,2,54,2" doraHai="44" who="0" fromWho="3" sc="233,83,362,0,115,0,290,-83" /><INIT seed="3,0,0,4,2,102" ten="316,362,115,207" oya="3" hai0="96,89,51,97,123,20,94,16,50,108,126,19,2" hai1="87,22,93,36,111,113,133,54,73,112,53,107,84" hai2="11,30,48,35,77,64,15,58,76,67,63,43,101" hai3="56,80,41,13,33,65,82,128,105,115,25,21,17"/><W60/><G115/><T70/><D123/><U23/><E73/><V18/><F35/><W14/><G128/><T109/><D70/><U1/><E1/><V38/><F38/><W37/><G105/><T7/><D126/><U39/><E93/><V55/><F30/><W103/><G33/><T27/><D19/><U104/><REACH who="1" step="1"/><E111/><REACH who="1" ten="316,352,115,207" step="2"/><N who="0" m="42569" /><D97/><U81/><E81/><V45/><F101/><W62/><G103/><T132/><D132/><AGARI ba="0,1" hai="22,23,36,39,53,54,84,87,104,107,112,113,132,133" machi="132" ten="25,8000,1" yaku="1,1,22,2,52,2,53,0" doraHai="102" doraHaiUra="106" who="1" fromWho="0" sc="316,-80,352,90,115,0,207,0" /><INIT seed="4,0,0,2,1,39" ten="236,442,115,207" oya="0" hai0="47,55,95,125,69,72,24,8,82,77,66,31,89" hai1="105,16,113,108,87,23,53,65,30,50,49,5,104" hai2="83,111,98,4,9,123,10,74,51,54,19,60,78" hai3="22,12,56,93,67,84,122,14,64,119,15,85,29"/><T102/><D125/><U81/><E108/><V127/><F111/><W80/><G119/><T97/><D69/><U112/><E65/><V18/><F123/><W1/><G1/><T37/><D66/><U106/><E30/><V130/><F127/><W33/><G33/><T45/><D8/><U135/><E5/><V118/><F118/><W76/><G122/><T88/><D55/><U131/><E131/><V107/><F130/><W7/><G7/><T27/><D47/><U11/><E11/><V26/><F10/><W59/><G67/><T99/><D31/><U2/><E2/><V94/><F107/><W128/><G64/><T116/><D116/><U126/><E126/><V91/><F60/><W43/><G43/><T44/><D44/><U103/><E103/><V17/><F26/><N who="3" m="16599" /><G128/><T57/><D57/><U101/><E135/><V124/><F124/><W110/><G110/><T52/><D89/><AGARI ba="0,0" hai="12,14,15,56,59,76,80,84,85,89,93" m="16599" machi="89" ten="30,1000,0" yaku="8,1" doraHai="39" who="3" fromWho="0" sc="236,-10,442,0,115,0,207,10" /><INIT seed="5,0,0,2,5,130" ten="226,442,115,217" oya="1" hai0="8,38,116,10,30,84,12,27,76,113,32,71,31" hai1="13,109,37,35,60,53,56,5,97,98,87,131,77" hai2="9,101,118,89,65,18,126,111,61,82,129,72,17" hai3="135,25,105,39,62,43,55,114,88,64,79,127,73"/><U106/><E37/><V3/><F111/><W132/><G105/><T86/><D71/><U42/><E35/><V92/><F118/><W22/><G55/><T59/><D38/><U45/><E131/><V96/><F129/><W57/><G127/><T128/><D128/><U81/><E106/><V95/><F126/><W28/><G114/><T11/><D113/><U103/><E103/><V112/><F112/><W108/><G108/><T6/><D116/><U58/><E58/><V122/><F122/><W16/><G79/><T110/><D110/><U117/><E117/><V75/><F82/><W47/><G73/><T52/><D31/><U66/><E66/><V85/><F18/><W115/><G115/><T40/><D40/><U2/><E2/><V46/><F46/><W102/><G102/><T29/><D29/><U21/><E21/><V7/><F17/><W125/><G125/><T100/><D100/><U50/><E109/><V68/><AGARI ba="0,0" hai="3,7,9,61,65,68,72,75,85,89,92,95,96,101" machi="68" ten="20,1500,0" yaku="0,1,7,1" doraHai="130" who="2" fromWho="2" sc="226,-4,442,-7,115,15,217,-4" /><INIT seed="6,0,0,3,0,93" ten="222,435,130,213" oya="2" hai0="116,91,108,106,62,82,109,92,124,121,18,80,2" hai1="35,89,87,12,55,60,122,117,83,135,17,79,46" hai2="26,15,71,52,38,95,69,68,59,34,85,7,27" hai3="48,54,74,90,50,98,73,39,21,45,99,49,0"/><V44/><F34/><W40/><G0/><T115/><D2/><U33/><E117/><V86/><F38/><W77/><G54/><T30/><D30/><U28/><E135/><V123/><F123/><W101/><G77/><T5/><D5/><U11/><E122/><V13/><F44/><W42/><G42/><T118/><D18/><U47/><E28/><V128/><F128/><W78/><G78/><T125/><D106/><U58/><E35/><V96/><F27/><W63/><G63/><T23/><D23/><U107/><E33/><V133/><F26/><W65/><G65/><T132/><D121/><U67/><E107/><V22/><F133/><W36/><G39/><T81/><D132/><U14/><E67/><V70/><F15/><W8/><G8/><T127/><D62/><U126/><E126/><V9/><F22/><W37/><G37/><T29/><D29/><U61/><E61/><V84/><N who="2" m="17408" /><DORA hai="114" /><V100/><REACH who="2" step="1"/><F86/><REACH who="2" ten="222,435,120,213" step="2"/><W4/><G21/><T3/><D3/><U51/><E14/><V111/><F111/><N who="0" m="42570" /><D115/><U131/><E131/><V25/><F25/><W43/><G36/><T129/><D129/><U97/><E47/><V119/><F119/><W57/><G45/><T110/><D110/><U41/><E41/><V104/><F104/><N who="3" m="63551" /><G43/><T31/><D31/><U113/><E113/><V103/><F103/><W75/><G40/><T88/><D91/><U76/><E46/><V53/><F53/><W6/><G57/><T32/><D32/><U24/><E24/><V134/><F134/><W112/><G112/><T56/><D56/><U16/><E58/><RYUUKYOKU ba="0,1" sc="222,10,435,-30,120,10,213,10" hai0="80,81,82,88,92,116,118,124,125,127" hai2="7,9,13,52,59,84,85,95,96,100" hai3="4,6,48,49,50,73,74,75,90,98" /><INIT seed="6,1,1,3,0,109" ten="232,405,130,223" oya="2" hai0="6,21,97,101,3,88,42,76,30,77,19,22,69" hai1="107,36,105,54,92,26,95,29,129,131,98,33,119" hai2="44,130,114,84,1,4,35,68,25,96,81,74,120" hai3="45,56,91,80,65,43,14,122,24,39,123,28,7"/><V134/><F68/><W64/><G7/><T50/><D69/><U23/><E119/><V93/><F74/><W75/><G14/><T53/><D42/><U135/><E36/><V86/><F120/><W59/><G91/><T116/><D101/><U83/><E135/><V73/><F134/><W63/><G80/><T17/><D6/><U11/><E11/><V103/><F130/><N who="1" m="49673" /><E83/><V57/><F35/><W115/><G75/><T113/><D3/><U31/><E95/><V125/><F25/><W8/><G8/><T102/><D102/><N who="1" m="60743" /><E54/><V99/><F4/><W48/><G39/><T104/><D104/><U0/><E0/><V66/><F1/><W58/><G65/><T117/><D53/><U10/><E10/><V110/><F110/><W89/><G89/><T49/><D88/><U34/><E31/><V87/><F99/><W27/><G123/><T72/><D97/><U94/><E94/><V71/><F71/><W82/><G82/><T133/><D72/><U47/><E47/><V67/><F44/><W52/><G122/><T124/><D30/><U61/><E61/><V108/><F108/><W112/><G59/><T2/><D2/><U70/><E70/><V111/><F111/><W51/><REACH who="3" step="1"/><G27/><REACH who="3" ten="232,405,130,213" step="2"/><T13/><D13/><U32/><AGARI ba="1,2" hai="23,26,29,32,33,34,105,107" m="60743,49673" machi="32" ten="40,1500,0" yaku="19,1" doraHai="109" who="1" fromWho="1" sc="232,-5,405,38,130,-8,213,-5" /><INIT seed="7,0,0,4,2,127" ten="227,443,122,208" oya="3" hai0="66,4,28,128,119,56,84,48,30,24,6,7,114" hai1="29,110,71,106,123,55,61,97,51,49,1,111,34" hai2="88,78,44,103,31,122,91,62,3,27,120,19,74" hai3="124,0,59,18,32,67,41,22,131,105,117,33,77"/><W107/><G117/><T108/><D108/><U15/><E123/><V75/><F3/><W73/><G41/><T86/><D119/><U8/><E1/><V83/><F75/><W112/><G124/><T5/><D114/><U12/><E51/><V63/><F103/><W54/><G67/><T95/><D128/><U68/><E15/><V115/><F19/><W35/><G112/><T92/><D7/><U104/><E104/><V45/><F115/><W57/><G0/><T47/><D24/><U90/><E71/><V81/><F27/><W85/><G73/><T80/><D56/><U42/><E42/><V11/><F74/><W132/><G132/><T118/><D66/><U121/><E121/><V125/><F11/><W82/><G59/><T102/><D118/><U93/><E106/><V10/><F10/><W134/><G134/><T25/><D25/><U23/><E34/><V37/><F125/><W70/><G70/><T26/><D26/><U69/><E29/><N who="0" m="11369" /><D102/><U72/><E72/><V16/><F31/><W13/><REACH who="3" step="1"/><G131/><REACH who="3" ten="227,443,122,198" step="2"/><T58/><D58/><U64/><E69/><V53/><F37/><W17/><G17/><T87/><D80/><U38/><E38/><V20/><F20/><W39/><G39/><T135/><D135/><U14/><E23/><V36/><F36/><W76/><G76/><T126/><D126/><U43/><E43/><AGARI ba="0,1" hai="4,5,6,43,47,48,84,86,87,92,95" m="11369" machi="43" ten="30,1000,0" yaku="8,1" doraHai="127" who="0" fromWho="1" sc="227,20,443,-10,122,0,198,0" owari="247,4.7,433,53.3,122,-37.8,198,-20.2" /></mjloggm>