<mjloggm ver="2.3"><GO type="41" lobby="0"/><UN n0="%E2%93%9D%4C%75%63%6B%79%4A" n1="%E3%82%84%E3%82%8B%E3%81%8A%44%65%61%74%68" n2="%E3%82%A2%E3%82%A6%E3%83%88%E3%82%B5%E3%82%A4%E3%83%80%E3%83%BC" n3="%50%61%6C%69%6F%74%6F%6C" dan="17,13,15,14" rate="2151.67,1915.65,2039.85,1964.33" sx="M,M,M,M"/><TAIKYOKU oya="0"/><INIT seed="0,0,0,2,4,74" ten="250,250,250,250" oya="0" hai0="11,55,52,45,133,103,94,128,114,79,111,12,89" hai1="82,86,44,105,33,16,7,70,100,76,102,112,50" hai2="38,90,42,69,27,121,15,64,24,48,78,41,10" hai3="0,43,71,39,19,66,32,125,40,1,62,130,28"/><T3/><D114/><U131/><E70/><V34/><F121/><W88/><G130/><T122/><D122/><U96/><E33/><V49/><F38/><W2/><G125/><T95/><D3/><U126/><E131/><V26/><F34/><W31/><G32/><T20/><D128/><U73/><E126/><V107/><F107/><W23/><G39/><T85/><D133/><U81/><E112/><V119/><F119/><W17/><G17/><T8/><D111/><U93/><E7/><V77/><F69/><W59/><G71/><T113/><D113/><U132/><E132/><V120/><F120/><W57/><G57/><T60/><D60/><U99/><E16/><N who="2" m="8311" /><F90/><W75/><G75/><T4/><D11/><U14/><E14/><V84/><F64/><W129/><G129/><T87/><D20/><U46/><REACH who="1" step="1"/><E50/><REACH who="1" ten="250,240,250,250" step="2"/><N who="2" m="19563" /><F84/><W106/><G2/><T104/><D87/><U108/><E108/><V124/><F124/><W101/><G1/><T115/><D115/><U118/><E118/><V98/><F98/><W21/><G0/><T117/><D117/><U47/><E47/><V92/><F92/><W51/><G40/><AGARI ba="0,1" hai="24,26,27,40,41,42,77,78" m="19563,8311" machi="40" ten="30,7700,0" yaku="8,1,52,2,54,1" doraHai="74" who="2" fromWho="3" sc="250,0,240,0,250,87,250,-77" /><INIT seed="1,0,0,0,1,105" ten="250,240,337,173" oya="1" hai0="9,124,11,19,70,99,68,106,110,41,48,39,56" hai1="102,113,57,5,55,58,62,83,101,38,59,3,6" hai2="45,33,7,79,46,52,100,133,126,98,134,128,67" hai3="97,108,32,31,112,20,13,66,61,94,93,130,43"/><U34/><E38/><V17/><F33/><W42/><G112/><T84/><D84/><U12/><E34/><V26/><F126/><W75/><G108/><T50/><D106/><U80/><E113/><V47/><F128/><W76/><G32/><T35/><D99/><U120/><E120/><V114/><F114/><W96/><G130/><T40/><D35/><U123/><E123/><V72/><F67/><W119/><G119/><T0/><D19/><U109/><E12/><V49/><F7/><N who="1" m="2569" /><E3/><V95/><F17/><W111/><G111/><T87/><D87/><U90/><E109/><V60/><F60/><W129/><G13/><T89/><D110/><U16/><E90/><V15/><F15/><W10/><G10/><T65/><D89/><U23/><E55/><V88/><F100/><N who="1" m="38505" /><E62/><V103/><F26/><W14/><G14/><T54/><D0/><U122/><E122/><V69/><F69/><N who="0" m="26730" /><D11/><U37/><E37/><V36/><F103/><W53/><G53/><N who="0" m="31799" /><D9/><U44/><E44/><V91/><F91/><W74/><G129/><T71/><D39/><U18/><E23/><V131/><F131/><W104/><G20/><T81/><D124/><U28/><E28/><V64/><F36/><W51/><G31/><T132/><D65/><U121/><E121/><V78/><F64/><W77/><G66/><T92/><D71/><U21/><E21/><V116/><F116/><W4/><G4/><T125/><D125/><U107/><E107/><V63/><F45/><W117/><G104/><T73/><D54/><U25/><E25/><V127/><F127/><W27/><G27/><RYUUKYOKU ba="0,0" sc="250,-10,240,30,337,-10,173,-10" hai1="16,18,57,58,59,80,83" /><INIT seed="1,1,0,1,0,18" ten="240,270,327,163" oya="1" hai0="92,50,94,57,41,31,25,131,84,30,16,24,112" hai1="38,115,104,15,13,82,107,111,47,79,108,40,88" hai2="27,0,21,126,1,93,125,51,60,46,117,132,103" hai3="5,10,48,72,134,26,133,76,120,68,102,74,73"/><U54/><E115/><V42/><F117/><W130/><G68/><T121/><D112/><U59/><E13/><V85/><F132/><W58/><G120/><T56/><D131/><U128/><E15/><V105/><F105/><W17/><G102/><T32/><D121/><U97/><E128/><V29/><F60/><W124/><G130/><T34/><D41/><U119/><E119/><V55/><F42/><W36/><G36/><T78/><D78/><U28/><E28/><V2/><REACH who="2" step="1"/><F85/><REACH who="2" ten="240,270,317,163" step="2"/><W99/><G133/><T81/><D84/><N who="1" m="48223" /><E54/><V22/><F22/><W109/><G134/><T53/><D81/><U23/><E23/><V95/><F95/><W87/><G87/><T62/><REACH who="0" step="1"/><D16/><REACH who="0" ten="230,270,317,163" step="2"/><U116/><E116/><V45/><F45/><W52/><G17/><T37/><D37/><U43/><E47/><V9/><F9/><W11/><G10/><T8/><D8/><U90/><E38/><V135/><F135/><W33/><G11/><T89/><D89/><U4/><E90/><V106/><F106/><W91/><G91/><T110/><D110/><U127/><E88/><V114/><F114/><W12/><G109/><T113/><D113/><U83/><E107/><V122/><F122/><W3/><G76/><T61/><D61/><U7/><E104/><V80/><F80/><W19/><G19/><T129/><D129/><U77/><E83/><V71/><F71/><W98/><G74/><T96/><D96/><AGARI ba="1,2" hai="0,1,2,21,27,29,46,51,55,93,96,103,125,126" machi="96" ten="50,3200,0" yaku="1,1,52,1,53,0" doraHai="18" doraHaiUra="64" who="2" fromWho="0" sc="230,-35,270,0,317,55,163,0" /><INIT seed="2,0,0,2,3,119" ten="195,270,372,163" oya="2" hai0="9,63,126,26,21,47,5,123,96,103,93,65,17" hai1="124,104,105,118,79,53,41,115,36,92,78,31,2" hai2="130,87,6,69,8,106,73,40,54,58,27,34,43" hai3="98,52,66,55,39,120,60,132,100,64,57,108,95"/><V89/><F106/><W88/><G39/><T76/><D126/><U23/><E2/><V56/><F73/><W33/><G33/><T121/><D76/><U15/><E118/><V0/><F69/><W24/><G108/><T75/><D75/><U122/><E115/><V3/><F3/><W16/><G132/><T113/><D47/><U94/><E53/><V4/><F4/><W81/><G120/><T127/><D127/><U74/><E124/><V86/><F130/><W44/><G44/><T112/><D113/><U117/><E117/><V49/><F58/><W68/><G68/><T107/><D107/><U30/><E15/><V1/><F1/><W109/><G66/><T62/><D112/><U80/><E23/><V20/><F34/><W25/><G25/><T13/><REACH who="0" step="1"/><D63/><REACH who="0" ten="185,270,372,163" step="2"/><U18/><E74/><V48/><F40/><W111/><G111/><T91/><D91/><U12/><E41/><V59/><F89/><W19/><G109/><T38/><D38/><U50/><E36/><V71/><F43/><W37/><G37/><T35/><D35/><U45/><E45/><V61/><F71/><AGARI ba="0,1" hai="5,9,13,17,21,26,62,65,71,93,96,103,121,123" machi="71" ten="30,8000,1" yaku="1,1,7,1,52,2,53,1" doraHai="119" doraHaiUra="7" who="0" fromWho="2" sc="185,90,270,0,372,-80,163,0" /><INIT seed="3,0,0,1,3,118" ten="275,270,292,163" oya="3" hai0="7,40,84,64,33,82,95,86,122,132,103,51,127" hai1="2,128,117,8,15,91,52,35,4,34,63,73,71" hai2="29,13,102,98,75,18,134,9,131,5,57,36,21" hai3="27,54,79,121,44,119,68,60,69,42,124,12,38"/><W14/><G119/><T77/><D33/><U41/><E73/><V10/><F75/><W108/><G124/><T61/><D127/><U133/><E117/><V53/><F36/><W100/><G79/><T66/><D132/><U11/><E133/><V25/><F134/><W55/><G100/><T104/><D7/><U58/><E128/><V109/><F109/><W16/><G27/><T72/><D66/><U83/><E71/><V28/><F131/><W101/><G101/><T67/><D67/><U120/><E41/><V20/><F20/><W74/><G74/><T30/><D30/><U47/><E47/><V88/><F9/><W32/><G32/><T81/><D51/><U89/><E120/><V6/><F6/><W50/><G108/><T46/><D122/><U129/><E129/><V78/><F78/><W123/><G12/><T17/><D17/><U97/><E91/><V110/><F110/><W48/><G60/><T115/><D115/><U23/><E23/><V56/><F102/><W135/><G135/><T99/><D82/><U90/><E90/><V49/><F57/><N who="3" m="32967" /><G16/><T26/><D26/><U45/><E45/><V76/><F76/><W96/><G14/><T114/><D114/><U39/><E39/><V107/><F107/><W130/><G96/><T24/><D24/><U113/><E113/><V65/><F65/><W106/><G106/><T22/><D104/><U93/><REACH who="1" step="1"/><E83/><REACH who="1" ten="275,260,292,163" step="2"/><V112/><F112/><W125/><G130/><T43/><D22/><U62/><E62/><V80/><F80/><W37/><G125/><T94/><D72/><U3/><E3/><RYUUKYOKU ba="0,1" sc="275,-15,260,15,292,15,163,-15" hai1="2,4,8,11,15,34,35,52,58,63,89,93,97" hai2="5,10,13,18,21,25,28,29,49,53,56,88,98" /><INIT seed="4,1,1,2,3,117" ten="260,275,307,148" oya="0" hai0="33,38,9,81,52,11,82,44,104,119,29,132,102" hai1="22,120,109,110,69,42,41,25,95,97,80,105,51" hai2="12,53,98,91,34,113,134,116,3,76,122,127,46" hai3="121,58,68,35,71,45,5,57,65,87,92,13,66"/><T126/><D119/><U62/><E109/><V40/><F113/><W60/><G35/><T90/><D104/><U131/><E131/><V70/><F70/><W78/><G5/><T39/><D102/><U49/><E110/><V6/><F116/><W55/><G13/><T24/><D126/><U96/><E120/><V135/><F34/><W30/><G30/><T8/><D132/><N who="2" m="50730" /><F127/><W27/><G27/><T48/><REACH who="0" step="1"/><D90/><REACH who="0" ten="250,275,307,148" step="2"/><U32/><E105/><V36/><F91/><W130/><G130/><T37/><AGARI ba="1,2" hai="8,9,11,24,29,33,37,38,39,44,48,52,81,82" machi="37" ten="40,12000,1" yaku="1,1,2,1,0,1,54,1,53,1" doraHai="117" doraHaiUra="28" who="0" fromWho="0" sc="250,143,275,-41,307,-41,148,-41" /><INIT seed="4,2,0,5,2,30" ten="393,234,266,107" oya="0" hai0="123,118,125,44,4,18,68,61,12,63,135,130,2" hai1="132,92,75,122,16,17,35,93,104,99,8,23,97" hai2="48,62,127,33,82,90,103,86,85,116,107,126,50" hai3="54,94,31,10,59,51,21,84,3,14,131,96,112"/><T67/><D123/><U41/><E122/><V25/><F116/><W60/><G112/><T108/><D118/><U121/><E121/><V109/><F109/><W88/><G131/><T28/><D130/><U15/><E132/><V53/><F86/><W27/><G3/><T46/><D135/><U52/><E75/><V114/><F114/><W32/><G51/><T76/><D76/><U22/><E41/><V24/><F24/><W6/><REACH who="3" step="1"/><G32/><REACH who="3" ten="393,234,266,97" step="2"/><T69/><D2/><U133/><E133/><V120/><F120/><W119/><G119/><T111/><D111/><U79/><E79/><V47/><F48/><W83/><G83/><T117/><D117/><U55/><E35/><V64/><F33/><W36/><G36/><T105/><D108/><U134/><E134/><V128/><F128/><W77/><G77/><T65/><D125/><U70/><E70/><V57/><F126/><W29/><G29/><T56/><D28/><U113/><E113/><V58/><F127/><W66/><G66/><T110/><D110/><U95/><E104/><V26/><F57/><W45/><G45/><T80/><D56/><U0/><E0/><V71/><F71/><W42/><G42/><T89/><D105/><U40/><E40/><V9/><F107/><W72/><G72/><T91/><D80/><U115/><E115/><V73/><F73/><W81/><G81/><T1/><D46/><U49/><E49/><V87/><F50/><W101/><G101/><T7/><D44/><U124/><E124/><V37/><F103/><W98/><AGARI ba="2,1" hai="6,10,14,21,27,31,54,59,60,84,88,94,96,98" machi="98" ten="30,8000,1" yaku="1,1,0,1,8,1,54,1,53,1" doraHai="30" doraHaiUra="19" who="3" fromWho="3" sc="393,-42,234,-22,266,-22,97,96" /><INIT seed="5,0,0,1,0,125" ten="351,212,244,193" oya="1" hai0="90,28,86,57,72,59,8,135,101,26,77,83,63" hai1="68,78,39,74,30,64,121,119,94,66,92,80,99" hai2="53,7,27,36,128,117,17,115,32,133,40,82,96" hai3="134,88,29,91,33,5,9,12,22,81,112,1,19"/><U104/><E119/><V120/><F120/><W118/><G134/><T122/><D135/><U0/><E0/><V73/><F117/><W95/><G118/><T110/><D110/><U49/><E39/><V93/><F133/><W79/><G112/><T61/><D101/><U4/><E121/><V62/><F7/><W65/><G65/><T111/><D111/><U11/><E30/><V109/><F109/><W21/><G21/><T123/><D8/><U24/><E24/><V89/><F36/><W129/><G129/><T76/><D72/><U38/><E38/><V34/><F40/><W127/><G127/><T130/><D130/><U15/><E104/><V69/><F128/><W13/><G13/><T37/><D37/><U100/><E68/><V44/><F115/><W16/><G19/><T87/><D26/><U48/><E94/><V113/><F113/><W70/><G95/><T45/><D45/><U116/><E116/><V60/><F73/><N who="3" m="43247" /><G70/><T25/><D25/><AGARI ba="0,0" hai="1,5,9,12,16,22,25,29,33,88,91" m="43247" machi="25" ten="30,3900,0" yaku="24,1,54,2" doraHai="125" who="3" fromWho="0" sc="351,-39,212,0,244,0,193,39" /><INIT seed="6,0,0,3,4,8" ten="312,212,244,232" oya="2" hai0="72,112,90,97,122,125,127,82,60,52,32,115,34" hai1="27,93,12,59,14,118,69,71,35,80,63,21,133" hai2="10,124,88,77,101,9,106,96,86,102,43,109,4" hai3="94,37,30,47,13,116,81,131,79,50,17,87,99"/><V134/><F101/><W5/><G116/><T57/><D122/><U22/><E118/><V68/><F68/><W45/><G37/><T129/><D129/><U1/><E1/><V20/><F43/><W75/><G30/><T76/><D90/><U73/><E133/><V62/><F62/><W83/><G131/><T103/><D34/><U61/><E93/><V91/><F134/><W29/><G29/><T3/><D3/><U28/><E73/><V64/><F64/><W48/><G5/><T24/><D24/><U114/><E80/><V67/><F67/><W2/><G2/><T74/><D32/><U19/><E114/><N who="0" m="43561" /><D74/><U31/><E31/><V117/><F117/><W16/><G17/><T42/><D42/><U7/><E63/><V107/><F107/><AGARI ba="0,0" hai="52,57,60,72,76,82,97,103,107,125,127" m="43561" machi="107" ten="30,2000,0" yaku="15,1,54,1" doraHai="8" who="0" fromWho="2" sc="312,20,212,0,244,-20,232,0" /><INIT seed="7,0,0,2,3,67" ten="332,212,224,232" oya="3" hai0="5,19,46,130,70,112,129,63,125,10,110,80,42" hai1="102,41,24,4,113,71,75,51,55,126,22,118,1" hai2="39,86,89,57,64,49,30,109,6,91,31,77,108" hai3="59,8,14,92,35,58,116,111,18,20,72,135,47"/><W36/><G116/><T2/><D19/><U76/><E118/><V78/><F39/><W17/><G72/><T62/><D125/><U83/><E126/><V90/><F6/><W124/><G35/><T123/><D123/><U103/><E113/><V23/><F23/><W100/><G124/><T26/><D26/><U115/><E115/><V48/><F64/><W33/><G33/><T94/><D94/><U28/><E71/><V7/><F7/><W66/><G135/><T96/><D96/><U29/><E29/><N who="2" m="10763" /><F86/><W38/><G111/><N who="2" m="42569" /><F57/><W16/><G18/><T88/><D70/><U119/><E119/><V27/><F27/><W122/><G122/><T11/><D11/><U54/><E54/><V53/><F53/><W0/><G0/><T68/><D68/><U15/><E41/><V44/><F44/><W13/><G47/><T104/><D46/><U43/><E43/><V69/><F69/><W61/><G59/><T81/><D42/><U114/><E114/><V50/><AGARI ba="0,0" hai="48,49,50,77,78,89,90,91" m="42569,10763" machi="50" ten="40,2700,0" yaku="28,2" doraHai="67" who="2" fromWho="2" sc="332,-7,212,-7,224,27,232,-13" owari="325,42.5,205,-29.5,251,5.1,219,-18.1" /></mjloggm>