<mjloggm ver="2.3"><GO type="41" lobby="0"/><UN n0="%E3%83%95%E3%82%A3%E3%83%AA%E3%83%83%E3%83%97%E5%96%84%E8%89%AF%E5%85%AC" n1="%73%74%61%6E%68%6F%70%65" n2="%E2%93%9D%4C%75%63%6B%79%4A" n3="%E9%97%98%E5%BF%A0%E4%B8%B8" dan="14,14,18,14" rate="1984.80,1889.56,2162.11,1942.39" sx="M,M,M,M"/><TAIKYOKU oya="0"/><INIT seed="0,0,0,0,1,80" ten="250,250,250,250" oya="0" hai0="84,41,102,42,103,107,58,120,63,22,33,13,27" hai1="108,56,78,92,47,122,20,91,55,34,8,115,31" hai2="117,5,67,0,93,74,121,135,12,71,53,25,100" hai3="104,85,105,19,87,101,29,40,133,86,23,6,111"/><T128/><D120/><U2/><E34/><V79/><F0/><W59/><G6/><T43/><D128/><U123/><E78/><V69/><F67/><W72/><G72/><T10/><D107/><U54/><E115/><V44/><F25/><W66/><G40/><T32/><D32/><U7/><E31/><V46/><F53/><W76/><G76/><T18/><D33/><U134/><E20/><V64/><F64/><W94/><G133/><T68/><D68/><U1/><E1/><V35/><F121/><W88/><G111/><T60/><D84/><N who="3" m="32361" /><G105/><T109/><D109/><U90/><E134/><V38/><F71/><W114/><G104/><T11/><D11/><U24/><E7/><V118/><F69/><W83/><G114/><T131/><D131/><U30/><E2/><V36/><F79/><N who="3" m="46591" /><G29/><N who="0" m="17655" /><D63/><U39/><E30/><V28/><F28/><W110/><G110/><T49/><D49/><U116/><E108/><V15/><F35/><W89/><G59/><T57/><D58/><U52/><E56/><V75/><F135/><W51/><G51/><T99/><D99/><U3/><E3/><V130/><F130/><W127/><G66/><AGARI ba="0,0" hai="10,13,18,41,42,43,57,60,66,102,103" m="17655" machi="66" ten="30,1500,0" yaku="8,1" doraHai="80" who="0" fromWho="3" sc="250,15,250,0,250,0,250,-15" /><INIT seed="0,1,0,3,4,51" ten="265,250,250,235" oya="0" hai0="121,21,30,98,2,41,3,116,120,66,80,85,57" hai1="54,32,68,106,26,123,59,72,117,73,61,84,50" hai2="5,119,27,101,81,17,89,94,6,99,45,19,96" hai3="77,62,20,39,9,13,79,88,78,16,52,105,29"/><T95/><D116/><U108/><E117/><V104/><F119/><W24/><G105/><T11/><D41/><U92/><E123/><V131/><F131/><W122/><G39/><T44/><D44/><U91/><E106/><V112/><F112/><W127/><G127/><T103/><D11/><U107/><E107/><V76/><F45/><W97/><G122/><T128/><D128/><U43/><E108/><V31/><F6/><W65/><G65/><T110/><D110/><U130/><E130/><V55/><F5/><W56/><G88/><T70/><D70/><U8/><E8/><V124/><F55/><W126/><G126/><T115/><D115/><U0/><E0/><V132/><F132/><W93/><G93/><T38/><D38/><U1/><E1/><V125/><F125/><W42/><G42/><T15/><D121/><U12/><E12/><V53/><F53/><W75/><G75/><T33/><D33/><U87/><E43/><V22/><REACH who="2" step="1"/><F124/><REACH who="2" ten="265,250,240,235" step="2"/><W118/><G118/><T134/><D134/><U82/><E50/><V49/><F49/><W135/><G135/><T102/><D120/><U48/><E48/><V28/><F28/><W37/><G37/><T129/><D129/><U40/><E40/><V63/><F63/><W60/><G62/><N who="0" m="38223" /><D30/><U100/><E61/><V69/><F69/><W58/><G56/><T83/><D2/><U71/><E71/><V109/><F109/><W74/><G74/><AGARI ba="1,1" hai="17,19,22,27,31,74,76,81,89,94,96,99,101,104" machi="74" ten="30,7700,0" yaku="1,1,7,1,53,2" doraHai="51" doraHaiUra="14" who="2" fromWho="3" sc="265,0,250,0,240,90,235,-80" /><INIT seed="1,0,0,1,1,96" ten="265,250,330,155" oya="1" hai0="97,58,78,87,36,42,29,17,119,92,27,32,52" hai1="75,19,8,102,90,134,128,34,13,103,4,46,89" hai2="61,9,15,117,121,6,40,33,38,122,71,25,98" hai3="10,72,0,62,131,64,57,93,22,107,63,79,23"/><U31/><E75/><V67/><F117/><W82/><G107/><T111/><D119/><U101/><E128/><V54/><F54/><W12/><G131/><T16/><D111/><U74/><E74/><V37/><F40/><W44/><G0/><T70/><D70/><U41/><E134/><V3/><F15/><W130/><G130/><T30/><D30/><U81/><E81/><V49/><F49/><W53/><G44/><T104/><D104/><U86/><E86/><V69/><F71/><W84/><G72/><T106/><D106/><U132/><E132/><V18/><F18/><W68/><REACH who="3" step="1"/><G93/><REACH who="3" ten="265,250,330,145" step="2"/><T112/><D112/><U80/><E80/><V108/><F108/><W45/><G45/><T73/><D73/><U94/><E94/><V110/><F110/><W39/><G39/><T11/><D36/><U7/><E46/><V123/><F98/><W65/><G65/><T100/><D42/><U88/><REACH who="1" step="1"/><E41/><REACH who="1" ten="265,240,330,145" step="2"/><V76/><F123/><W129/><G129/><T124/><D92/><U115/><E115/><V28/><F122/><W85/><G85/><T66/><D78/><U2/><E2/><V114/><F114/><W21/><G21/><T133/><D87/><U24/><AGARI ba="0,2" hai="4,7,8,13,19,24,31,34,88,89,90,101,102,103" machi="24" ten="40,18000,2" yaku="1,1,0,1,52,3,54,1,53,0" doraHai="96" doraHaiUra="50" who="1" fromWho="1" sc="265,-60,240,200,330,-60,145,-60" /><INIT seed="1,1,0,2,3,11" ten="205,440,270,85" oya="1" hai0="64,130,1,84,109,21,27,69,121,127,39,62,54" hai1="134,133,129,70,58,135,14,94,78,73,46,102,113" hai2="83,66,80,20,0,2,128,111,43,107,53,51,55" hai3="114,108,98,7,13,37,48,91,68,3,81,60,29"/><U36/><E70/><V120/><F107/><W45/><G114/><T95/><D1/><U47/><E36/><V28/><F120/><W50/><G108/><T89/><D109/><U116/><E113/><V22/><F111/><W6/><G3/><T23/><D130/><U79/><E129/><V52/><F128/><W25/><G37/><T30/><D127/><U106/><E106/><V56/><F2/><W124/><G124/><T71/><D39/><U87/><E73/><V40/><F0/><W104/><G104/><T35/><D71/><U75/><E75/><V49/><F28/><W72/><G72/><T5/><D5/><U17/><E116/><V122/><F66/><W96/><G81/><N who="2" m="31305" /><F56/><W115/><G115/><T99/><D121/><U101/><E58/><V10/><F10/><W126/><G126/><T44/><D54/><U31/><E31/><V16/><F22/><W117/><G117/><T38/><REACH who="0" step="1"/><D99/><REACH who="0" ten="195,440,270,85" step="2"/><U26/><E135/><V110/><F110/><W93/><G98/><T88/><D88/><N who="1" m="53535" /><E134/><V15/><F122/><W125/><G125/><T132/><D132/><U92/><E133/><V119/><F119/><W105/><G68/><T67/><D67/><U86/><E78/><V12/><F15/><W76/><G13/><T18/><D18/><U65/><E65/><V8/><F8/><W61/><G105/><T118/><D118/><U82/><E26/><V4/><F4/><W100/><G6/><T97/><D97/><U85/><E14/><V42/><AGARI ba="1,1" hai="12,16,20,40,42,43,49,51,52,53,55" m="31305" machi="42" ten="40,8000,1" yaku="8,1,52,1,54,2" doraHai="11" who="2" fromWho="2" sc="195,-21,440,-41,270,93,85,-21" /><INIT seed="2,0,0,5,0,93" ten="174,399,363,64" oya="2" hai0="81,50,129,134,47,40,62,95,32,27,111,128,44" hai1="115,90,96,26,107,130,98,76,70,121,0,102,73" hai2="103,60,57,87,46,69,22,67,2,38,72,88,92" hai3="104,116,29,51,33,114,34,30,53,101,123,19,74"/><V45/><F72/><W80/><G123/><T108/><D81/><N who="1" m="45199" /><E26/><V7/><F38/><W31/><G116/><T49/><D32/><U112/><E70/><V13/><F2/><W37/><G37/><T119/><D27/><U78/><E0/><V71/><F103/><W43/><G43/><N who="0" m="24735" /><D95/><N who="1" m="56439" /><E121/><V9/><F71/><W41/><G41/><T85/><D85/><U125/><E125/><V42/><F42/><W52/><G114/><N who="1" m="43562" /><E130/><N who="0" m="50281" /><D119/><U118/><E118/><V122/><F122/><W16/><G33/><T65/><D134/><U11/><E11/><V63/><REACH who="2" step="1"/><F22/><REACH who="2" ten="174,399,353,64" step="2"/><W120/><G34/><T100/><D100/><U131/><E131/><V5/><F5/><W64/><G120/><T97/><D40/><U25/><E25/><V106/><F106/><W84/><G104/><T15/><D47/><U117/><E117/><V126/><F126/><W3/><G3/><T113/><D113/><U61/><E61/><V127/><F127/><W109/><G109/><T59/><D111/><U91/><E91/><V21/><F21/><W77/><G101/><T56/><D108/><U132/><E78/><V23/><F23/><W58/><G64/><AGARI ba="0,1" hai="7,9,13,45,46,57,60,63,64,67,69,87,88,92" machi="64" ten="30,11600,0" yaku="1,1,7,1,54,1,53,1" doraHai="93" doraHaiUra="83" who="2" fromWho="3" sc="174,0,399,0,353,126,64,-116" owari="174,-22.6,399,19.9,479,57.9,-52,-55.2" /></mjloggm>