<mjloggm ver="2.3"><GO type="41" lobby="0"/><UN n0="%E2%93%9D%4C%75%63%6B%79%4A" n1="%E3%82%89%E3%81%BF%E3%81%BF" n2="%E3%83%96%E3%83%84%E3%82%AB%E3%83%84" n3="%E7%B4%85%E5%AD%94%E9%9B%80%E5%90%8D%E4%BA%BA" dan="13,13,13,14" rate="1858.10,1860.06,1876.62,1916.88" sx="M,F,M,M"/><TAIKYOKU oya="0"/><INIT seed="0,0,0,3,5,26" ten="250,250,250,250" oya="0" hai0="80,17,112,58,71,128,100,117,90,102,30,57,82" hai1="114,60,7,52,24,72,115,49,62,12,83,50,87" hai2="106,127,41,2,28,37,113,105,23,95,135,42,107" hai3="32,5,98,97,133,94,121,21,73,122,119,84,31"/><T35/><D71/><U101/><E101/><V129/><F113/><N who="1" m="43017" /><E72/><V4/><F129/><W14/><G73/><T92/><D112/><U81/><E49/><V46/><F127/><W34/><G119/><T63/><D117/><U15/><E24/><V20/><F135/><W53/><G133/><T88/><D128/><U111/><E111/><V9/><F28/><W118/><G118/><T11/><D35/><U131/><E131/><V45/><REACH who="2" step="1"/><F95/><REACH who="2" ten="250,250,240,250" step="2"/><W64/><G31/><T1/><D30/><U123/><E123/><V96/><F96/><W25/><G94/><T79/><D92/><U120/><E120/><V27/><F27/><W0/><G97/><T85/><D102/><U22/><E81/><V47/><F47/><W44/><G98/><T125/><D125/><U16/><E83/><V99/><F99/><W74/><G44/><T109/><D100/><U104/><E104/><V103/><F103/><W76/><G25/><T3/><D109/><U56/><E87/><V54/><F54/><W51/><G84/><T13/><D58/><U130/><E130/><V110/><F110/><W48/><G122/><T33/><D33/><U66/><E66/><V43/><F43/><W93/><G64/><T91/><REACH who="0" step="1"/><D82/><REACH who="0" ten="240,250,240,250" step="2"/><U40/><E40/><V68/><F68/><W67/><G34/><T8/><D8/><AGARI ba="0,2" hai="7,8,12,15,16,22,50,52,56,60,62" m="43017" machi="8" ten="30,3900,0" yaku="11,1,54,2" doraHai="26" who="1" fromWho="0" sc="240,-39,250,59,240,0,250,0" /><INIT seed="1,0,0,1,2,99" ten="201,309,240,250" oya="1" hai0="89,74,104,34,105,82,135,133,97,69,98,23,28" hai1="40,30,124,33,70,91,47,132,46,126,18,60,58" hai2="102,127,118,55,42,11,72,109,121,67,36,122,12" hai3="92,110,77,39,120,123,54,129,3,31,52,101,128"/><U62/><E70/><V4/><F118/><W114/><G3/><T20/><D28/><U5/><E5/><V130/><F109/><W35/><G39/><T14/><D69/><U125/><E132/><N who="0" m="50761" /><D34/><U56/><E33/><V17/><F130/><W9/><G110/><T95/><D23/><U1/><E30/><V7/><F127/><W59/><G77/><N who="0" m="44343" /><D20/><U8/><E91/><V19/><F72/><W80/><G114/><T25/><D25/><U86/><E86/><V13/><F67/><W38/><G38/><T53/><D53/><N who="1" m="33807" /><E1/><V10/><F55/><W131/><G9/><T6/><D14/><N who="1" m="7495" /><E40/><V103/><F36/><W15/><G15/><T81/><D6/><U32/><E32/><V134/><F134/><W112/><G112/><T57/><D57/><U26/><E26/><V94/><REACH who="2" step="1"/><F94/><REACH who="2" ten="201,309,230,250" step="2"/><W21/><G92/><N who="0" m="56591" /><D81/><U44/><E44/><V43/><AGARI ba="0,1" hai="4,7,10,11,12,13,17,19,42,43,102,103,121,122" machi="43" ten="25,12000,2" yaku="1,1,0,1,22,2,52,2,53,0" doraHai="99" doraHaiUra="27" who="2" fromWho="2" sc="201,-30,309,-60,230,130,250,-30" /><INIT seed="2,0,0,0,4,109" ten="171,249,360,220" oya="2" hai0="2,10,75,91,65,104,105,101,45,36,46,71,61" hai1="26,125,124,134,64,110,17,21,50,0,112,66,88" hai2="53,74,108,57,14,60,96,127,59,122,67,56,6" hai3="99,135,51,126,103,131,87,4,69,113,130,48,82"/><V114/><F122/><W90/><G69/><T5/><D46/><U120/><E0/><V13/><F127/><N who="1" m="48713" /><E110/><V79/><F108/><W30/><G126/><T95/><D101/><U80/><E134/><V119/><F119/><W81/><G4/><T89/><D91/><U3/><E3/><V16/><F114/><W8/><G135/><T39/><D89/><U7/><E7/><V76/><F96/><W54/><G30/><T100/><D95/><U55/><E120/><V106/><F106/><W1/><G82/><T92/><D92/><U85/><E112/><V25/><F74/><W32/><G32/><T38/><D100/><U11/><E11/><N who="2" m="4343" /><F25/><W72/><G72/><T94/><D94/><U83/><E83/><V116/><F116/><W133/><G133/><T107/><D45/><AGARI ba="0,0" hai="17,21,26,45,50,55,64,66,80,85,88" m="48713" machi="45" ten="30,2000,0" yaku="18,1,54,1" doraHai="109" who="1" fromWho="0" sc="171,-20,249,20,360,0,220,0" /><INIT seed="3,0,0,1,2,51" ten="151,269,360,220" oya="3" hai0="71,131,56,17,72,117,73,10,135,42,74,82,83" hai1="48,21,129,19,98,100,29,0,4,94,112,62,81" hai2="44,91,30,130,31,46,47,85,58,2,113,14,133" hai3="99,28,40,122,34,127,15,32,67,6,33,76,20"/><W86/><G122/><T59/><D71/><U126/><E112/><V57/><F113/><W43/><G67/><T108/><D117/><U35/><E129/><V66/><F2/><W110/><G127/><T3/><D42/><U45/><E126/><V116/><F116/><W69/><G69/><T97/><D131/><U132/><E132/><V115/><F115/><W87/><G99/><T78/><D108/><U105/><E35/><V37/><F37/><W53/><G110/><T8/><D97/><U95/><E29/><V38/><F38/><W68/><G68/><T102/><D102/><U80/><E62/><N who="2" m="38223" /><F130/><W26/><G6/><T49/><D135/><U111/><E111/><V114/><F114/><W93/><G15/><T25/><D3/><U103/><E4/><V55/><F14/><W104/><G104/><T125/><D74/><U128/><E105/><V18/><F18/><W7/><G7/><T22/><D125/><U121/><E0/><V13/><F13/><W63/><G87/><T54/><REACH who="0" step="1"/><D59/><REACH who="0" ten="141,269,360,220" step="2"/><U60/><E128/><V64/><F133/><W1/><G1/><T77/><AGARI ba="0,1" hai="8,10,17,22,25,49,54,56,72,73,77,78,82,83" machi="77" ten="30,8000,1" yaku="1,1,2,1,0,1,9,1,52,1,53,0" doraHai="51" doraHaiUra="9" who="0" fromWho="0" sc="141,90,269,-20,360,-20,220,-40" /><INIT seed="4,0,0,0,4,73" ten="231,249,340,180" oya="0" hai0="125,111,92,135,62,103,30,9,74,3,115,86,127" hai1="70,16,100,46,133,107,24,23,29,76,55,66,1" hai2="7,113,27,34,109,126,19,25,51,124,32,4,128" hai3="78,79,44,22,118,47,110,68,49,42,57,20,122"/><T26/><D74/><U13/><E1/><V15/><F51/><W43/><G118/><T77/><D115/><U88/><E133/><V83/><F83/><W96/><G68/><T65/><D135/><U95/><E107/><V6/><F109/><W40/><G110/><T132/><D132/><U48/><E100/><V18/><F113/><W11/><G122/><T130/><D130/><U64/><E70/><V116/><F128/><W5/><G96/><T8/><D3/><U121/><E76/><N who="3" m="29226" /><G57/><T10/><D111/><U56/><E46/><N who="3" m="17450" /><G49/><T67/><D62/><U52/><E55/><V61/><F61/><W105/><G105/><T91/><D103/><U106/><E106/><V90/><F90/><W114/><G114/><T60/><D77/><U31/><E121/><V94/><F94/><W39/><G39/><T89/><D91/><U117/><E117/><V81/><F81/><W84/><G84/><T97/><D86/><N who="1" m="52631" /><E31/><V101/><F101/><W134/><G134/><T119/><D119/><U36/><E36/><V93/><F93/><W112/><G112/><T54/><D54/><U0/><E0/><V87/><F87/><W58/><G58/><T123/><D123/><U108/><E108/><V53/><F53/><W37/><G37/><T35/><REACH who="0" step="1"/><D67/><REACH who="0" ten="221,249,340,180" step="2"/><U72/><E72/><V41/><F116/><W82/><G82/><T71/><AGARI ba="0,1" hai="8,9,10,26,30,35,60,65,71,89,92,97,125,127" machi="71" ten="30,6000,0" yaku="1,1,2,1,0,1,53,0" doraHai="73" doraHaiUra="69" who="0" fromWho="0" sc="221,70,249,-20,340,-20,180,-20" /><INIT seed="4,1,0,4,0,73" ten="291,229,320,160" oya="0" hai0="107,46,9,134,120,33,68,89,8,40,117,94,28" hai1="133,71,21,32,35,114,29,56,55,45,96,81,85" hai2="79,130,43,24,5,80,102,48,118,54,97,19,1" hai3="65,2,129,87,16,44,119,4,58,50,90,3,11"/><T38/><D120/><U77/><E71/><V47/><F130/><W53/><G119/><T112/><D117/><U51/><E133/><V108/><F108/><W62/><G129/><T99/><D134/><U20/><E114/><V59/><F118/><W14/><REACH who="3" step="1"/><G4/><REACH who="3" ten="291,229,320,150" step="2"/><T31/><D112/><U49/><E35/><V15/><F5/><W60/><G60/><T88/><D33/><U64/><E32/><V41/><F1/><W95/><AGARI ba="1,1" hai="2,3,11,14,16,44,50,53,58,62,65,87,90,95" machi="95" ten="20,5200,0" yaku="1,1,0,1,7,1,54,1,53,0" doraHai="73" doraHaiUra="66" who="3" fromWho="3" sc="291,-27,229,-14,320,-14,150,65" /><INIT seed="5,0,0,5,5,56" ten="264,215,306,215" oya="1" hai0="42,83,18,58,85,60,108,5,59,99,25,76,2" hai1="109,27,69,75,105,89,39,92,135,24,51,0,40" hai2="123,94,68,11,111,62,78,110,103,96,101,102,3" hai3="113,115,87,16,88,93,79,13,9,55,38,121,98"/><U37/><E0/><V70/><F123/><W80/><G121/><T130/><D108/><U44/><E69/><V134/><F134/><W43/><G38/><T21/><D130/><U126/><E75/><V119/><F119/><W74/><G43/><T10/><D42/><U122/><E122/><V53/><F78/><W4/><G4/><T106/><D106/><U23/><E105/><V6/><F110/><W63/><G74/><T72/><D99/><U50/><E109/><V35/><F35/><W48/><REACH who="3" step="1"/><G63/><REACH who="3" ten="264,215,306,205" step="2"/><T12/><D72/><U1/><E37/><V125/><F111/><W84/><G84/><T33/><D60/><U31/><E39/><V64/><F125/><W81/><G81/><T116/><D116/><U26/><E126/><V54/><REACH who="2" step="1"/><F70/><REACH who="2" ten="264,215,296,205" step="2"/><W71/><G71/><T19/><D33/><U120/><E120/><V118/><F118/><W90/><G90/><AGARI ba="0,2" hai="3,6,11,53,54,62,64,68,90,94,96,101,102,103" machi="90" ten="40,2600,0" yaku="1,1,52,1,53,0" doraHai="56" doraHaiUra="114" who="2" fromWho="3" sc="264,0,215,0,296,46,205,-26" /><INIT seed="6,0,0,0,4,93" ten="264,215,342,179" oya="2" hai0="97,125,119,11,27,24,47,99,134,81,63,44,117" hai1="100,15,131,46,129,16,91,82,103,110,12,68,34" hai2="70,29,62,135,106,6,65,20,17,51,98,90,107" hai3="84,14,31,118,78,133,120,96,67,7,32,116,71"/><V35/><F135/><W109/><G120/><T76/><D134/><U13/><E68/><V92/><F6/><W18/><G109/><T33/><D63/><U8/><E34/><V23/><F35/><W25/><G133/><T69/><D69/><U108/><E46/><N who="0" m="17449" /><D11/><U54/><E54/><V64/><F64/><W43/><G43/><T75/><D125/><U88/><E15/><V0/><F0/><W66/><G7/><T102/><D102/><U4/><E4/><V124/><F124/><W113/><G113/><T126/><D126/><U61/><E61/><V114/><F114/><W19/><G71/><T59/><D59/><U2/><E8/><V95/><F51/><W53/><G53/><T26/><D33/><U10/><E10/><V50/><F50/><W115/><G115/><T101/><D101/><U60/><E60/><V72/><F72/><W111/><G111/><T94/><D94/><U55/><E55/><V36/><F36/><W38/><G38/><T79/><D79/><U57/><E57/><V1/><F1/><W127/><G127/><T5/><D5/><U22/><E2/><V123/><F123/><W87/><G32/><T74/><D75/><U49/><E49/><V30/><F95/><W48/><G48/><T28/><D28/><N who="2" m="10858" /><F23/><W52/><G31/><T41/><D41/><U37/><E37/><V42/><F42/><W9/><G116/><AGARI ba="0,0" hai="24,26,27,74,76,81,97,99,116,117,119" m="17449" machi="116" ten="30,3900,0" yaku="12,1,52,2" doraHai="93" who="0" fromWho="3" sc="264,39,215,0,342,0,179,-39" /><INIT seed="7,0,0,4,0,47" ten="303,215,342,140" oya="3" hai0="99,86,51,26,43,11,48,123,131,85,127,72,132" hai1="76,50,78,101,97,71,16,135,111,84,114,13,80" hai2="30,69,2,1,14,106,55,31,113,90,7,104,82" hai3="34,110,83,44,95,29,58,73,33,39,112,46,133"/><W121/><G121/><T60/><D123/><U74/><E111/><V28/><F69/><W10/><G110/><T120/><D72/><U126/><E71/><V9/><F113/><W128/><G112/><T40/><D120/><U102/><E114/><V24/><F24/><W64/><G128/><T52/><D99/><U12/><E126/><V54/><F82/><W8/><G133/><T117/><D117/><U79/><E135/><V93/><F55/><W38/><G95/><T3/><D3/><U66/><E66/><V118/><F118/><W124/><G83/><T18/><D11/><U57/><E74/><V49/><F1/><W17/><G58/><N who="0" m="34887" /><D127/><U61/><E50/><N who="0" m="18985" /><D131/><U119/><E119/><V4/><F4/><W37/><G37/><T20/><D132/><U25/><E25/><V59/><REACH who="2" step="1"/><F2/><REACH who="2" ten="303,215,332,140" step="2"/><W35/><G35/><T105/><D105/><U53/><E12/><V107/><F107/><W15/><G15/><T89/><D86/><AGARI ba="0,1" hai="7,9,14,28,30,31,49,54,59,86,90,93,104,106" machi="86" ten="40,2600,0" yaku="1,1,52,1,53,0" doraHai="47" doraHaiUra="122" who="2" fromWho="0" sc="303,-26,215,0,332,36,140,0" owari="277,7.7,215,-18.5,368,46.8,140,-36.0" /></mjloggm>