<mjloggm ver="2.3"><GO type="137" lobby="0"/><UN n0="%53%68%69%72%75%2E%44" n1="%48%61%79%61%62%75%73%61" n2="%E3%81%A7%E3%81%A7%E3%81%95%E3%82%93" n3="%E2%93%9D%4C%75%63%6B%79%4A" dan="12,12,10,12" rate="1692.50,1654.38,1578.80,1826.06" sx="M,M,M,M"/><TAIKYOKU oya="0"/><INIT seed="0,0,0,3,1,117" ten="250,250,250,250" oya="0" hai0="63,119,106,87,108,68,127,13,2,85,24,102,33" hai1="50,10,55,126,134,51,48,16,38,27,56,91,19" hai2="22,30,80,29,112,99,45,123,62,128,93,64,96" hai3="14,82,67,44,79,8,23,25,15,103,76,124,104"/><T75/><D2/><U4/><E134/><V17/><F123/><W59/><G124/><T90/><D119/><U12/><E38/><V81/><F112/><W135/><G104/><T46/><D75/><U77/><E126/><V66/><F128/><W84/><G103/><T9/><D127/><U70/><E70/><V107/><F107/><W52/><G135/><T113/><D113/><U11/><E77/><V97/><F45/><W125/><G125/><T111/><D46/><U86/><E27/><V110/><F110/><N who="0" m="42026" /><D102/><U101/><E101/><V120/><F120/><W89/><G67/><N who="2" m="25641" /><F62/><W43/><G43/><T118/><D106/><U98/><E98/><V78/><F78/><W34/><G44/><T41/><D41/><U37/><E37/><V94/><F22/><W122/><G122/><T20/><D33/><U61/><REACH who="1" step="1"/><E11/><REACH who="1" ten="250,240,250,250" step="2"/><V49/><F49/><N who="3" m="31119" /><G8/><T0/><D0/><U130/><E130/><V42/><F42/><W132/><G132/><T121/><D118/><U5/><E5/><V105/><F105/><W88/><G79/><T21/><D68/><U7/><E7/><V92/><F17/><N who="3" m="12527" /><G34/><T26/><D26/><U133/><E133/><V95/><N who="2" m="23552" /><DORA hai="18" /><V36/><F36/><W131/><G131/><T65/><D24/><U71/><E71/><V83/><AGARI ba="0,1" hai="29,30,80,81,83,96,97,99" m="23552,25641" machi="83" ten="50,8000,1" yaku="29,2,28,2,8,1" doraHai="117,18" who="2" fromWho="2" sc="250,-40,240,-20,250,90,250,-20" /><INIT seed="1,0,0,2,3,17" ten="210,220,340,230" oya="1" hai0="87,23,81,57,28,109,29,19,103,86,99,108,5" hai1="119,12,32,4,104,120,131,127,48,35,55,45,69" hai2="14,44,84,90,3,116,76,101,114,94,130,110,24" hai3="122,106,78,121,46,10,15,67,79,91,7,74,54"/><U132/><E104/><V25/><F116/><W93/><G106/><T107/><D5/><U53/><E69/><V113/><F3/><W100/><G100/><T11/><D11/><U2/><E119/><V126/><F76/><W63/><G122/><T133/><D133/><U36/><E2/><V118/><F118/><W92/><G93/><T16/><D57/><U95/><E36/><V124/><F110/><N who="0" m="42602" /><D19/><U56/><E120/><V22/><F101/><W59/><G74/><T135/><D135/><U51/><E132/><V66/><F130/><W43/><G67/><T64/><D64/><U49/><E131/><V72/><F72/><W41/><G121/><T40/><D40/><U71/><E71/><V34/><F34/><W20/><G20/><T128/><D128/><U58/><E127/><N who="2" m="48683" /><F66/><W75/><G75/><T13/><D87/><U102/><E35/><V105/><F105/><W129/><G43/><T6/><D6/><U26/><E32/><V123/><F123/><W62/><G63/><T73/><D73/><U8/><E26/><N who="2" m="10347" /><F44/><W27/><G27/><T97/><D97/><U88/><E102/><V60/><F60/><W83/><G129/><T112/><D112/><N who="2" m="43114" /><F14/><W96/><G15/><T80/><D80/><U31/><E31/><V61/><F61/><W111/><G111/><T52/><D52/><U117/><E117/><V37/><F37/><N who="3" m="21807" /><G83/><T0/><D0/><U98/><REACH who="1" step="1"/><E45/><REACH who="1" ten="210,210,340,230" step="2"/><V30/><F30/><W125/><G125/><T89/><AGARI ba="0,1" hai="13,16,23,28,29,81,86,89,99,103,107" m="42602" machi="89" ten="30,4000,0" yaku="14,1,52,1,54,1" doraHai="17" who="0" fromWho="0" sc="210,50,210,-20,340,-10,230,-10" /><INIT seed="2,0,0,1,5,54" ten="260,190,330,220" oya="2" hai0="73,116,75,111,32,71,80,69,84,39,5,56,67" hai1="43,46,23,16,101,70,34,83,38,135,21,53,6" hai2="4,93,41,60,55,30,117,87,57,134,127,85,64" hai3="18,89,129,62,9,122,11,42,115,58,47,113,79"/><V123/><F123/><W133/><G122/><T50/><D32/><U74/><E34/><V99/><F117/><W22/><G79/><T25/><D25/><U36/><E70/><V109/><F127/><W28/><G89/><T8/><D39/><U124/><E124/><V63/><F41/><W17/><G28/><T59/><D111/><U119/><E119/><V33/><F134/><W90/><G90/><T27/><D27/><U110/><E21/><V7/><F109/><W125/><G129/><T91/><D116/><U106/><E110/><V78/><F33/><W112/><G133/><T12/><D73/><U65/><E6/><V95/><F30/><W76/><G76/><T118/><D75/><U66/><E38/><V131/><F131/><W15/><G18/><T68/><D118/><U132/><E53/><V104/><F104/><W0/><G0/><T92/><D67/><U88/><E135/><V31/><F31/><W37/><REACH who="3" step="1"/><G125/><REACH who="3" ten="260,190,330,210" step="2"/><T3/><D3/><U77/><E132/><V61/><F78/><W45/><G45/><T10/><D8/><U35/><E88/><N who="2" m="55719" /><F85/><W13/><G13/><T121/><D121/><U72/><E35/><V105/><F105/><W40/><G40/><T1/><D1/><U98/><REACH who="1" step="1"/><E72/><REACH who="1" ten="260,180,330,210" step="2"/><V128/><F128/><W94/><G94/><T97/><REACH who="0" step="1"/><D50/><REACH who="0" ten="250,180,330,210" step="2"/><U49/><E49/><N who="2" m="30959" /><F64/><AGARI ba="0,3" hai="9,11,15,17,22,37,42,47,58,62,64,112,113,115" machi="64" ten="40,5200,0" yaku="1,1,11,1,52,1,53,0" doraHai="54" doraHaiUra="20" who="3" fromWho="2" sc="250,0,180,0,330,-52,210,82" /><INIT seed="3,0,0,1,3,90" ten="250,180,278,292" oya="3" hai0="98,1,114,60,75,61,6,83,9,33,133,102,21" hai1="128,53,76,95,32,122,112,87,134,52,14,91,106" hai2="131,39,67,57,56,116,3,70,36,80,31,65,29" hai3="35,96,25,15,0,71,54,105,64,16,7,77,86"/><W73/><G73/><T43/><D33/><U24/><E106/><V119/><F131/><W82/><G0/><T130/><D43/><U28/><E112/><V45/><F3/><W99/><G105/><T11/><D133/><U55/><E122/><V8/><F80/><W17/><G71/><T89/><D130/><U101/><E134/><V135/><F135/><W113/><G64/><T120/><D120/><U18/><E101/><V118/><F70/><W108/><G113/><T44/><D44/><U79/><REACH who="1" step="1"/><E128/><REACH who="1" ten="250,170,278,292" step="2"/><V74/><F74/><W48/><G108/><T81/><D102/><U97/><E97/><V49/><F8/><AGARI ba="0,1" hai="8,14,18,24,28,32,52,53,55,76,79,87,91,95" machi="8" ten="40,8000,1" yaku="1,1,52,1,54,1,53,1" doraHai="90" doraHaiUra="23" who="1" fromWho="2" sc="250,0,170,90,278,-80,292,0" /><INIT seed="4,0,0,5,2,95" ten="250,260,198,292" oya="0" hai0="19,48,74,17,93,86,21,30,126,20,16,77,91" hai1="73,28,61,45,81,23,84,127,1,32,25,3,129" hai2="109,56,78,40,128,35,69,119,106,104,99,85,135" hai3="59,53,75,66,103,101,100,114,79,88,108,18,52"/><T14/><D126/><U46/><E73/><V123/><F123/><W64/><G108/><T68/><D68/><U118/><E118/><V24/><F119/><W110/><G110/><T80/><D30/><U96/><E127/><V72/><F109/><W92/><G114/><T47/><REACH who="0" step="1"/><D21/><REACH who="0" ten="240,260,198,292" step="2"/><U70/><E129/><V27/><F135/><W58/><G75/><T82/><D82/><U133/><E133/><V38/><F128/><W94/><G18/><T57/><D57/><U63/><E32/><V33/><F72/><W9/><G9/><T71/><D71/><U60/><E70/><V76/><F69/><W112/><G112/><T31/><D31/><U39/><E39/><V22/><F22/><W132/><G132/><T15/><D15/><U49/><E3/><V51/><F38/><W117/><G117/><T107/><D107/><U115/><E1/><V36/><F36/><W6/><G59/><T34/><D34/><U83/><E115/><V116/><F116/><W134/><G58/><T67/><D67/><U12/><E12/><V50/><F56/><W29/><G29/><T8/><D8/><U4/><E4/><V10/><F10/><W41/><G6/><T65/><D65/><U89/><E81/><V131/><F131/><W102/><G66/><T42/><AGARI ba="0,1" hai="14,16,17,19,20,42,47,48,74,77,80,86,91,93" machi="42" ten="20,7800,0" yaku="1,1,0,1,7,1,54,1,53,0" doraHai="95" doraHaiUra="120" who="0" fromWho="0" sc="240,88,260,-26,198,-26,292,-26" /><INIT seed="4,1,0,1,0,118" ten="328,234,172,266" oya="0" hai0="45,91,4,33,5,70,64,7,77,78,39,50,14" hai1="94,10,122,58,11,110,21,18,47,53,123,87,52" hai2="106,101,60,48,17,109,44,80,99,61,130,113,103" hai3="86,29,40,128,129,31,127,37,97,107,71,88,124"/><T75/><D39/><U20/><E47/><V66/><F109/><W42/><G71/><T74/><D33/><U34/><E110/><V32/><F113/><W96/><G37/><T121/><D64/><U100/><E34/><V25/><F130/><N who="3" m="50283" /><G31/><T49/><D70/><U82/><E100/><V27/><F103/><N who="3" m="62959" /><G29/><T35/><D35/><U57/><E94/><V24/><F80/><N who="3" m="49223" /><G96/><T81/><D14/><U111/><E111/><V68/><F60/><W119/><G119/><T41/><D50/><U63/><E82/><V135/><F135/><W92/><G92/><T55/><D41/><AGARI ba="1,0" hai="40,41,42,124,127" m="49223,62959,50283" machi="41" ten="30,2000,0" yaku="19,1,54,1" doraHai="118" who="3" fromWho="0" sc="328,-23,234,0,172,0,266,23" /><INIT seed="5,0,0,1,2,35" ten="305,234,172,289" oya="1" hai0="76,39,3,89,64,13,72,60,63,129,130,131,79" hai1="133,2,101,48,50,135,21,34,4,99,118,15,17" hai2="51,58,32,5,44,102,123,10,94,59,62,65,22" hai3="61,23,6,124,128,87,25,84,71,95,16,85,114"/><U110/><E34/><V132/><F123/><W37/><G37/><T42/><D42/><U96/><E118/><V109/><F109/><W53/><G128/><T41/><D3/><U45/><E110/><V86/><F132/><N who="1" m="50761" /><E101/><V88/><F32/><W70/><G114/><T108/><D108/><U103/><E48/><V69/><F102/><W97/><G6/><T49/><D39/><U73/><E73/><V40/><REACH who="2" step="1"/><F22/><REACH who="2" ten="305,234,162,289" step="2"/><W105/><G124/><T119/><D131/><U81/><E103/><V14/><AGARI ba="0,1" hai="5,10,14,40,44,51,58,59,62,65,69,86,88,94" machi="14" ten="20,12000,2" yaku="1,1,2,1,0,1,7,1,54,1,53,1" doraHai="35" doraHaiUra="36" who="2" fromWho="2" sc="305,-30,234,-60,162,130,289,-30" /><INIT seed="6,0,0,0,0,132" ten="275,174,292,259" oya="2" hai0="32,135,116,115,99,119,106,123,64,108,117,127,2" hai1="17,96,20,66,33,97,23,92,1,90,122,5,103" hai2="24,72,69,29,82,133,3,95,129,22,104,65,30" hai3="19,46,74,4,94,27,85,102,110,73,35,10,76"/><V43/><F104/><W49/><G110/><T15/><RYUUKYOKU type="yao9" ba="0,0" sc="275,0,174,0,292,0,259,0" hai0="2,15,32,64,99,106,108,115,116,117,119,123,127,135" /><INIT seed="6,1,0,4,2,28" ten="275,174,292,259" oya="2" hai0="64,134,133,23,120,36,59,43,7,75,130,106,49" hai1="32,35,40,96,103,14,98,95,11,51,123,3,99" hai2="104,0,29,89,72,17,31,132,27,48,6,34,121" hai3="2,108,20,127,46,93,47,131,67,119,24,37,117"/><V55/><F121/><W69/><G2/><T78/><D120/><U92/><E3/><V107/><F72/><W101/><G108/><T74/><D106/><U30/><E30/><V58/><F132/><N who="0" m="50794" /><D36/><U45/><E99/><V90/><F29/><W10/><G10/><T42/><D130/><U110/><E123/><V22/><F104/><W71/><G67/><T57/><D7/><U38/><E110/><V115/><F107/><W114/><G93/><T135/><D23/><U82/><E82/><V5/><F115/><W52/><G101/><T105/><D105/><U39/><E38/><V87/><F0/><W65/><G65/><T41/><N who="0" m="50802" /><T116/><DORA hai="13" /><D116/><U94/><E39/><V88/><REACH who="2" step="1"/><F87/><REACH who="2" ten="275,174,282,259" step="2"/><W9/><G114/><T118/><D118/><U68/><E68/><V53/><F53/><W81/><G52/><N who="0" m="31887" /><D78/><U1/><E1/><V86/><F86/><W21/><G119/><T54/><D64/><U113/><E113/><V125/><F125/><W18/><G127/><T56/><D54/><U83/><E83/><V12/><AGARI ba="1,1" hai="5,6,12,17,22,27,31,34,48,55,58,88,89,90" machi="12" ten="30,18000,2" yaku="1,1,0,1,52,2,54,1,53,1" doraHai="28,13" doraHaiUra="50,126" who="2" fromWho="2" sc="275,-61,174,-61,282,193,259,-61" /><INIT seed="6,2,0,1,3,79" ten="214,113,475,198" oya="2" hai0="3,100,132,60,101,111,28,8,70,34,118,47,4" hai1="55,23,105,117,27,40,16,68,84,57,92,73,99" hai2="124,123,129,110,95,14,98,87,80,45,17,29,59" hai3="6,22,130,18,1,48,10,109,20,125,74,106,63"/><V90/><F123/><W51/><G109/><T77/><D111/><U97/><E68/><V25/><F124/><W112/><G106/><T94/><D132/><U120/><E73/><V96/><F129/><W32/><G22/><T131/><D131/><U65/><E117/><V19/><F110/><W58/><G130/><T88/><D77/><U133/><E133/><V113/><F113/><W127/><G32/><T128/><D128/><U12/><E105/><V91/><F45/><W103/><G103/><T2/><D2/><U69/><E40/><V50/><F98/><W53/><G74/><T72/><D72/><U54/><E69/><V41/><F29/><W44/><G112/><T39/><D28/><U49/><E65/><V71/><F71/><W83/><G83/><T26/><D26/><U36/><E36/><V30/><F59/><W76/><G76/><T56/><D34/><U9/><E120/><V107/><F41/><W24/><REACH who="3" step="1"/><G51/><REACH who="3" ten="214,113,475,188" step="2"/><T67/><D118/><U37/><E37/><V104/><F107/><W21/><G21/><T108/><D108/><U66/><E66/><AGARI ba="2,1" hai="1,6,10,18,20,24,44,48,53,58,63,66,125,127" machi="66" ten="40,2600,0" yaku="1,1,53,1" doraHai="79" doraHaiUra="0" who="3" fromWho="1" sc="214,0,113,-32,475,0,188,42" /><INIT seed="7,0,0,0,1,118" ten="214,81,475,230" oya="3" hai0="11,100,116,30,51,47,115,82,27,3,21,135,120" hai1="22,55,45,132,111,90,6,44,43,13,94,131,77" hai2="46,107,69,31,52,40,80,108,74,129,15,79,60" hai3="65,73,103,83,58,133,49,109,78,93,88,14,7"/><W28/><G109/><T23/><D116/><U72/><E111/><V110/><F107/><W101/><G28/><T105/><D135/><U10/><E131/><V35/><F129/><W25/><G25/><T34/><D82/><U75/><E132/><V117/><F117/><W71/><G133/><T57/><D57/><U104/><E104/><V63/><F69/><W42/><G71/><T26/><D100/><U99/><E77/><V97/><F108/><W113/><G113/><T84/><D84/><U89/><E75/><V9/><F110/><W134/><G134/><T119/><D105/><U61/><E72/><V62/><F97/><W18/><G7/><T50/><D119/><U33/><E33/><V36/><F35/><W5/><G5/><T124/><D47/><U130/><E130/><V32/><F32/><W85/><G42/><T29/><D34/><U20/><E90/><V121/><F121/><W16/><G18/><T24/><D24/><U123/><E123/><V59/><REACH who="2" step="1"/><F31/><REACH who="2" ten="214,81,465,230" step="2"/><W8/><REACH who="3" step="1"/><G65/><REACH who="3" ten="214,81,465,220" step="2"/><T86/><D30/><U126/><E126/><V1/><F1/><W87/><G87/><T39/><D29/><U37/><E44/><V91/><F91/><W4/><G4/><AGARI ba="0,2" hai="4,9,15,36,40,46,52,59,60,62,63,74,79,80" machi="4" ten="30,7700,0" yaku="1,1,7,1,54,1,53,1" doraHai="118" doraHaiUra="41" who="2" fromWho="3" sc="214,0,81,0,465,97,220,-77" owari="214,1.4,81,-41.9,562,66.2,143,-25.7" /></mjloggm>