<mjloggm ver="2.3"><GO type="41" lobby="0"/><UN n0="%74%6B" n1="%68%69%4E%61" n2="%E3%82%80%E3%81%97%E6%AD%AF" n3="%E2%93%9D%4C%75%63%6B%79%4A" dan="13,14,16,13" rate="1903.26,1987.30,2127.16,1808.96" sx="M,M,M,M"/><TAIKYOKU oya="0"/><INIT seed="0,0,0,2,3,49" ten="250,250,250,250" oya="0" hai0="65,32,33,24,74,18,105,77,64,44,97,8,2" hai1="111,84,21,59,126,62,75,99,57,101,95,66,29" hai2="92,82,122,81,78,96,34,68,98,31,19,25,11" hai3="89,60,51,100,53,67,93,54,42,35,110,15,72"/><T38/><BYE who="2" /><D105/><UN n2="%E3%82%80%E3%81%97%E6%AD%AF" /><U7/><E111/><V115/><F122/><W9/><G35/><T48/><D97/><U36/><E75/><V76/><F115/><W63/><G72/><T71/><D71/><U22/><E36/><V116/><F68/><W79/><G79/><T12/><D38/><U114/><E126/><V129/><F129/><W73/><G73/><T132/><D132/><U16/><E7/><V125/><F125/><W80/><G80/><T6/><D33/><U13/><E114/><V88/><F116/><W0/><G0/><T4/><D4/><U87/><E59/><V130/><F130/><W83/><G83/><T47/><D47/><U134/><E134/><V86/><F98/><N who="3" m="57647" /><G100/><T90/><D90/><U39/><E39/><V128/><F128/><W112/><G67/><T27/><D27/><AGARI ba="0,0" hai="13,16,21,22,27,29,57,62,66,84,87,95,99,101" machi="27" ten="40,8000,1" yaku="25,2,8,1,54,1" doraHai="49" who="1" fromWho="0" sc="250,-80,250,80,250,0,250,0" /><INIT seed="1,0,0,1,0,40" ten="170,330,250,250" oya="1" hai0="29,11,120,95,27,109,23,43,46,119,99,118,44" hai1="104,103,92,101,12,80,45,97,52,61,4,50,70" hai2="34,8,77,7,128,84,79,88,91,87,132,53,69" hai3="98,86,82,49,58,117,126,63,48,85,122,78,113"/><U83/><E104/><V9/><F34/><W28/><G113/><T90/><D109/><U129/><E129/><V89/><F128/><W22/><G122/><T5/><D120/><U102/><E70/><V133/><F69/><W30/><G126/><T105/><D105/><U67/><E67/><V17/><F17/><W36/><G36/><T25/><D25/><U19/><E61/><V130/><F130/><W94/><G86/><N who="2" m="32809" /><F53/><W13/><G117/><T35/><D35/><U115/><E4/><V75/><F75/><W42/><G42/><T59/><D59/><U68/><E68/><V60/><F60/><W73/><G73/><T65/><D65/><U112/><E115/><V106/><F106/><W81/><G82/><N who="1" m="31274" /><E112/><V31/><F31/><W134/><G30/><T72/><D72/><U47/><E47/><V74/><F74/><W51/><G28/><T15/><REACH who="0" step="1"/><D46/><REACH who="0" ten="160,330,250,250" step="2"/><U54/><E54/><V56/><F56/><W124/><G58/><T2/><D2/><U127/><E127/><V3/><F9/><AGARI ba="0,1" hai="9,12,19,45,50,52,92,97,101,102,103" m="31274" machi="9" ten="30,5800,0" yaku="8,1,52,1,54,1" doraHai="40" who="1" fromWho="2" sc="160,0,330,68,250,-58,250,0" /><INIT seed="1,1,0,1,3,98" ten="160,398,192,250" oya="1" hai0="14,31,103,117,128,85,63,94,52,95,135,114,18" hai1="54,84,108,57,17,25,91,96,30,56,42,0,39" hai2="12,22,44,34,41,65,64,110,43,59,93,33,29" hai3="126,37,8,104,119,35,58,134,48,90,9,49,66"/><U28/><E56/><V127/><F110/><W10/><G35/><T74/><D117/><U79/><E0/><V47/><F127/><W122/><G104/><T112/><D74/><U123/><E108/><V51/><F93/><W1/><G37/><T40/><D135/><U45/><E17/><V53/><F12/><W77/><G77/><T4/><D128/><U6/><E6/><V60/><F22/><W69/><G122/><T76/><D40/><N who="2" m="15434" /><F29/><W11/><G69/><T5/><D31/><U130/><E25/><V101/><F101/><W80/><G134/><T16/><D18/><U99/><E130/><V87/><F87/><N who="3" m="50535" /><G119/><T32/><D32/><U20/><E28/><V89/><F89/><W118/><G126/><T125/><D125/><U113/><E30/><V97/><F97/><W70/><G70/><T82/><D94/><U27/><E99/><V72/><F72/><W71/><G71/><T62/><D62/><U75/><E96/><V105/><F105/><W55/><G118/><T15/><D15/><U131/><E79/><V121/><F121/><W88/><G88/><N who="0" m="53647" /><D103/><U120/><E75/><V100/><F100/><W78/><G78/><T67/><D112/><U92/><E113/><V81/><F81/><W132/><G132/><T115/><D114/><U111/><E111/><V23/><F34/><W124/><G124/><T13/><D13/><U21/><E131/><V106/><F106/><W116/><G116/><T61/><D115/><U102/><E120/><V129/><F33/><W7/><G49/><T50/><D76/><U68/><E123/><V26/><F129/><RYUUKYOKU ba="1,0" sc="160,-10,398,-10,192,-10,250,30" hai3="1,7,8,9,10,11,48,55,58,66" /><INIT seed="2,2,0,5,1,28" ten="150,388,182,280" oya="2" hai0="15,5,123,133,122,86,6,76,88,55,106,125,62" hai1="59,126,33,27,60,87,77,128,39,82,102,99,38" hai2="78,79,84,93,44,42,85,96,115,63,107,23,16" hai3="100,54,31,37,41,9,22,45,120,135,50,104,109"/><V20/><F115/><W32/><G120/><T75/><D125/><U19/><E128/><V25/><F107/><W35/><G109/><T101/><D133/><U81/><E81/><V53/><F23/><W51/><G135/><T58/><D15/><U65/><E19/><V4/><F4/><W132/><G132/><T66/><D122/><U40/><E40/><V124/><F124/><W14/><G51/><T61/><D123/><U71/><E59/><N who="2" m="35311" /><F44/><W72/><G72/><T0/><D76/><N who="2" m="29226" /><F42/><W47/><G22/><T131/><D131/><U43/><E43/><V129/><F129/><W8/><G31/><T94/><D75/><U29/><REACH who="1" step="1"/><E126/><REACH who="1" ten="150,378,182,280" step="2"/><V105/><F105/><AGARI ba="2,1" hai="27,29,33,38,39,60,65,71,77,82,87,99,102,105" machi="105" ten="30,12000,2" yaku="1,1,2,1,7,1,25,2,52,1,53,0" doraHai="28" doraHaiUra="111" who="1" fromWho="2" sc="150,0,378,136,182,-126,280,0" /><INIT seed="3,0,0,3,5,115" ten="150,514,56,280" oya="3" hai0="52,29,36,19,78,127,71,114,93,23,55,75,37" hai1="3,80,1,12,60,130,107,92,119,34,103,33,120" hai2="81,97,70,111,83,91,31,118,109,122,20,72,41" hai3="116,124,66,45,17,98,102,24,131,87,123,49,61"/><W57/><G123/><T8/><D71/><U63/><E80/><V69/><F41/><W7/><G131/><T25/><D75/><U112/><E12/><V126/><F126/><W14/><G124/><T39/><D78/><U35/><E107/><V121/><F20/><W88/><G116/><T32/><D114/><U90/><E103/><V129/><F31/><W42/><G7/><T48/><D127/><U30/><E30/><V85/><F129/><W54/><G24/><T84/><D8/><U27/><E27/><V77/><F70/><W110/><G110/><N who="2" m="41993" /><F69/><W26/><G26/><T10/><D10/><U40/><E40/><V11/><F11/><W44/><G102/><T51/><D84/><U2/><E120/><N who="2" m="46187" /><F97/><W94/><G98/><T95/><D23/><U105/><E35/><V99/><F99/><W53/><REACH who="3" step="1"/><G45/><REACH who="3" ten="150,514,56,270" step="2"/><T67/><D19/><U4/><E130/><V22/><F22/><AGARI ba="0,1" hai="14,17,22,42,44,49,53,54,57,61,66,87,88,94" machi="22" ten="30,12000,1" yaku="1,1,2,1,7,1,8,1,54,1,53,0" doraHai="115" doraHaiUra="108" who="3" fromWho="2" sc="150,0,514,0,56,-120,270,130" owari="150,-25.0,514,61.4,-64,-56.4,400,20.0" /></mjloggm>