<mjloggm ver="2.3"><GO type="41" lobby="0"/><UN n0="%E2%93%9D%4C%75%63%6B%79%4A" n1="%E6%A5%B5%53%6F%6D%73%61%6B" n2="%E3%81%97%E3%81%8B%E8%8C%B6" n3="%E5%9F%8E%E5%8F%A3" dan="17,13,15,14" rate="2170.19,1838.49,2028.16,1908.73" sx="M,M,F,M"/><TAIKYOKU oya="0"/><INIT seed="0,0,0,2,4,66" ten="250,250,250,250" oya="0" hai0="36,10,114,14,21,70,40,26,72,44,88,62,16" hai1="1,0,17,100,101,46,111,113,82,94,115,54,83" hai2="118,2,53,119,126,43,19,79,51,69,106,124,23" hai3="74,55,58,107,24,7,39,71,133,78,13,65,86"/><T64/><D72/><U38/><E111/><V105/><F2/><W57/><G74/><T129/><D129/><U68/><E17/><V67/><F79/><W52/><G39/><T132/><D132/><U28/><E28/><V131/><F19/><W61/><G107/><N who="2" m="40969" /><F23/><W29/><G133/><T3/><D114/><U135/><E135/><V33/><F33/><W85/><G78/><T60/><D62/><U56/><E1/><V27/><F27/><W31/><G31/><T6/><REACH who="0" step="1"/><D88/><REACH who="0" ten="240,250,250,250" step="2"/><U59/><E113/><V84/><F131/><W34/><G7/><T91/><D91/><U108/><E115/><V75/><F75/><W97/><G97/><T18/><D18/><U41/><E101/><V76/><F84/><W20/><G85/><T112/><D112/><U93/><E100/><V42/><F76/><W92/><G86/><T117/><D117/><U104/><E104/><V50/><F119/><W102/><G102/><T11/><D11/><U110/><E110/><V98/><F98/><W48/><G92/><T32/><D32/><U122/><E108/><V121/><F118/><W15/><G34/><T8/><D8/><U49/><E94/><V47/><F121/><W9/><G9/><T130/><D130/><U80/><E93/><V22/><F22/><W103/><G103/><T77/><D77/><U89/><E122/><V116/><F116/><W45/><G45/><T25/><AGARI ba="0,1" hai="3,6,10,14,16,21,25,26,36,40,44,60,64,70" machi="25" ten="30,11700,0" yaku="1,1,0,1,52,1,54,1,53,0" doraHai="66" doraHaiUra="87" who="0" fromWho="0" sc="240,127,250,-39,250,-39,250,-39" /><INIT seed="0,1,0,5,3,72" ten="367,211,211,211" oya="0" hai0="106,86,40,57,89,56,107,54,69,92,65,88,27" hai1="126,132,64,100,32,117,75,60,5,39,36,127,29" hai2="52,110,22,33,50,129,85,73,113,26,121,102,96" hai3="134,112,61,109,133,19,125,70,87,37,35,44,12"/><T124/><D69/><N who="1" m="42119" /><E117/><V13/><F73/><W76/><G112/><T83/><D124/><N who="1" m="47659" /><E100/><V79/><F113/><W34/><G125/><T23/><D40/><U49/><E49/><V101/><F110/><W111/><G70/><T82/><D65/><U123/><E5/><V128/><F121/><W135/><G61/><T80/><D89/><U25/><E123/><V118/><F118/><W81/><G37/><N who="1" m="14410" /><E75/><V71/><F71/><W18/><G44/><T17/><REACH who="0" step="1"/><D57/><REACH who="0" ten="357,211,211,211" step="2"/><U46/><E46/><V45/><F45/><W20/><REACH who="3" step="1"/><G19/><REACH who="3" ten="357,211,211,201" step="2"/><T62/><AGARI ba="1,2" hai="17,23,27,54,56,62,80,82,83,86,88,92,106,107" machi="62" ten="30,12000,1" yaku="1,1,2,1,0,1,54,1,53,1" doraHai="72" doraHaiUra="59" who="0" fromWho="0" sc="357,143,211,-41,211,-41,201,-41" /><INIT seed="0,2,0,5,5,36" ten="500,170,170,160" oya="0" hai0="29,43,59,24,85,70,101,75,2,92,39,99,47" hai1="111,20,34,80,57,46,110,68,38,14,45,30,21" hai2="27,109,69,60,52,91,135,65,76,9,94,56,3" hai3="13,131,18,50,42,81,133,127,128,83,35,90,106"/><T19/><D70/><U107/><E107/><V5/><F109/><W97/><G133/><T22/><D75/><U16/><E68/><V26/><F76/><W117/><G117/><T11/><D85/><U119/><E119/><V67/><F135/><W17/><G127/><T100/><D59/><U134/><E134/><V78/><F78/><W125/><G125/><T79/><D79/><U61/><E34/><V102/><F102/><N who="3" m="62799" /><G35/><T15/><REACH who="0" step="1"/><D2/><REACH who="0" ten="490,170,170,160" step="2"/><U87/><E57/><V51/><F69/><W130/><G130/><T112/><D112/><U10/><E61/><V93/><F60/><W114/><G131/><T124/><D124/><U118/><E118/><V82/><F3/><W121/><G114/><T98/><D98/><U89/><E45/><V7/><F56/><W108/><G128/><T23/><D23/><U8/><E21/><V103/><F9/><W31/><G121/><T73/><D73/><U129/><E129/><V62/><F62/><W104/><G83/><T105/><D105/><U132/><E132/><V12/><F82/><W37/><G81/><T49/><D49/><U63/><E63/><V6/><F51/><W120/><G50/><T48/><D48/><U113/><E113/><V54/><F93/><W0/><G104/><T28/><D28/><U86/><E30/><V122/><F94/><W116/><G31/><T41/><D41/><N who="1" m="22839" /><E86/><V96/><F96/><W74/><G116/><T126/><D126/><U32/><E32/><V55/><F122/><W44/><G74/><T64/><D64/><U33/><E33/><V25/><F67/><W77/><G120/><RYUUKYOKU ba="2,1" sc="490,15,170,15,170,-15,160,-15" hai0="11,15,19,22,24,29,39,43,47,92,99,100,101" hai1="8,10,14,16,20,80,87,89,110,111" /><INIT seed="0,3,1,5,1,6" ten="505,185,155,145" oya="0" hai0="73,68,132,125,133,122,8,13,135,123,20,33,4" hai1="24,101,120,9,56,117,27,18,129,58,105,69,5" hai2="78,66,43,17,91,38,1,79,104,7,32,26,47" hai3="12,97,124,86,93,60,29,64,81,30,40,85,65"/><T63/><D73/><U11/><E120/><N who="0" m="46121" /><D33/><U0/><E117/><V98/><F66/><W76/><G124/><T119/><D119/><U15/><E69/><V92/><F104/><W21/><G40/><T90/><D90/><U10/><E129/><V109/><F109/><W111/><G111/><T126/><D63/><U2/><E101/><V128/><F128/><W42/><G42/><T45/><D68/><U112/><E105/><V99/><F99/><W89/><G65/><T34/><D34/><U53/><E58/><V103/><F103/><W118/><G118/><T77/><D77/><U95/><E95/><V22/><REACH who="2" step="1"/><F32/><REACH who="2" ten="505,185,145,145" step="2"/><W31/><G97/><T75/><D75/><U37/><E112/><V100/><F100/><W48/><G48/><T67/><D67/><U82/><E37/><V19/><F19/><W44/><G31/><T131/><D131/><U127/><E127/><N who="0" m="48649" /><D45/><U87/><E87/><V116/><F116/><W49/><G64/><T96/><D96/><U130/><E130/><V39/><F39/><W28/><G85/><T121/><D121/><U41/><E82/><V80/><F80/><W107/><G81/><T62/><D62/><U16/><E18/><V134/><F134/><W106/><G86/><T54/><D54/><U59/><E53/><V71/><F71/><W88/><G44/><T61/><D61/><U84/><E84/><V3/><F3/><W108/><G60/><T70/><D70/><U23/><E41/><V35/><F35/><W113/><G108/><T74/><D74/><U46/><E46/><V102/><F102/><W72/><G30/><RYUUKYOKU ba="3,2" sc="505,15,185,-15,145,15,145,-15" hai0="4,8,13,20,132,133,135" hai2="1,7,17,22,26,38,43,47,78,79,91,92,98" /><INIT seed="0,4,2,3,4,105" ten="520,170,160,130" oya="0" hai0="36,35,59,132,84,125,118,134,99,110,75,129,91" hai1="109,73,58,51,87,116,74,26,113,70,98,96,63" hai2="21,45,86,101,103,43,22,42,94,77,72,9,53" hai3="106,33,108,29,18,67,47,130,68,11,88,31,123"/><T6/><D118/><U122/><E116/><V15/><F72/><W79/><G106/><T61/><D35/><U64/><E122/><V5/><F53/><W27/><G123/><T4/><D36/><U1/><E1/><V57/><F57/><W25/><G108/><T2/><D129/><U14/><E109/><V128/><F128/><W12/><G130/><T92/><D75/><U119/><E119/><V71/><F71/><W89/><G79/><T23/><D23/><U82/><E96/><V85/><F42/><W76/><G76/><T66/><D125/><U52/><E98/><V54/><F54/><W46/><G46/><T16/><D16/><U20/><E14/><V93/><F93/><W135/><G135/><N who="0" m="51755" /><D2/><U111/><E111/><V41/><F41/><W3/><G3/><T13/><D13/><U7/><E7/><N who="0" m="2601" /><D110/><U24/><E24/><V107/><F107/><W37/><G37/><T8/><D8/><U44/><E70/><V28/><F28/><W97/><G97/><AGARI ba="4,2" hai="59,61,66,84,91,92,97,99" m="2601,51755" machi="97" ten="30,1500,0" yaku="20,1" doraHai="105" who="0" fromWho="3" sc="520,47,170,0,160,0,130,-27" /><INIT seed="0,5,0,0,5,55" ten="567,170,160,103" oya="0" hai0="26,127,67,24,123,30,74,72,121,94,27,71,36" hai1="37,104,107,40,15,29,90,83,118,44,6,82,134" hai2="115,76,22,129,126,128,68,23,132,13,54,95,125" hai3="103,39,47,100,32,63,11,3,51,73,58,35,61"/><T80/><D36/><U7/><E118/><V78/><F68/><W46/><G73/><T19/><D30/><U70/><E70/><V33/><F54/><W4/><G39/><T122/><D127/><N who="2" m="48650" /><F95/><W49/><G63/><T62/><D94/><U97/><E107/><V59/><F59/><W101/><G49/><T111/><D111/><U102/><E29/><V88/><F88/><W31/><G31/><T66/><D67/><U69/><E69/><V87/><F87/><W56/><G47/><T117/><D117/><U53/><E134/><V89/><F89/><W93/><G93/><T12/><REACH who="0" step="1"/><D80/><REACH who="0" ten="557,170,160,103" step="2"/><U45/><E82/><V5/><F132/><W41/><REACH who="3" step="1"/><G58/><REACH who="3" ten="557,170,160,93" step="2"/><T64/><D64/><AGARI ba="5,2" hai="3,4,11,32,35,41,46,51,56,61,64,100,101,103" machi="64" ten="40,5200,0" yaku="1,1,2,1,52,1,53,0" doraHai="55" doraHaiUra="92" who="3" fromWho="0" sc="557,-67,170,0,160,0,93,87" /><INIT seed="1,0,0,1,0,60" ten="490,170,160,180" oya="1" hai0="71,45,102,0,94,27,109,78,34,92,135,37,4" hai1="15,76,79,23,10,110,68,16,5,39,93,25,64" hai2="129,85,121,21,123,87,18,2,111,89,63,125,126" hai3="103,77,51,117,61,107,53,40,119,128,74,108,86"/><U35/><E39/><V22/><F2/><W49/><G74/><T81/><D71/><U118/><E118/><N who="3" m="45066" /><G108/><T17/><D102/><U52/><E35/><V96/><F111/><W31/><G128/><T20/><D135/><U124/><E110/><V44/><F44/><W82/><G40/><T69/><D69/><U134/><E134/><V88/><F129/><W65/><G31/><T133/><D34/><U73/><E93/><V84/><F63/><W58/><G53/><T62/><D62/><U67/><E68/><V80/><F96/><AGARI ba="0,0" hai="49,51,58,61,65,77,82,86,96,103,107" m="45066" machi="96" ten="30,2000,0" yaku="12,1,52,1" doraHai="60" who="3" fromWho="2" sc="490,0,170,0,160,-20,180,20" /><INIT seed="2,0,0,3,5,58" ten="490,170,140,200" oya="2" hai0="13,90,11,129,25,41,26,108,98,65,133,21,106" hai1="35,55,39,134,33,20,0,4,92,50,78,34,135" hai2="22,45,46,128,89,40,131,88,125,9,15,67,57" hai3="66,16,49,118,5,51,84,115,82,113,71,70,111"/><V1/><F1/><W132/><G118/><T107/><D41/><U103/><E39/><V36/><F125/><W83/><G111/><T109/><D65/><U79/><E20/><V77/><F77/><W86/><G132/><T27/><D90/><U87/><E4/><V69/><F69/><N who="3" m="26123" /><G66/><T62/><D98/><U61/><E0/><V12/><F45/><W24/><G5/><T96/><D96/><U127/><E127/><V94/><F22/><W6/><G6/><T2/><D129/><N who="2" m="49738" /><F94/><W44/><G24/><T59/><D133/><N who="1" m="50699" /><E78/><V110/><F110/><N who="0" m="42602" /><D21/><U91/><E103/><V101/><F101/><W37/><G37/><T95/><D95/><U64/><E79/><V117/><F117/><W119/><G16/><N who="0" m="8255" /><D2/><U73/><E73/><V28/><F28/><W32/><G32/><T123/><D123/><U30/><E30/><V7/><F12/><W74/><G74/><T31/><D31/><U3/><E3/><V54/><F67/><W102/><G102/><T38/><D38/><U130/><E130/><V104/><F104/><W75/><G75/><T99/><D99/><U105/><E105/><V97/><F97/><W124/><G124/><T56/><D107/><U42/><E42/><V18/><F7/><W17/><G17/><T53/><D106/><U60/><E64/><V116/><F116/><W81/><G119/><T29/><D29/><U76/><E76/><V23/><F23/><W122/><G122/><T14/><D14/><U112/><E112/><N who="3" m="43082" /><G44/><AGARI ba="0,0" hai="33,34,35,44,50,55,60,61,87,91,92" m="50699" machi="44" ten="40,5200,0" yaku="20,1,52,2" doraHai="58" who="1" fromWho="3" sc="490,0,170,52,140,0,200,-52" /><INIT seed="3,0,0,1,4,123" ten="490,222,140,148" oya="3" hai0="50,72,26,14,104,79,82,33,60,98,24,113,121" hai1="110,99,87,84,97,25,66,106,90,3,109,15,75" hai2="86,125,128,71,17,85,93,49,107,45,8,116,40" hai3="46,42,111,31,124,83,12,11,76,114,122,9,28"/><W115/><G122/><T16/><D121/><U127/><E3/><V4/><F116/><W81/><G124/><T37/><D37/><U89/><E66/><V74/><F107/><W27/><G81/><T48/><D113/><U92/><E25/><V131/><F74/><W2/><G2/><T39/><D39/><U21/><E75/><V103/><F71/><W101/><G101/><T29/><D26/><U22/><E15/><V102/><F125/><W7/><G9/><T35/><D35/><U5/><E5/><V19/><F85/><W105/><G105/><T63/><D63/><U36/><E36/><V135/><F135/><W38/><G111/><N who="1" m="42506" /><E127/><V117/><F117/><W1/><G12/><T96/><D60/><U129/><E129/><V54/><F4/><W94/><G94/><T56/><D104/><U6/><E6/><V10/><F93/><W133/><G133/><T100/><D14/><U30/><E30/><V43/><F128/><W73/><REACH who="3" step="1"/><G31/><REACH who="3" ten="490,222,140,138" step="2"/><T20/><D29/><U55/><E106/><V134/><F131/><W112/><G112/><T53/><D100/><U91/><E99/><V68/><F103/><W132/><G132/><T78/><D98/><U58/><E97/><V61/><F102/><W34/><AGARI ba="0,1" hai="1,7,11,27,28,34,38,42,46,73,76,83,114,115" machi="34" ten="20,18000,2" yaku="1,1,0,1,7,1,25,2,23,2,53,0" doraHai="123" doraHaiUra="80" who="3" fromWho="3" sc="490,-60,222,-60,140,-60,138,190" /><INIT seed="3,1,0,4,2,40" ten="430,162,80,328" oya="3" hai0="1,111,3,129,69,36,20,55,35,47,12,34,45" hai1="73,10,97,68,18,99,23,48,37,15,22,77,126" hai2="39,52,117,7,53,90,115,62,80,79,72,86,29" hai3="9,76,110,87,95,28,100,27,64,130,123,134,11"/><W25/><G123/><T33/><D69/><U0/><E37/><V103/><F117/><W17/><G134/><T132/><D132/><U63/><E23/><V105/><F115/><W84/><G130/><T102/><D102/><U24/><E0/><V46/><F7/><W121/><G121/><T106/><D106/><U112/><E112/><V30/><F62/><W118/><G118/><T8/><D129/><U92/><E92/><V67/><F67/><W131/><G131/><T113/><D113/><U6/><E126/><V42/><F29/><W31/><G110/><T13/><D55/><U21/><E21/><V89/><F30/><N who="3" m="11307" /><G64/><T59/><D59/><U93/><E93/><V128/><F128/><W133/><G133/><T57/><D57/><U5/><E5/><V114/><F114/><W38/><G38/><T65/><D65/><U120/><E120/><V135/><F135/><W19/><G76/><T70/><D70/><U58/><E68/><V41/><F41/><W125/><G125/><T49/><D36/><U96/><E73/><V91/><REACH who="2" step="1"/><F72/><REACH who="2" ten="430,162,70,328" step="2"/><W94/><G100/><T14/><D35/><U124/><E124/><V85/><F85/><W107/><G19/><T88/><D34/><U78/><E63/><V26/><F26/><N who="3" m="9739" /><G17/><T83/><D33/><U50/><E50/><V104/><F104/><W43/><G107/><T122/><D122/><U119/><E119/><V66/><F66/><W16/><G43/><T81/><D49/><U116/><E116/><V60/><F60/><W101/><G101/><T44/><D111/><U61/><E61/><V108/><F108/><RYUUKYOKU ba="1,1" sc="430,-15,162,15,70,15,328,-15" hai1="6,10,15,18,22,24,48,58,77,78,96,97,99" hai2="39,42,46,52,53,79,80,86,89,90,91,103,105" /><INIT seed="4,2,1,0,1,114" ten="415,177,85,313" oya="0" hai0="25,82,35,106,55,113,99,128,122,76,85,125,53" hai1="86,42,84,78,39,1,100,130,49,13,110,87,2" hai2="70,51,126,112,20,28,36,94,120,61,98,5,15" hai3="18,19,45,90,75,26,92,30,57,108,24,127,17"/><T23/><D122/><U74/><E110/><V121/><F112/><W16/><G108/><T71/><D113/><U58/><E39/><V97/><F36/><W10/><G75/><T50/><D35/><U133/><E74/><V116/><F5/><W14/><G127/><T68/><D125/><U43/><E78/><V11/><F126/><W67/><G45/><T6/><D128/><U69/><E69/><V135/><F11/><W31/><G31/><T80/><D55/><U65/><E130/><V33/><F33/><W79/><G79/><T63/><D82/><U59/><E133/><V104/><F135/><W107/><G107/><T60/><D6/><U7/><E100/><V52/><F104/><W62/><REACH who="3" step="1"/><G30/><REACH who="3" ten="415,177,85,303" step="2"/><T96/><D106/><U9/><E1/><V4/><F28/><W134/><G134/><T103/><D76/><U81/><E81/><V95/><F121/><W54/><G54/><T89/><D53/><U37/><E2/><V123/><F52/><W91/><G91/><T115/><D89/><U64/><E37/><V8/><F123/><W21/><G21/><T109/><D23/><U118/><E118/><V119/><F20/><W27/><G27/><T132/><D25/><U29/><E29/><V32/><F120/><W111/><G111/><T124/><D109/><U101/><E101/><V41/><F119/><W93/><G93/><T22/><D124/><U47/><E42/><V77/><F116/><W117/><G117/><T72/><D132/><U73/><E73/><V40/><F77/><W66/><G66/><AGARI ba="2,2" hai="7,9,13,43,47,49,58,59,64,65,66,84,86,87" machi="66" ten="40,1300,0" yaku="8,1" doraHai="114" who="1" fromWho="3" sc="415,0,177,39,85,0,303,-19" /><INIT seed="5,0,0,1,0,21" ten="415,216,85,284" oya="1" hai0="116,76,78,1,31,51,18,34,133,103,68,84,12" hai1="99,37,82,71,127,109,9,112,58,80,79,4,119" hai2="135,95,30,52,92,43,36,45,59,102,105,64,56" hai3="120,94,6,38,39,70,121,23,46,111,126,96,66"/><U88/><E71/><V61/><F135/><W7/><G111/><T130/><D116/><U8/><E119/><V114/><F114/><W110/><G110/><T14/><D1/><U57/><E109/><V131/><F131/><W134/><G134/><T98/><D14/><U11/><E37/><V106/><F102/><W44/><G126/><T87/><D68/><U132/><E132/><V15/><F15/><W10/><G6/><T124/><D51/><U65/><E4/><V22/><F105/><W63/><G23/><T83/><D130/><U60/><E58/><V101/><F106/><W40/><G44/><T16/><D124/><U50/><E127/><V100/><F101/><W3/><REACH who="3" step="1"/><G38/><REACH who="3" ten="415,216,85,274" step="2"/><T113/><D133/><U117/><E117/><V122/><F122/><W74/><G74/><T91/><D113/><U25/><E112/><V32/><F32/><W24/><G24/><T125/><D125/><U115/><E115/><V5/><F5/><W107/><G107/><T20/><D34/><U2/><E2/><V54/><F100/><AGARI ba="0,1" hai="3,7,10,39,40,46,63,66,70,94,96,100,120,121" machi="100" ten="30,3900,0" yaku="1,1,7,1,53,1" doraHai="21" doraHaiUra="89" who="3" fromWho="2" sc="415,0,216,0,85,-39,274,49" /><INIT seed="6,0,0,1,5,105" ten="415,216,46,323" oya="2" hai0="90,42,6,114,76,22,98,48,78,62,37,28,135" hai1="52,26,120,56,117,25,50,17,69,109,79,23,8" hai2="44,16,126,112,9,87,130,65,80,7,121,122,39" hai3="99,14,74,36,129,27,93,72,68,51,102,75,134"/><V53/><F112/><W29/><G36/><T104/><D37/><U66/><E109/><V67/><F130/><W19/><G68/><T40/><D6/><U43/><E117/><V24/><F126/><W33/><G129/><T85/><D62/><U103/><E103/><V133/><F133/><W63/><G134/><T77/><D135/><U73/><E43/><V58/><F121/><W97/><G63/><T83/><D114/><U57/><E69/><V3/><F122/><W34/><G34/><T119/><D119/><U107/><E107/><V11/><F44/><W64/><G64/><T128/><D128/><U86/><E120/><V84/><F39/><W111/><G111/><T59/><D104/><U30/><E8/><V38/><F38/><W61/><G61/><T81/><D98/><U94/><E66/><V31/><F9/><W47/><G99/><T108/><D83/><U91/><E79/><V101/><F101/><W131/><G131/><T92/><D81/><U35/><E73/><V41/><F41/><W15/><REACH who="3" step="1"/><G19/><REACH who="3" ten="415,216,46,313" step="2"/><T54/><D108/><U71/><REACH who="1" step="1"/><E71/><REACH who="1" ten="415,206,46,313" step="2"/><V96/><F96/><W18/><G18/><T115/><D115/><U21/><E21/><V45/><F16/><W55/><AGARI ba="0,2" hai="14,15,27,29,33,47,51,55,72,74,75,93,97,102" machi="55" ten="30,8000,1" yaku="1,1,0,1,52,3,53,0" doraHai="105" doraHaiUra="118" who="3" fromWho="3" sc="415,-20,206,-20,46,-40,313,100" /><INIT seed="7,0,0,2,5,129" ten="395,186,6,413" oya="3" hai0="6,43,28,72,47,45,108,84,9,92,21,75,49" hai1="63,133,89,85,10,18,1,29,99,22,24,37,109" hai2="54,107,73,16,95,20,83,70,61,55,44,48,96" hai3="80,30,3,115,82,123,65,121,4,25,27,135,93"/><W119/><G119/><T117/><D117/><U2/><E109/><V90/><F107/><W8/><G115/><T23/><D108/><U56/><E37/><V118/><F118/><W0/><G0/><T58/><D75/><U76/><E76/><V130/><F130/><W86/><G135/><T32/><D72/><U74/><E74/><V100/><F70/><W116/><G116/><T38/><D32/><U91/><E133/><V14/><F73/><W51/><G65/><T88/><D28/><U132/><E132/><V13/><F83/><W102/><G27/><T60/><D47/><U15/><E99/><V110/><F110/><W42/><G82/><T64/><D38/><U112/><E91/><V41/><F100/><W57/><G93/><T94/><D94/><U103/><E103/><V67/><F67/><W7/><G7/><T81/><D81/><U125/><E125/><V40/><F13/><AGARI ba="0,0" hai="6,9,13,21,23,43,45,49,58,60,64,84,88,92" machi="13" ten="30,3900,0" yaku="7,1,8,1,54,1" doraHai="129" who="0" fromWho="2" sc="395,39,186,0,6,-39,413,0" owari="434,53.4,186,-21.4,-33,-53.3,413,21.3" /></mjloggm>