<mjloggm ver="2.3"><GO type="41" lobby="0"/><UN n0="%E3%83%95%E3%82%AF%E3%83%AD%E3%82%A6%E3%82%B5%E3%83%B3" n1="%E3%82%A8%E3%83%A0%E3%82%BA%E3%82%AC%E3%83%BC%E3%83%87%E3%83%B3" n2="%E2%93%9D%4C%75%63%6B%79%4A" n3="%53%68%65%76%65" dan="14,13,18,13" rate="1950.04,1855.14,2176.21,1873.18" sx="F,M,M,M"/><TAIKYOKU oya="0"/><INIT seed="0,0,0,3,4,106" ten="250,250,250,250" oya="0" hai0="91,56,111,75,47,52,20,78,68,6,80,93,88" hai1="94,9,69,77,129,34,42,5,17,66,45,58,123" hai2="79,81,132,108,124,61,43,118,104,112,13,83,50" hai3="110,57,89,18,41,103,2,133,10,3,8,53,134"/><T37/><D68/><U24/><E123/><V55/><F112/><W29/><G41/><T64/><D111/><U85/><E129/><V113/><F108/><W125/><G103/><T19/><D64/><U49/><E69/><V48/><F104/><W16/><G29/><T1/><D93/><U135/><E135/><N who="3" m="51722" /><G125/><T11/><D20/><U59/><E66/><V82/><F113/><W87/><G110/><T99/><D19/><N who="3" m="7209" /><G10/><T122/><D99/><U98/><E34/><V51/><F43/><W30/><G8/><T73/><D73/><U86/><E24/><V63/><F124/><W116/><G116/><T44/><D122/><U70/><E70/><V21/><F118/><W109/><G30/><T90/><REACH who="0" step="1"/><D37/><REACH who="0" ten="240,250,250,250" step="2"/><U25/><E25/><V117/><F132/><W60/><G109/><T131/><D131/><U35/><E35/><V130/><F130/><W15/><G15/><T23/><D23/><U33/><E33/><V128/><F128/><W31/><G31/><T27/><D27/><U92/><E17/><V121/><F121/><W71/><G71/><T7/><D7/><U97/><E94/><AGARI ba="0,1" hai="2,3,53,57,60,87,89,94" m="7209,51722" machi="94" ten="30,2000,0" yaku="20,1,54,1" doraHai="106" who="3" fromWho="1" sc="240,0,250,-20,250,0,250,30" /><INIT seed="1,0,0,0,2,95" ten="240,230,250,280" oya="1" hai0="81,73,107,133,63,121,65,92,108,30,86,11,72" hai1="75,26,96,14,0,109,55,43,24,23,64,8,49" hai2="83,20,3,50,77,31,102,29,1,7,118,103,45" hai3="128,112,9,125,78,99,28,97,46,76,16,134,5"/><U87/><E75/><V66/><F118/><W37/><G112/><T129/><D107/><U44/><E0/><V110/><F66/><W84/><G28/><T18/><D108/><U123/><E123/><V68/><F68/><W62/><G5/><T25/><D121/><U105/><E109/><V113/><F110/><W74/><G74/><T4/><D129/><U116/><E116/><V58/><F58/><W88/><G62/><T111/><D111/><U114/><E114/><V34/><F34/><W39/><G39/><T52/><D133/><U98/><E105/><V60/><F60/><W19/><G134/><T93/><D18/><N who="3" m="6697" /><G9/><T17/><D17/><N who="1" m="8391" /><E64/><V40/><F3/><W47/><G37/><T12/><D73/><U135/><E135/><V69/><F69/><W6/><G6/><T42/><D42/><U53/><E87/><N who="2" m="48623" /><F1/><W59/><G59/><N who="0" m="35303" /><D65/><U32/><E32/><V120/><F120/><W130/><G125/><T85/><D72/><U61/><E43/><V119/><F119/><W71/><G71/><T106/><D106/><U54/><E54/><V127/><F127/><W48/><G48/><T90/><D86/><U56/><E23/><AGARI ba="0,0" hai="4,11,12,23,25,30,81,85,90,92,93" m="35303" machi="23" ten="30,2000,0" yaku="8,1,54,1" doraHai="95" who="0" fromWho="1" sc="240,20,230,-20,250,0,280,0" /><INIT seed="2,0,0,0,3,22" ten="260,210,250,280" oya="2" hai0="29,97,78,126,62,86,66,55,96,14,72,69,122" hai1="33,15,8,60,129,102,11,13,6,21,83,64,38" hai2="31,71,51,53,4,90,20,44,106,40,91,61,135" hai3="10,98,37,18,87,50,25,17,133,75,45,5,119"/><V108/><F106/><W118/><G75/><T0/><D122/><U47/><E33/><V123/><F123/><W92/><G133/><T107/><D0/><U36/><E129/><V115/><F115/><W89/><G37/><T117/><D72/><U30/><E102/><V127/><F135/><W93/><G118/><T114/><D114/><U99/><E99/><V23/><F127/><W85/><G119/><T46/><D117/><U12/><E83/><V1/><F108/><W2/><G92/><T121/><D121/><U41/><E36/><V56/><F71/><W48/><G48/><T124/><D14/><U79/><E79/><V105/><F105/><W57/><G57/><T35/><D78/><U113/><E113/><V81/><F4/><W120/><G120/><T73/><D73/><U59/><REACH who="1" step="1"/><E6/><REACH who="1" ten="260,200,250,280" step="2"/><V131/><F131/><W43/><G98/><T7/><D7/><U116/><E116/><V27/><F1/><W112/><G112/><T70/><D96/><U77/><E77/><V103/><F103/><W125/><G125/><T49/><D126/><U80/><E80/><V58/><F81/><W67/><G87/><T68/><D86/><U132/><E132/><V65/><REACH who="2" step="1"/><F23/><REACH who="2" ten="260,200,240,280" step="2"/><W54/><G5/><T39/><D124/><U109/><E109/><V111/><F111/><W134/><G2/><T100/><D39/><AGARI ba="0,2" hai="20,27,31,39,40,44,51,53,56,58,61,65,90,91" machi="39" ten="30,11600,0" yaku="1,1,7,1,52,1,53,1" doraHai="22" doraHaiUra="26" who="2" fromWho="0" sc="260,-116,200,0,240,136,280,0" /><INIT seed="2,1,0,0,2,113" ten="144,200,376,280" oya="2" hai0="114,16,24,97,67,39,44,99,65,126,78,57,87" hai1="52,33,133,100,71,134,32,96,130,29,79,63,75" hai2="101,120,74,60,47,59,68,38,17,93,131,6,84" hai3="14,105,82,34,4,23,132,106,127,41,122,128,12"/><V86/><F120/><W58/><G122/><T25/><D114/><U111/><E111/><V108/><F68/><W51/><G34/><T69/><D69/><U88/><E130/><V83/><F6/><W76/><G128/><T81/><D126/><U54/><E29/><V121/><F131/><W118/><G118/><T117/><D117/><U56/><E71/><V109/><F17/><W40/><G40/><T112/><D112/><U53/><E79/><N who="2" m="44535" /><F47/><W124/><G106/><T9/><D39/><U3/><E3/><V30/><F30/><W21/><G105/><T22/><D44/><U123/><E75/><V43/><F43/><W102/><G102/><T26/><D9/><U2/><E2/><V27/><F27/><N who="0" m="10314" /><D57/><U77/><E77/><V5/><F5/><W119/><G119/><T66/><AGARI ba="1,0" hai="16,22,26,65,66,67,78,81,87,97,99" m="10314" machi="66" ten="30,2000,0" yaku="8,1,54,1" doraHai="113" who="0" fromWho="0" sc="144,23,200,-6,376,-11,280,-6" /><INIT seed="3,0,0,1,2,79" ten="167,194,365,274" oya="3" hai0="7,133,96,39,115,134,114,91,122,62,72,81,3" hai1="31,123,92,130,53,28,57,121,21,22,66,119,105" hai2="29,97,124,131,120,36,47,64,107,104,33,37,132" hai3="116,12,10,44,6,74,71,90,9,82,70,126,27"/><W45/><G116/><T110/><D122/><U30/><E105/><V77/><F47/><W101/><G126/><T103/><D39/><U17/><E119/><V87/><F64/><W95/><G27/><T40/><D40/><U50/><E130/><V0/><F0/><W4/><G101/><T15/><D3/><U20/><E17/><V93/><F132/><N who="0" m="50794" /><D62/><U69/><REACH who="1" step="1"/><E92/><REACH who="1" ten="167,184,365,274" step="2"/><V111/><F93/><W65/><G95/><T135/><D135/><U106/><E106/><V88/><F107/><W125/><G125/><T89/><D115/><U59/><E59/><V26/><F104/><W1/><G70/><T2/><D114/><U83/><E83/><V63/><F131/><W58/><G71/><T51/><D81/><U112/><E112/><V46/><F124/><W42/><G42/><T49/><D7/><U94/><E94/><V16/><F120/><W76/><REACH who="3" step="1"/><G90/><REACH who="3" ten="167,184,365,264" step="2"/><T55/><D91/><U5/><E5/><V85/><F88/><W113/><G113/><T43/><D89/><U24/><E24/><V18/><F26/><W118/><G118/><T23/><D43/><U78/><E78/><V73/><F77/><W13/><G13/><T102/><D15/><U38/><E38/><V54/><F37/><W11/><G11/><T32/><D102/><U109/><E109/><V19/><F111/><W25/><G25/><T108/><D108/><U34/><E34/><V84/><F33/><W128/><G128/><T35/><D35/><U56/><E56/><V80/><F36/><W75/><G75/><T100/><D32/><U86/><E86/><V67/><F87/><RYUUKYOKU ba="0,2" sc="167,-15,184,15,365,-15,264,15" hai1="20,21,22,28,30,31,50,53,57,66,69,121,123" hai3="1,4,6,9,10,12,44,45,58,65,74,76,82" /><INIT seed="3,1,2,4,0,14" ten="152,199,350,279" oya="3" hai0="124,38,134,113,75,32,9,10,47,123,11,34,71" hai1="53,58,57,85,61,115,41,80,49,82,107,30,127" hai2="125,88,42,19,36,2,59,102,8,45,76,93,111" hai3="28,84,46,23,69,48,21,91,135,73,24,64,6"/><W1/><G73/><T4/><D123/><U83/><E107/><V13/><F125/><W96/><G1/><T100/><D71/><U92/><E115/><V74/><F111/><W94/><G6/><T106/><D75/><U62/><E127/><V104/><F104/><W126/><G126/><T60/><D124/><U109/><E109/><V55/><F2/><W50/><G135/><T56/><D4/><U63/><E30/><V22/><F102/><W78/><G69/><T26/><D134/><U17/><E41/><V95/><F76/><W39/><G64/><T87/><D113/><U20/><E58/><V81/><F8/><W122/><G122/><T27/><D87/><U112/><E112/><V33/><F33/><W3/><G3/><T105/><D47/><U70/><E70/><V77/><REACH who="2" step="1"/><F88/><REACH who="2" ten="152,199,340,279" step="2"/><N who="3" m="55367" /><G78/><T130/><D100/><U68/><E68/><V110/><F110/><W5/><G5/><T25/><D130/><U99/><E99/><V18/><F18/><W118/><G118/><T101/><D101/><U120/><E120/><V89/><F89/><W35/><G35/><T119/><D119/><U129/><E129/><V7/><F7/><W12/><G12/><T51/><D34/><U132/><E132/><V72/><F72/><W128/><G128/><T67/><D32/><U116/><E116/><V98/><F98/><W29/><G29/><T40/><REACH who="0" step="1"/><D38/><REACH who="0" ten="142,199,340,279" step="2"/><U103/><E103/><V86/><F86/><W79/><G91/><T114/><D114/><U65/><E92/><V31/><F31/><W121/><G121/><T43/><D43/><U44/><E85/><RYUUKYOKU ba="1,4" sc="142,10,199,10,340,10,279,-30" hai0="9,10,11,25,26,27,40,51,56,60,67,105,106" hai1="17,20,44,49,53,57,61,62,63,65,80,82,83" hai2="13,19,22,36,42,45,55,59,74,77,81,93,95" /><INIT seed="4,2,4,1,4,13" ten="152,209,350,249" oya="0" hai0="36,135,40,97,95,48,73,129,66,128,117,6,82" hai1="111,83,26,46,91,113,104,72,80,92,116,102,100" hai2="14,125,123,17,5,12,21,78,112,124,10,58,126" hai3="93,90,37,24,56,118,35,2,121,70,22,60,75"/><T47/><D117/><U52/><E116/><V63/><F78/><W85/><G118/><T96/><D135/><U62/><E111/><V119/><F119/><W3/><G70/><T68/><D6/><U49/><E104/><V115/><REACH who="2" step="1"/><F123/><REACH who="2" ten="152,209,340,249" step="2"/><W99/><G121/><T132/><D132/><U54/><E113/><V1/><F1/><W8/><G75/><T110/><D110/><U29/><E72/><V20/><F20/><W57/><G35/><T107/><D36/><U106/><E106/><V77/><F77/><W88/><G37/><T109/><D109/><U64/><E80/><V130/><F130/><N who="0" m="50282" /><D107/><U4/><E83/><V33/><F33/><W79/><G79/><N who="0" m="44399" /><D95/><U67/><E4/><V42/><F42/><W31/><G3/><T61/><AGARI ba="2,5" hai="40,47,48,61,66,68,96,97" m="44399,50282" machi="61" ten="30,1500,0" yaku="19,1" doraHai="13" who="0" fromWho="0" sc="152,71,209,-7,340,-7,249,-7" /><INIT seed="4,3,0,3,4,28" ten="223,202,333,242" oya="0" hai0="56,102,118,32,70,78,124,114,13,42,31,133,113" hai1="77,112,97,61,63,71,134,95,88,4,9,125,30" hai2="52,69,66,100,51,6,96,121,109,91,35,29,85" hai3="120,132,79,89,111,110,105,14,55,68,49,58,108"/><T46/><D118/><U33/><E134/><V57/><F109/><W94/><G105/><T80/><D70/><U22/><E125/><V44/><F121/><W1/><G1/><T11/><D133/><U64/><E22/><V36/><F6/><W20/><G132/><T93/><D124/><U26/><E112/><V129/><F129/><W130/><G79/><T107/><D107/><U23/><E23/><V84/><F91/><W104/><G104/><T16/><D56/><U75/><E61/><N who="2" m="40143" /><F96/><W38/><G38/><T27/><D93/><U128/><E128/><V67/><F67/><W8/><G68/><T76/><D102/><U48/><E48/><V39/><F39/><W18/><G130/><T115/><REACH who="0" step="1"/><D80/><REACH who="0" ten="213,202,333,242" step="2"/><U34/><E26/><N who="2" m="18871" /><F100/><W101/><G101/><T37/><AGARI ba="3,1" hai="11,13,16,27,31,32,37,42,46,76,78,113,114,115" machi="37" ten="30,12000,1" yaku="1,1,0,1,15,1,52,1,54,1,53,0" doraHai="28" doraHaiUra="54" who="0" fromWho="0" sc="213,139,202,-43,333,-43,242,-43" /><INIT seed="4,4,0,1,5,60" ten="352,159,290,199" oya="0" hai0="100,131,82,112,2,35,96,123,26,64,41,114,93" hai1="75,54,128,59,134,46,84,19,0,127,101,38,8" hai2="126,51,129,47,109,124,102,13,50,49,62,18,92" hai3="113,34,28,22,80,120,6,21,81,17,4,87,66"/><T20/><D123/><U121/><E121/><V79/><F79/><W85/><G120/><T48/><D35/><U32/><E32/><V31/><F109/><W14/><G113/><T125/><D2/><U118/><E118/><V86/><F31/><W24/><G34/><T78/><D131/><U117/><E117/><V33/><F33/><W73/><G73/><T106/><D125/><N who="2" m="48234" /><F62/><W12/><G12/><T135/><D135/><U108/><E75/><V53/><F129/><W65/><G6/><T71/><D106/><U36/><E128/><V16/><F18/><W58/><G58/><T63/><D48/><U5/><E127/><V52/><F47/><W45/><G45/><T76/><D41/><U29/><E134/><V3/><F3/><W89/><G4/><T40/><D40/><U27/><E108/><V1/><F1/><W111/><G111/><T115/><REACH who="0" step="1"/><D82/><REACH who="0" ten="342,159,290,199" step="2"/><U7/><E0/><V99/><F86/><W74/><G74/><T130/><D130/><U77/><E38/><V70/><F70/><W104/><G104/><T94/><D94/><U97/><E36/><V110/><F110/><W37/><G37/><T105/><D105/><U98/><E84/><V15/><F15/><W90/><AGARI ba="4,1" hai="14,17,21,22,24,28,65,66,80,81,85,87,89,90" machi="90" ten="20,12000,2" yaku="0,1,7,1,9,1,8,1,52,2" doraHai="60" who="3" fromWho="3" sc="342,-64,159,-34,290,-34,199,142" /><INIT seed="5,0,0,2,4,134" ten="278,125,256,341" oya="1" hai0="33,3,44,95,73,56,16,23,74,35,135,110,41" hai1="105,52,82,86,116,39,55,78,119,19,36,126,59" hai2="54,72,28,15,130,75,49,21,83,67,10,61,120" hai3="31,9,122,112,106,113,81,46,42,11,94,6,76"/><U99/><E19/><V18/><F120/><W71/><G106/><T127/><D110/><U123/><E123/><V30/><F130/><W40/><G71/><T2/><D56/><U124/><E105/><V103/><F103/><W111/><G111/><T62/><D62/><U22/><E22/><V20/><F75/><W14/><G122/><T69/><D95/><U132/><E99/><V92/><F72/><W34/><G34/><T1/><D69/><U50/><E132/><V51/><F83/><W102/><G31/><N who="2" m="11817" /><F67/><W0/><G42/><T121/><D135/><U128/><E55/><V91/><F61/><W48/><G9/><T37/><D121/><U93/><E93/><V80/><F80/><W70/><G70/><T77/><D74/><U96/><E96/><N who="2" m="57375" /><F51/><W8/><G8/><T43/><D73/><U85/><E85/><V79/><F79/><W133/><G0/><T24/><D77/><U4/><E4/><V27/><F27/><W64/><G64/><T104/><D104/><U58/><E58/><AGARI ba="0,0" hai="10,15,18,20,21,49,54,58" m="57375,11817" machi="58" ten="30,1000,0" yaku="8,1" doraHai="134" who="2" fromWho="1" sc="278,0,125,-10,256,10,341,0" /><INIT seed="6,0,0,4,4,133" ten="278,115,266,341" oya="2" hai0="76,99,95,89,121,118,124,77,8,71,27,126,24" hai1="25,51,109,18,106,105,34,1,101,79,19,28,54" hai2="55,0,22,123,40,111,119,108,88,86,13,112,35" hai3="4,115,50,80,63,122,29,12,33,110,2,61,36"/><V16/><F123/><W82/><G110/><N who="2" m="42025" /><F119/><W83/><G36/><T68/><D121/><U130/><E109/><V41/><F35/><W46/><G2/><T125/><D118/><U104/><E1/><V67/><F0/><W14/><G122/><T78/><D8/><U60/><E130/><V45/><F67/><W43/><G115/><T127/><D127/><U90/><E101/><V72/><F72/><W114/><G114/><T23/><D24/><U85/><E79/><V32/><F32/><W11/><G33/><T97/><D97/><U103/><E60/><V117/><F117/><W120/><G120/><T56/><D56/><U96/><E105/><V70/><F70/><W65/><G29/><AGARI ba="0,0" hai="23,27,29,68,71,76,77,78,89,95,99,124,125,126" machi="29" ten="50,8000,1" yaku="18,1,52,3" doraHai="133" who="0" fromWho="3" sc="278,80,115,0,266,0,341,-80" /><INIT seed="7,0,0,5,0,34" ten="358,115,266,261" oya="3" hai0="73,46,78,1,11,16,42,25,52,124,85,88,96" hai1="22,100,131,17,93,63,27,60,104,39,135,125,54" hai2="66,2,103,106,41,68,18,122,37,26,97,117,99" hai3="74,70,59,107,71,49,112,110,51,38,123,33,102"/><W76/><G123/><T105/><D124/><U115/><E125/><V8/><F99/><W24/><G112/><T7/><D73/><U128/><E115/><V101/><F103/><W127/><G127/><T89/><D52/><U35/><E35/><V120/><F18/><W121/><G121/><N who="2" m="46697" /><F26/><W84/><G110/><T72/><D25/><U98/><E135/><V92/><F92/><W130/><G84/><T118/><D118/><U19/><E39/><V80/><F80/><W57/><G38/><N who="0" m="21847" /><D16/><U53/><E104/><V5/><F117/><W14/><G14/><T86/><D105/><U119/><E119/><V21/><F21/><W44/><G76/><T20/><D20/><U30/><E131/><V132/><F132/><W83/><G130/><T134/><D134/><U40/><E40/><V111/><F111/><W114/><G114/><T31/><D31/><U15/><E128/><V12/><F12/><W91/><G102/><T10/><D10/><U32/><REACH who="1" step="1"/><E19/><REACH who="1" ten="358,105,266,261" step="2"/><V126/><F126/><W9/><G107/><T48/><D96/><U75/><E75/><V55/><F37/><W77/><G33/><T116/><D116/><U62/><AGARI ba="0,1" hai="15,17,22,27,30,32,53,54,60,62,63,93,98,100" machi="62" ten="30,2000,0" yaku="1,1,0,1,53,0" doraHai="34" doraHaiUra="47" who="1" fromWho="1" sc="358,-5,105,30,266,-5,261,-10" owari="353,45.3,135,-36.5,261,6.1,251,-14.9" /></mjloggm>