<mjloggm ver="2.3"><GO type="41" lobby="0"/><UN n0="%E2%93%9D%4C%75%63%6B%79%4A" n1="%E3%82%A8%E3%83%A0%E3%82%BA%E3%82%AC%E3%83%BC%E3%83%87%E3%83%B3" n2="%E3%83%94%E3%83%B3%E3%82%B6%E3%82%B5%E3%83%BC%E3%83%89%E2%85%A1" n3="%72%69%73%69%6D%61%33" dan="18,13,14,14" rate="2177.15,1849.69,1938.15,1827.06" sx="M,M,M,M"/><TAIKYOKU oya="0"/><INIT seed="0,0,0,0,1,6" ten="250,250,250,250" oya="0" hai0="84,106,135,116,44,80,43,60,111,62,103,7,71" hai1="105,117,124,8,48,5,115,75,22,107,128,39,36" hai2="134,127,61,24,32,38,104,40,96,56,50,94,29" hai3="1,25,19,59,92,70,31,33,88,122,41,37,64"/><T126/><D116/><U67/><E117/><V16/><F134/><W86/><G1/><T47/><D135/><U57/><E75/><V73/><F127/><W63/><G122/><T125/><D103/><U131/><E124/><N who="0" m="47721" /><D106/><N who="1" m="40459" /><E22/><V2/><F73/><W13/><G70/><T10/><D111/><U87/><E87/><V54/><F38/><W119/><G37/><N who="0" m="21999" /><D44/><U12/><E115/><V35/><F104/><W15/><G41/><T123/><D71/><U78/><E78/><V69/><F2/><W27/><REACH who="3" step="1"/><G119/><REACH who="3" ten="250,250,250,240" step="2"/><T66/><D123/><U11/><E36/><V102/><F69/><W89/><G89/><N who="0" m="51335" /><D66/><U85/><E39/><V46/><REACH who="2" step="1"/><F16/><REACH who="2" ten="250,250,240,240" step="2"/><W68/><G68/><T114/><D114/><U95/><E5/><V100/><F100/><W21/><AGARI ba="0,2" hai="13,15,19,21,25,27,31,33,59,63,64,86,88,92" machi="21" ten="30,7900,0" yaku="1,1,0,1,54,1,53,1" doraHai="6" doraHaiUra="30" who="3" fromWho="3" sc="250,-39,250,-20,240,-20,240,99" /><INIT seed="1,0,0,4,0,128" ten="211,230,220,339" oya="1" hai0="29,107,101,38,115,50,75,125,61,116,92,12,23" hai1="71,18,100,64,26,4,11,95,51,131,45,94,134" hai2="67,24,62,70,15,86,20,77,46,122,34,19,21" hai3="39,98,47,56,49,1,83,48,33,130,8,65,25"/><U60/><E131/><V5/><F122/><W109/><G109/><T79/><D38/><U103/><E100/><V82/><F5/><W14/><G1/><T127/><D50/><U55/><E103/><V0/><F0/><W43/><G98/><T28/><D61/><U117/><E117/><V30/><REACH who="2" step="1"/><F46/><REACH who="2" ten="211,230,210,339" step="2"/><W87/><G130/><T35/><D127/><U66/><E66/><V85/><F85/><W80/><G65/><T118/><D125/><U111/><E111/><V74/><F74/><W44/><G39/><T42/><D75/><U129/><E129/><V52/><F52/><W93/><G43/><T88/><D42/><U72/><E72/><V99/><F99/><W9/><G47/><T54/><D54/><U2/><REACH who="1" step="1"/><E134/><REACH who="1" ten="211,220,210,339" step="2"/><V96/><F96/><W91/><G87/><T112/><D118/><U84/><E84/><V3/><F3/><W78/><G78/><T37/><D79/><U81/><E81/><V114/><F114/><W105/><G83/><T57/><D115/><U31/><E31/><V53/><F53/><W135/><G80/><T41/><D112/><U40/><E40/><V132/><F132/><W16/><G135/><T13/><D41/><U63/><E63/><V6/><F6/><W36/><G36/><T123/><D37/><U68/><E68/><V113/><F113/><W7/><G44/><T27/><D116/><U97/><E97/><V120/><F120/><W102/><G7/><T17/><D123/><U69/><E69/><V76/><F76/><W106/><G102/><T32/><D101/><U126/><E126/><V104/><F104/><RYUUKYOKU ba="0,2" sc="211,-15,220,15,210,15,339,-15" hai1="2,4,11,18,26,45,51,55,60,64,71,94,95" hai2="15,19,20,21,24,30,34,62,67,70,77,82,86" /><INIT seed="1,1,2,2,1,56" ten="196,235,225,324" oya="1" hai0="88,82,7,46,33,104,94,125,23,99,52,4,34" hai1="97,128,87,20,55,112,54,49,50,15,69,115,71" hai2="98,28,100,25,91,60,118,63,29,58,121,70,6" hai3="116,62,83,37,59,13,30,38,89,135,53,119,101"/><U113/><E128/><V10/><F121/><W2/><G101/><T80/><D104/><U39/><E39/><V47/><F118/><N who="3" m="45099" /><G2/><T67/><D67/><U14/><E97/><V36/><F70/><N who="1" m="26633" /><E20/><V90/><F28/><W95/><G13/><N who="1" m="4618" /><E87/><V92/><F36/><W43/><G83/><N who="0" m="31787" /><D125/><U106/><E106/><V65/><F47/><N who="3" m="24047" /><G38/><T75/><D34/><U77/><E77/><V102/><F60/><W117/><G135/><T134/><D33/><U126/><E126/><V114/><F114/><W111/><G30/><T18/><D75/><U61/><E61/><V109/><F109/><W5/><G111/><T86/><D134/><U132/><E132/><V66/><F66/><W19/><G117/><T120/><D120/><U9/><E9/><V96/><F10/><W26/><G5/><T3/><D3/><U24/><E24/><V22/><REACH who="2" step="1"/><F6/><REACH who="2" ten="196,235,215,324" step="2"/><W130/><G130/><T21/><D7/><U64/><E64/><V103/><F103/><W129/><G129/><T110/><D4/><U76/><E76/><V32/><F32/><W78/><G78/><T48/><D110/><U74/><E74/><V127/><F127/><W0/><G0/><T51/><D51/><AGARI ba="1,3" hai="49,50,51,54,55,112,113,115" m="4618,26633" machi="51" ten="40,3900,0" yaku="28,2" doraHai="56" who="1" fromWho="0" sc="196,-42,235,72,215,0,324,0" /><INIT seed="1,2,0,1,3,25" ten="154,307,215,324" oya="1" hai0="5,59,74,109,33,0,130,93,126,122,116,123,22" hai1="10,85,17,23,83,97,104,20,131,105,34,31,108" hai2="41,77,90,28,98,24,69,32,55,106,27,84,42" hai3="111,103,121,58,50,15,39,9,112,37,134,119,65"/><U89/><E34/><V88/><F69/><W101/><G112/><T1/><D74/><U53/><E131/><V73/><F73/><W115/><G111/><T99/><D33/><U2/><E108/><V43/><F77/><W51/><G121/><T52/><D109/><U12/><E2/><V61/><F24/><W113/><G134/><T11/><D116/><U68/><E68/><V13/><F13/><W7/><G119/><T78/><D78/><N who="1" m="46327" /><E105/><V132/><F132/><W70/><G70/><T40/><D40/><U128/><E104/><V63/><F55/><W87/><G39/><T75/><D75/><U54/><E128/><V19/><F19/><W92/><G37/><T133/><D1/><U14/><E14/><V120/><F120/><W62/><G115/><T49/><D130/><U57/><E57/><V100/><REACH who="2" step="1"/><F90/><REACH who="2" ten="154,307,205,324" step="2"/><N who="3" m="53343" /><G113/><T30/><D123/><U82/><E82/><AGARI ba="2,1" hai="27,28,32,41,42,43,61,63,82,84,88,98,100,106" machi="82" ten="40,5200,0" yaku="1,1,52,1,54,1,53,0" doraHai="25" doraHaiUra="3" who="2" fromWho="1" sc="154,0,307,-58,205,68,324,0" /><INIT seed="2,0,0,0,2,18" ten="154,249,273,324" oya="2" hai0="131,122,67,63,79,12,41,114,77,102,96,115,72" hai1="82,51,17,80,15,2,135,84,35,46,37,61,76" hai2="55,23,40,116,10,105,69,85,108,71,101,44,83" hai3="58,93,42,78,52,62,113,121,70,0,36,20,60"/><V88/><F116/><W34/><G0/><T48/><D122/><U112/><E112/><V94/><F108/><W133/><G34/><T74/><D48/><U75/><E37/><V3/><F55/><W73/><G113/><T128/><D12/><U27/><E2/><V99/><F23/><W87/><G133/><T106/><D41/><U16/><E135/><V38/><F3/><W45/><G73/><N who="0" m="28267" /><D63/><U91/><E61/><V13/><REACH who="2" step="1"/><F105/><REACH who="2" ten="154,249,263,324" step="2"/><W28/><G121/><T26/><D115/><U130/><E130/><N who="0" m="49705" /><D114/><U50/><E35/><V100/><F100/><W56/><G70/><T54/><D54/><U98/><E98/><V9/><F9/><W126/><G42/><T125/><D106/><U110/><E110/><V31/><F31/><W32/><G32/><T81/><D102/><U43/><E51/><V39/><F39/><W59/><G36/><T123/><D123/><U21/><REACH who="1" step="1"/><E17/><AGARI ba="0,1" hai="10,13,17,38,40,44,69,71,83,85,88,94,99,101" machi="17" ten="30,5800,0" yaku="1,1,7,1,54,1,53,0" doraHai="18" doraHaiUra="127" who="2" fromWho="1" sc="154,0,249,-58,263,68,324,0" /><INIT seed="2,1,0,4,2,111" ten="154,191,331,324" oya="2" hai0="74,6,67,48,109,131,13,24,106,133,29,3,96" hai1="93,15,22,113,2,126,54,116,51,52,95,76,57" hai2="107,41,88,16,7,82,4,90,86,64,99,83,14" hai3="122,89,102,38,81,112,36,45,94,114,37,28,129"/><V18/><F64/><W31/><G129/><T8/><D109/><U59/><E116/><V134/><F134/><W118/><G122/><T80/><D131/><U50/><E2/><V78/><F107/><W1/><G81/><T61/><D133/><U105/><E105/><V0/><F0/><W115/><G102/><T85/><D74/><U26/><E126/><V124/><F124/><W65/><G65/><T87/><D48/><U10/><E76/><V70/><F70/><W130/><G118/><T123/><D123/><U44/><E44/><V132/><F132/><W104/><G1/><T127/><D80/><U72/><E113/><V12/><F41/><N who="3" m="22695" /><G104/><T84/><D127/><U39/><E39/><N who="3" m="14858" /><G130/><T17/><D96/><AGARI ba="1,0" hai="28,31,89,94,96,112,114,115" m="14858,22695" machi="96" ten="40,8000,1" yaku="11,1,52,3" doraHai="111" who="3" fromWho="0" sc="154,-83,191,0,331,0,324,83" /><INIT seed="3,0,0,2,2,118" ten="71,191,331,407" oya="3" hai0="119,68,33,56,126,69,60,2,23,55,101,87,108" hai1="26,61,99,88,18,105,15,123,21,109,75,71,50" hai2="107,81,70,104,9,10,95,31,16,131,84,124,86" hai3="122,59,29,4,67,90,44,12,79,14,27,117,128"/><W13/><G122/><T103/><D119/><U114/><E109/><V80/><F131/><W42/><G117/><T112/><D33/><U7/><E114/><V116/><F70/><W135/><G79/><T77/><D2/><U39/><E39/><V92/><F116/><W120/><G120/><T19/><D108/><U134/><E134/><V106/><F31/><W32/><G128/><T17/><D126/><U100/><E75/><V20/><F124/><W125/><G135/><T49/><D19/><U52/><E123/><V24/><F81/><W1/><G90/><T22/><D23/><U133/><E133/><V35/><F35/><W127/><G4/><T110/><D69/><U82/><E71/><V76/><F84/><W28/><G1/><T54/><D68/><U43/><E43/><V25/><F25/><W111/><G29/><T46/><D112/><U64/><E64/><V85/><REACH who="2" step="1"/><F86/><REACH who="2" ten="71,191,321,407" step="2"/><W36/><G111/><T89/><D110/><U37/><E26/><V6/><F6/><W94/><G127/><T83/><REACH who="0" step="1"/><D77/><REACH who="0" ten="61,191,321,407" step="2"/><U132/><E132/><V78/><F78/><W58/><G125/><T41/><D41/><U96/><E7/><V91/><F91/><W40/><G42/><T5/><D5/><U97/><E88/><V11/><AGARI ba="0,2" hai="9,10,11,16,20,24,76,80,85,92,95,104,106,107" machi="11" ten="40,5200,0" yaku="1,1,0,1,54,1,53,0" doraHai="118" doraHaiUra="113" who="2" fromWho="2" sc="61,-13,191,-13,321,72,407,-26" /><INIT seed="4,0,0,3,3,98" ten="48,178,393,381" oya="0" hai0="91,39,127,115,70,106,20,25,4,56,28,16,94" hai1="74,111,27,117,92,130,118,9,36,47,102,75,122" hai2="84,109,57,126,42,128,61,103,105,90,8,35,123" hai3="83,23,80,2,77,37,50,120,60,107,108,129,85"/><T63/><D106/><U10/><E122/><V58/><F109/><W131/><G108/><T86/><D127/><U22/><E111/><V95/><F35/><W33/><G37/><T55/><D115/><U66/><E66/><V132/><F126/><W82/><G33/><T89/><D39/><U45/><E130/><N who="3" m="49674" /><G2/><T135/><D135/><U14/><E36/><V34/><F128/><W125/><G60/><T72/><D72/><U96/><E74/><V101/><F34/><W48/><G107/><T64/><D4/><U41/><E75/><V29/><F132/><W124/><G120/><T0/><D0/><U32/><E32/><V11/><F29/><W17/><G125/><T134/><D134/><U44/><E41/><V6/><F123/><W110/><G110/><T97/><D28/><U30/><REACH who="1" step="1"/><E14/><REACH who="1" ten="48,168,393,381" step="2"/><V104/><F42/><W73/><G124/><T119/><D119/><AGARI ba="0,1" hai="9,10,22,27,30,44,45,47,92,96,102,117,118,119" machi="119" ten="40,5200,0" yaku="1,1,2,1,52,1,53,0" doraHai="98" doraHaiUra="38" who="1" fromWho="0" sc="48,-52,168,62,393,0,381,0" owari="-4,-50.4,230,-17.0,393,49.3,381,18.1" /></mjloggm>