<mjloggm ver="2.3"><GO type="41" lobby="0"/><UN n0="%E2%93%9D%4C%75%63%6B%79%4A" n1="%E5%85%83%E6%B0%97%E3%81%AA%E7%A4%BE%E9%95%B7" n2="%32%30%30%33%30%37%31%39" n3="%E3%82%8D%E3%81%A3%E3%81%93%E3%81%86" dan="18,13,14,14" rate="2224.36,1929.50,1975.33,2005.65" sx="M,M,M,M"/><TAIKYOKU oya="0"/><INIT seed="0,0,0,5,4,21" ten="250,250,250,250" oya="0" hai0="25,38,35,97,92,2,74,48,22,87,44,107,118" hai1="127,3,61,20,1,7,62,103,31,79,111,73,60" hai2="50,81,59,129,8,113,134,130,45,55,40,15,24" hai3="121,16,57,26,32,58,117,18,75,84,63,17,54"/><T119/><D74/><U56/><E127/><V66/><F113/><W80/><G75/><T104/><D38/><U51/><E111/><V68/><F134/><W28/><G117/><T6/><D35/><U86/><E73/><V69/><F81/><W72/><G72/><T114/><D114/><U10/><E103/><V42/><F24/><W43/><G43/><N who="2" m="16425" /><F15/><W110/><G110/><T83/><D2/><U37/><E37/><V105/><F105/><W77/><G121/><T46/><D107/><U88/><E79/><V100/><F8/><W12/><REACH who="3" step="1"/><G58/><REACH who="3" ten="250,250,250,240" step="2"/><T65/><D119/><U34/><E56/><V102/><F69/><W131/><G131/><N who="2" m="50185" /><F68/><W99/><G99/><T98/><D98/><U11/><E86/><V41/><F41/><W36/><G36/><T93/><D97/><U19/><E3/><V82/><F59/><W108/><G108/><T123/><D118/><U47/><E1/><V120/><F120/><W64/><G64/><T29/><D65/><U49/><E7/><V23/><F66/><W67/><G67/><T112/><D6/><U52/><E19/><V85/><F85/><W33/><G33/><T78/><D123/><U133/><E34/><V124/><F55/><W71/><G71/><T96/><D112/><U9/><E52/><V122/><F122/><W95/><G95/><N who="0" m="36427" /><D96/><U135/><E133/><V13/><F102/><W126/><G126/><T39/><D39/><U128/><E135/><V89/><F100/><W70/><G70/><T27/><D104/><U109/><E128/><V0/><F124/><W4/><G4/><T132/><D132/><RYUUKYOKU ba="0,1" sc="250,-10,250,-10,250,-10,240,30" hai3="12,16,17,18,26,28,32,54,57,63,77,80,84" /><INIT seed="1,1,1,5,2,102" ten="240,240,240,270" oya="1" hai0="124,42,64,7,27,5,76,67,63,77,88,17,86" hai1="80,28,120,78,82,50,117,12,58,97,33,13,79" hai2="51,111,115,39,113,26,135,92,40,87,131,107,110" hai3="69,94,43,114,41,0,4,23,47,127,90,123,52"/><U93/><E120/><V83/><F39/><W129/><G69/><T38/><D38/><U72/><E117/><V96/><F26/><W36/><G114/><N who="2" m="43529" /><F40/><W132/><G127/><T106/><D106/><U119/><E119/><V68/><F51/><W85/><G129/><T101/><D101/><U1/><E1/><V81/><F68/><W18/><G132/><T61/><D42/><U44/><E58/><V130/><F135/><W98/><G43/><T19/><D27/><U25/><E50/><V21/><F21/><W20/><G123/><T55/><D124/><U11/><E44/><V70/><F70/><W91/><G0/><T53/><D86/><U29/><E29/><V34/><F34/><W126/><G4/><T6/><D7/><U9/><E11/><V62/><F62/><W48/><G126/><T74/><D74/><U37/><E9/><V108/><F107/><W89/><G98/><T118/><D118/><U73/><REACH who="1" step="1"/><E37/><REACH who="1" ten="240,230,240,270" step="2"/><V35/><F35/><W104/><G23/><T54/><D63/><U15/><E15/><V60/><F60/><W128/><G128/><N who="2" m="49193" /><F87/><W3/><G3/><T14/><D14/><U8/><E8/><V109/><F109/><W103/><G36/><T75/><D61/><U59/><E59/><V105/><F105/><W99/><G41/><T46/><D46/><U49/><E49/><V65/><F65/><W56/><G47/><T10/><D67/><U24/><E24/><AGARI ba="1,2" hai="18,20,24,48,52,56,85,89,90,91,94,99,103,104" machi="24" ten="30,3900,0" yaku="7,1,52,1,54,1" doraHai="102" who="3" fromWho="1" sc="240,0,230,-42,240,0,270,62" /><INIT seed="2,0,0,3,3,110" ten="240,188,240,332" oya="2" hai0="9,21,76,14,6,31,69,56,119,27,33,90,2" hai1="43,81,5,127,37,34,133,112,126,109,19,72,80" hai2="54,49,20,10,85,121,118,113,35,100,59,62,47" hai3="41,53,61,123,95,87,129,116,73,24,107,29,22"/><V1/><F121/><W32/><G73/><T94/><D69/><U42/><E34/><V132/><F118/><W108/><G108/><T36/><D36/><U64/><E109/><V97/><F35/><W16/><G107/><T66/><D76/><U111/><E111/><V98/><F132/><W3/><G3/><T104/><D104/><U57/><E5/><V38/><F85/><W79/><G41/><T75/><D75/><U89/><E133/><V101/><F38/><W30/><G129/><T50/><D119/><U134/><E134/><V40/><F20/><W78/><G123/><T63/><D50/><U4/><E4/><V46/><F1/><W92/><G30/><T11/><D11/><U13/><E37/><V77/><F77/><W26/><G95/><T39/><D39/><U67/><E72/><V18/><F46/><W124/><G124/><N who="1" m="47658" /><E112/><V15/><REACH who="2" step="1"/><F113/><REACH who="2" ten="240,188,230,332" step="2"/><W71/><G116/><T58/><D33/><U68/><E68/><V65/><F65/><N who="1" m="25161" /><E57/><V0/><F0/><W117/><G117/><T8/><D2/><U122/><E122/><V83/><F83/><N who="1" m="31817" /><E89/><V93/><F93/><W17/><G71/><T114/><D114/><U91/><E91/><V99/><AGARI ba="0,1" hai="10,15,18,40,47,49,54,59,62,97,98,99,100,101" machi="99" ten="30,11700,0" yaku="1,1,0,1,8,1,53,1" doraHai="110" doraHaiUra="55" who="2" fromWho="2" sc="240,-39,188,-39,230,127,332,-39" /><INIT seed="2,1,0,5,2,55" ten="201,149,357,293" oya="2" hai0="114,115,126,37,36,134,1,87,93,130,30,129,73" hai1="0,49,105,109,40,13,124,113,58,64,111,75,61" hai2="86,43,18,47,121,59,99,90,106,67,101,10,34" hai3="9,70,103,50,119,71,14,23,31,39,62,56,96"/><V3/><F121/><W32/><G39/><N who="0" m="14923" /><D30/><U74/><E105/><V24/><F34/><W85/><G32/><T77/><D87/><U15/><E0/><V22/><F3/><W104/><G85/><T11/><D93/><U133/><E113/><N who="0" m="43017" /><D126/><U102/><E102/><V83/><F10/><W72/><G72/><T92/><D92/><U16/><E124/><V48/><REACH who="2" step="1"/><F67/><REACH who="2" ten="201,149,347,293" step="2"/><W128/><G9/><T91/><D11/><U122/><E133/><V107/><F107/><W97/><G104/><T7/><D1/><U117/><E122/><V68/><F68/><W125/><G71/><T131/><D134/><U54/><E117/><V65/><F65/><W2/><G119/><T38/><D131/><U84/><E111/><V52/><F52/><W95/><G128/><T21/><D130/><U81/><E109/><V8/><F8/><W12/><G70/><T45/><D129/><U41/><E40/><V6/><F6/><W25/><G2/><T132/><D7/><U28/><E41/><V63/><F63/><W120/><G120/><T76/><D132/><U57/><E28/><V112/><F112/><W29/><G29/><T53/><D53/><U33/><E33/><V127/><F127/><W118/><G118/><T42/><D42/><U110/><E110/><V35/><F35/><W78/><G125/><T94/><D38/><U26/><E64/><V66/><F66/><W79/><G62/><T116/><D116/><U19/><E61/><V135/><F135/><W100/><G50/><T51/><D51/><U98/><E49/><V82/><F82/><W27/><G31/><RYUUKYOKU ba="1,1" sc="201,-10,149,-10,347,30,293,-10" hai2="18,22,24,43,47,48,59,83,86,90,99,101,106" /><INIT seed="2,2,1,4,1,77" ten="191,139,377,283" oya="2" hai0="15,120,13,10,121,35,63,95,32,115,42,54,58" hai1="122,81,7,48,70,67,102,27,26,101,21,86,79" hai2="51,72,38,37,106,16,98,25,75,31,108,17,92" hai3="19,6,73,84,53,85,127,40,104,105,65,94,76"/><V33/><F106/><W119/><G65/><T83/><D115/><U49/><E122/><V3/><F3/><W43/><G6/><T116/><D42/><U133/><E133/><V111/><F51/><W24/><G119/><T113/><D113/><U23/><E7/><V5/><F5/><W52/><G73/><N who="2" m="28233" /><F38/><W93/><G76/><T64/><D116/><U103/><E70/><V11/><F11/><W29/><G24/><T82/><D35/><U39/><E67/><V62/><F62/><W90/><G19/><N who="0" m="8695" /><D32/><U59/><E39/><V74/><F74/><W69/><G90/><T46/><D121/><U47/><E59/><V80/><F80/><N who="0" m="30762" /><D120/><U22/><REACH who="1" step="1"/><E48/><REACH who="1" ten="191,129,377,283" step="2"/><V41/><F37/><W71/><REACH who="3" step="1"/><G127/><REACH who="3" ten="191,129,377,273" step="2"/><T34/><D64/><U60/><E60/><V125/><F125/><W128/><G128/><T2/><D63/><U9/><E9/><V112/><F112/><W87/><G87/><T55/><D58/><U36/><E36/><V117/><F117/><W129/><G129/><T131/><D131/><U134/><E134/><V30/><F30/><AGARI ba="2,3" hai="29,30,40,43,52,53,69,71,84,85,93,94,104,105" machi="30" ten="25,6400,0" yaku="1,1,22,2,54,1,53,0" doraHai="77" doraHaiUra="107" who="3" fromWho="2" sc="191,0,129,0,377,-70,273,100" /><INIT seed="3,0,0,4,5,94" ten="191,129,307,373" oya="3" hai0="33,115,6,54,79,76,77,63,127,24,97,75,132" hai1="117,80,116,128,17,135,121,106,125,109,85,67,130" hai2="64,45,126,124,3,123,39,58,65,72,2,60,35" hai3="104,99,71,95,5,107,93,7,108,101,114,74,91"/><W12/><G71/><T96/><D75/><U105/><E67/><V31/><F72/><W50/><G114/><T14/><D115/><U34/><E17/><V30/><F123/><W110/><G74/><T52/><D132/><U4/><E34/><V9/><F9/><W90/><G50/><T16/><D127/><U131/><E4/><V78/><F78/><W41/><G41/><T29/><D6/><U21/><E21/><V0/><F64/><W20/><G7/><T57/><REACH who="0" step="1"/><D54/><REACH who="0" ten="181,129,307,373" step="2"/><U10/><E125/><V55/><F124/><W61/><G5/><T86/><D86/><U100/><E121/><V111/><F126/><W11/><G110/><T19/><D19/><U59/><E135/><V46/><F111/><W43/><G108/><T113/><D113/><U122/><E122/><V112/><F112/><W70/><G43/><T102/><D102/><U129/><E109/><V53/><F55/><W73/><G73/><T118/><D118/><U18/><E131/><V1/><F53/><W44/><G101/><T23/><AGARI ba="0,1" hai="14,16,23,24,29,33,52,57,63,76,77,79,96,97" machi="23" ten="30,12000,2" yaku="1,1,0,1,52,2,54,2,53,0" doraHai="94" doraHaiUra="103" who="0" fromWho="0" sc="181,130,129,-30,307,-30,373,-60" /><INIT seed="4,0,0,5,5,69" ten="311,99,277,313" oya="0" hai0="83,53,14,61,119,94,73,6,19,9,115,23,98" hai1="76,20,60,79,32,101,66,132,38,65,105,116,95" hai2="110,72,10,99,108,62,130,74,55,93,15,5,125" hai3="123,22,26,36,7,57,64,112,56,30,103,49,85"/><T42/><D119/><U39/><E116/><V71/><F130/><W1/><G123/><T129/><D129/><U122/><E122/><V21/><F125/><W135/><G135/><T78/><D115/><U131/><E131/><V100/><F21/><W86/><G103/><T117/><D117/><U51/><E132/><V80/><F80/><W107/><G107/><T97/><D42/><U81/><E51/><V24/><F24/><W3/><G7/><T45/><D94/><U47/><E20/><V58/><REACH who="2" step="1"/><F71/><REACH who="2" ten="311,99,267,313" step="2"/><W11/><G22/><T134/><D134/><U25/><E32/><V70/><F70/><W102/><G26/><T106/><D106/><U12/><E25/><V89/><F89/><W63/><G102/><T67/><D23/><U113/><E105/><V59/><F59/><W54/><G11/><T18/><D9/><U13/><E101/><V0/><F0/><W128/><G3/><T109/><D83/><U8/><E81/><V31/><F31/><W133/><G1/><T17/><D78/><U44/><E8/><V91/><F91/><W120/><G30/><T111/><D111/><AGARI ba="0,1" hai="5,10,15,55,58,62,72,74,93,99,100,108,110,111" machi="111" ten="40,2600,0" yaku="1,1,53,1" doraHai="69" doraHaiUra="52" who="2" fromWho="0" sc="311,-26,99,0,267,36,313,0" /><INIT seed="5,0,0,2,4,105" ten="285,99,303,313" oya="1" hai0="69,62,78,98,107,60,74,13,26,70,41,15,91" hai1="50,122,71,82,47,88,85,95,55,110,113,39,133" hai2="120,114,73,134,57,12,24,63,112,52,42,90,135" hai3="48,108,67,72,104,10,23,56,54,123,38,117,59"/><U34/><E34/><V0/><F0/><W94/><G104/><T103/><D41/><U45/><E122/><V37/><F120/><W130/><G38/><T79/><D91/><U101/><E71/><V128/><F128/><W89/><G130/><T99/><D107/><U36/><E110/><V4/><F24/><W127/><G108/><T3/><D26/><U87/><E133/><N who="2" m="50699" /><F90/><W77/><G127/><T118/><D3/><U80/><E113/><N who="2" m="43627" /><F73/><W40/><G40/><T96/><D99/><U121/><E121/><V116/><F116/><W115/><G115/><T33/><D33/><U68/><E68/><V125/><F125/><W35/><G35/><T29/><D29/><U8/><E8/><N who="2" m="4103" /><F42/><W18/><G10/><T11/><D11/><U22/><E22/><V44/><F44/><W75/><G77/><T119/><D103/><U64/><E64/><V66/><F66/><W19/><G19/><T30/><D30/><U93/><E101/><V1/><F1/><W83/><G83/><T16/><D16/><U20/><E20/><V97/><F97/><W32/><G32/><T102/><D102/><U76/><REACH who="1" step="1"/><E47/><REACH who="1" ten="285,89,303,313" step="2"/><V109/><F109/><W51/><G123/><T126/><D126/><U100/><E100/><V58/><F58/><W9/><G9/><T6/><D6/><U61/><E61/><V17/><F37/><AGARI ba="0,1" hai="36,37,39,45,50,55,76,80,82,85,87,88,93,95" machi="37" ten="40,3900,0" yaku="1,1,54,1,53,0" doraHai="105" doraHaiUra="25" who="1" fromWho="2" sc="285,0,89,49,303,-39,313,0" /><INIT seed="5,1,0,5,1,17" ten="285,138,264,313" oya="1" hai0="118,60,125,87,1,28,54,19,49,117,45,81,135" hai1="73,50,72,18,2,5,78,57,10,98,128,70,83" hai2="89,74,4,7,37,22,48,56,95,31,99,53,108" hai3="59,52,132,77,68,61,122,126,84,29,104,51,6"/><U26/><E128/><V64/><F108/><W90/><G104/><T86/><D1/><U106/><E70/><V24/><F74/><W79/><G122/><T121/><D28/><U114/><E114/><V58/><F37/><W115/><G115/><T12/><D87/><U38/><E38/><V131/><F131/><W27/><G126/><T96/><D125/><U33/><E57/><V8/><REACH who="2" step="1"/><F8/><REACH who="2" ten="285,138,254,313" step="2"/><W124/><G124/><T105/><D121/><U34/><E72/><V39/><F39/><W80/><G132/><T16/><D135/><U32/><E50/><V100/><F100/><W119/><G119/><T127/><D118/><U134/><E134/><V113/><F113/><W123/><G123/><T85/><D117/><U76/><E76/><V82/><F82/><W63/><G6/><T75/><D81/><U129/><E129/><V91/><F91/><W102/><G102/><T43/><D75/><U67/><E67/><V101/><F101/><W62/><REACH who="3" step="1"/><G68/><REACH who="3" ten="285,138,254,303" step="2"/><T112/><D112/><U69/><E69/><V44/><F44/><W111/><G111/><T133/><D133/><U120/><E120/><V92/><F92/><W11/><G11/><T110/><D110/><U3/><E106/><V97/><F97/><W40/><G40/><T14/><D43/><U0/><REACH who="1" step="1"/><E98/><REACH who="1" ten="285,128,254,303" step="2"/><V88/><F88/><W42/><G42/><N who="0" m="24759" /><D127/><U107/><E107/><V20/><F20/><AGARI ba="1,3" hai="20,27,29,51,52,59,61,62,63,77,79,80,84,90" machi="20" ten="40,8000,1" yaku="1,1,8,1,52,1,54,1,53,0" doraHai="17" doraHaiUra="9" who="3" fromWho="2" sc="285,0,128,0,254,-83,303,113" /><AGARI ba="1,0" hai="0,2,3,5,10,18,20,26,32,33,34,73,78,83" machi="20" ten="40,3900,0" yaku="1,1,52,1,53,0" doraHai="17" doraHaiUra="9" who="1" fromWho="2" sc="285,0,128,39,171,-39,416,0" /><INIT seed="5,2,0,3,4,98" ten="285,167,132,416" oya="1" hai0="10,19,134,32,9,84,110,101,113,58,6,125,16" hai1="83,46,31,124,25,22,120,50,117,79,4,49,91" hai2="48,59,94,21,111,18,114,105,133,96,108,72,126" hai3="5,80,54,128,45,36,34,115,107,71,51,89,53"/><U37/><E120/><V130/><F130/><W73/><G107/><T95/><D110/><U100/><E117/><V1/><F1/><W132/><G34/><T11/><D32/><U82/><E124/><V123/><F123/><W66/><G5/><T104/><D104/><U112/><E112/><V0/><F0/><W109/><G115/><T75/><D75/><U77/><E4/><V8/><F114/><W121/><G73/><T44/><D44/><U70/><E70/><V127/><F105/><W13/><G80/><T33/><D33/><U63/><E63/><V61/><F72/><W103/><G13/><T47/><D47/><U42/><E100/><V43/><F8/><W2/><G89/><T85/><D134/><U56/><E91/><V68/><F68/><W87/><G87/><N who="0" m="33355" /><D125/><N who="2" m="47626" /><F48/><W69/><G36/><T38/><D38/><U57/><E50/><V29/><F43/><W81/><G109/><T12/><D113/><U7/><E7/><V88/><F29/><W78/><G45/><T97/><D58/><N who="1" m="22635" /><E37/><V55/><F133/><W14/><G2/><T23/><D6/><U3/><E3/><V116/><F116/><W102/><G132/><T119/><D119/><U99/><E99/><V20/><F20/><W39/><G71/><T135/><D135/><U64/><E64/><V60/><F60/><W92/><G69/><T52/><D52/><U131/><E131/><V35/><F35/><W122/><G128/><T93/><D19/><U40/><E40/><V27/><AGARI ba="2,0" hai="18,21,27,55,59,61,88,94,96,108,111" m="47626" machi="27" ten="30,4000,0" yaku="25,1,18,1,54,1" doraHai="98" who="2" fromWho="2" sc="285,-12,167,-22,132,46,416,-12" /><INIT seed="6,0,0,2,3,127" ten="273,145,178,404" oya="2" hai0="39,48,34,114,123,76,50,31,22,129,99,91,43" hai1="86,74,93,96,80,20,11,21,37,120,94,60,35" hai2="117,4,55,24,2,54,67,10,107,135,75,40,57" hai3="32,119,84,72,85,92,3,106,8,46,12,101,59"/><V122/><F122/><W9/><G32/><T121/><D34/><U6/><E35/><V130/><F117/><W27/><G72/><T7/><D76/><U68/><E37/><V125/><F107/><W102/><G106/><T78/><D78/><U42/><E42/><V0/><F75/><W49/><G27/><T65/><D7/><U51/><E74/><V89/><F125/><W131/><G59/><T116/><D91/><U90/><E120/><V105/><F105/><W115/><G3/><T70/><D99/><U5/><E51/><N who="0" m="19497" /><D22/><U113/><E113/><V128/><F0/><W58/><G119/><T23/><D23/><N who="1" m="8779" /><E68/><V103/><F24/><W16/><G115/><T126/><D126/><U81/><E60/><N who="2" m="38287" /><F40/><W111/><G9/><T61/><D114/><U13/><E6/><V108/><F108/><W30/><G111/><T133/><D116/><U29/><E29/><V1/><F2/><W52/><G30/><T118/><D31/><U33/><E33/><V18/><F135/><W110/><G110/><T132/><D118/><U26/><E26/><V124/><F124/><W66/><G102/><AGARI ba="0,0" hai="5,11,13,80,81,86,90,93,94,96,102" m="8779" machi="102" ten="30,1000,0" yaku="8,1" doraHai="127" who="1" fromWho="3" sc="273,0,145,10,178,0,404,-10" /><INIT seed="7,0,0,0,2,4" ten="273,155,178,394" oya="3" hai0="79,95,118,111,122,89,61,90,39,121,124,35,8" hai1="98,73,97,116,12,125,100,55,37,43,104,16,50" hai2="32,33,54,112,67,27,108,65,49,18,93,23,131" hai3="109,76,126,86,133,72,107,21,77,29,120,63,66"/><W14/><G107/><T85/><D39/><U46/><E73/><V22/><F108/><W135/><G109/><T123/><D111/><U17/><E125/><V11/><F131/><W84/><G120/><T110/><D110/><U64/><E116/><V78/><F112/><W103/><G103/><T130/><D35/><U58/><E98/><V68/><F78/><W9/><G126/><T48/><D61/><U101/><E101/><V92/><F68/><W20/><G77/><T60/><D60/><U106/><E106/><V2/><F2/><W87/><G29/><T42/><D42/><U115/><E115/><V128/><F128/><W24/><G24/><T57/><D79/><U10/><REACH who="1" step="1"/><E64/><REACH who="1" ten="273,145,178,394" step="2"/><N who="2" m="24651" /><F33/><W81/><G135/><T75/><D124/><U28/><E28/><N who="2" m="17527" /><F32/><W94/><G133/><T30/><D30/><U38/><E38/><V99/><F99/><W25/><G72/><T6/><D75/><U70/><E70/><V15/><F23/><W102/><G21/><T31/><D31/><U114/><E114/><V45/><AGARI ba="0,1" hai="11,15,18,45,49,54,92,93" m="17527,24651" machi="45" ten="30,2000,0" yaku="8,1,52,1" doraHai="4" who="2" fromWho="2" sc="273,-5,145,-5,178,30,394,-10" owari="268,6.8,140,-36.0,208,-19.2,384,48.4" /></mjloggm>