<mjloggm ver="2.3"><GO type="41" lobby="0"/><UN n0="%44%73%68%6F%74" n1="%E3%83%AD%E3%83%AD%E3%82%93" n2="%E7%80%AC%E5%90%8D%E5%B7%9D%E3%81%AF%E3%81%98%E3%82%81" n3="%E2%93%9D%4C%75%63%6B%79%4A" dan="13,15,13,17" rate="2042.46,2019.13,1881.68,2134.50" sx="M,M,M,M"/><TAIKYOKU oya="0"/><INIT seed="0,0,0,0,2,108" ten="250,250,250,250" oya="0" hai0="51,73,41,119,114,19,60,120,30,128,85,134,132" hai1="56,15,116,57,79,33,83,46,11,28,95,36,117" hai2="64,31,88,38,76,87,104,44,130,59,37,7,99" hai3="118,23,101,0,40,43,123,94,84,103,45,3,34"/><T68/><D73/><U91/><E28/><V80/><F130/><W2/><G118/><T102/><D119/><U71/><E71/><V52/><F64/><W49/><G34/><T66/><D120/><U5/><E33/><V74/><F31/><W53/><G123/><T9/><D128/><U86/><E117/><V77/><F77/><W62/><G23/><T6/><D30/><U63/><E116/><V109/><F109/><W22/><G22/><T32/><D32/><U14/><E57/><V67/><F67/><W115/><G115/><T35/><D102/><U106/><E106/><V100/><F44/><W69/><G103/><T125/><D125/><U105/><E105/><V82/><F7/><W54/><G54/><T126/><D126/><U72/><E56/><V10/><REACH who="2" step="1"/><F10/><REACH who="2" ten="250,250,240,250" step="2"/><W135/><G45/><N who="0" m="26031" /><D35/><U12/><E46/><V112/><F112/><W90/><G43/><T89/><D114/><U1/><E36/><V18/><F18/><W92/><G40/><T122/><D19/><U8/><E63/><AGARI ba="0,1" hai="37,38,52,59,63,74,76,80,82,87,88,99,100,104" machi="63" ten="30,7700,0" yaku="1,1,7,1,54,2,53,0" doraHai="108" doraHaiUra="25" who="2" fromWho="1" sc="250,0,250,-77,240,87,250,0" /><INIT seed="1,0,0,2,3,54" ten="250,173,327,250" oya="1" hai0="59,52,56,106,38,0,81,53,44,11,105,66,34" hai1="107,72,112,29,82,28,45,70,71,132,133,135,14" hai2="9,92,65,32,43,69,108,57,22,123,20,121,93" hai3="88,63,87,15,30,8,39,2,61,25,36,51,128"/><U60/><E107/><V97/><F32/><W3/><G128/><T94/><D34/><U118/><E118/><V55/><F108/><W125/><G125/><T62/><D106/><U102/><E102/><V76/><F43/><W50/><G3/><T91/><D105/><U48/><E112/><V37/><F37/><W127/><G2/><T1/><D1/><U7/><E7/><V31/><F76/><W21/><G39/><T90/><D0/><U84/><E72/><V75/><F75/><W114/><G36/><T68/><D38/><U96/><E96/><V130/><F130/><W119/><G127/><T83/><D44/><U73/><E73/><V10/><F65/><W12/><G15/><T78/><D11/><U101/><E101/><V134/><F69/><N who="1" m="26121" /><E60/><N who="3" m="23114" /><G119/><T103/><D103/><U124/><E14/><V19/><F97/><W18/><G114/><T35/><D35/><U80/><E80/><AGARI ba="0,0" hai="8,12,18,21,25,30,50,51,80,87,88" m="23114" machi="80" ten="30,2000,0" yaku="8,1,54,1" doraHai="54" who="3" fromWho="1" sc="250,0,173,-20,327,0,250,20" /><INIT seed="2,0,0,5,1,107" ten="250,153,327,270" oya="2" hai0="135,20,13,5,40,22,51,99,39,21,100,49,54" hai1="77,50,58,56,28,80,48,61,3,75,90,134,118" hai2="83,41,9,95,129,59,72,81,34,47,16,66,115" hai3="26,45,62,97,94,88,89,125,14,79,117,113,6"/><V57/><F115/><W43/><G113/><T35/><D35/><U64/><E134/><V27/><F129/><W101/><G117/><T114/><D114/><U29/><E118/><V132/><F132/><W104/><G125/><T63/><D135/><U109/><E109/><V133/><F133/><W67/><G79/><T93/><D39/><U92/><E3/><V46/><F34/><W24/><G6/><T122/><D122/><U119/><E119/><V11/><F95/><W121/><G14/><T108/><D108/><U130/><E130/><V69/><F69/><W19/><G19/><T71/><D71/><U7/><E7/><V123/><F66/><W127/><G127/><T68/><D68/><U23/><E23/><V12/><F27/><W53/><G53/><T8/><D40/><U4/><E4/><V103/><F103/><W126/><G121/><T76/><D76/><U120/><E120/><V124/><F124/><W96/><G89/><T10/><D10/><U78/><E78/><V106/><F106/><W25/><G126/><T85/><D85/><U0/><E0/><V31/><F31/><W33/><G62/><T98/><D99/><U128/><E128/><V86/><F123/><W1/><G67/><T70/><D70/><U32/><E32/><V82/><F9/><W74/><G1/><T131/><D131/><U17/><E17/><V36/><F47/><W2/><G2/><T37/><D37/><U52/><REACH who="1" step="1"/><E50/><REACH who="1" ten="250,143,327,270" step="2"/><V65/><F36/><N who="3" m="21735" /><G33/><T105/><D105/><U73/><E73/><V91/><F72/><W44/><G74/><T38/><D38/><RYUUKYOKU ba="0,1" sc="250,10,143,10,327,-30,270,10" hai0="5,8,13,20,21,22,49,51,54,63,93,98,100" hai1="28,29,48,52,56,58,61,64,75,77,80,90,92" hai3="24,25,26,44,88,94,96,97,101,104" /><INIT seed="3,1,1,3,5,30" ten="260,153,297,280" oya="3" hai0="108,21,37,74,42,10,6,131,64,76,99,4,89" hai1="72,7,57,2,92,85,86,27,39,107,29,87,96" hai2="41,49,17,20,23,110,80,103,26,130,90,112,125" hai3="19,32,22,62,46,69,48,3,31,119,71,126,65"/><W9/><G119/><T35/><D108/><U47/><E72/><V98/><F112/><W66/><G126/><T43/><D131/><U83/><E57/><V14/><F110/><W59/><G3/><T16/><D35/><U115/><E115/><V18/><F130/><W75/><G75/><T40/><D37/><U101/><E2/><V58/><F125/><W45/><G9/><T8/><D64/><N who="3" m="24681" /><G19/><T129/><D129/><U67/><E67/><V54/><F41/><N who="3" m="24655" /><G22/><T36/><D36/><U55/><E7/><N who="0" m="2601" /><D76/><U15/><E15/><V33/><F33/><W73/><G31/><T111/><D111/><U0/><E0/><V25/><F14/><W93/><G93/><N who="0" m="56751" /><D74/><U63/><E39/><V70/><F70/><N who="3" m="26635" /><G32/><T94/><D94/><U105/><E105/><V134/><F80/><W118/><G118/><T38/><D38/><U56/><E107/><V78/><F78/><W106/><G106/><T68/><D68/><U123/><E83/><V109/><F109/><W95/><G95/><T88/><D88/><U53/><E27/><AGARI ba="1,1" hai="8,10,16,21,27,40,42,43" m="56751,2601" machi="27" ten="30,2000,0" yaku="8,1,54,1" doraHai="30" who="0" fromWho="1" sc="260,33,153,-23,297,0,280,0" /><INIT seed="4,0,0,1,2,89" ten="293,130,297,280" oya="0" hai0="64,63,127,131,38,62,46,3,61,29,30,135,34" hai1="74,98,125,88,83,78,120,100,13,49,84,82,55" hai2="121,99,65,42,40,103,73,133,95,33,128,7,97" hai3="129,52,107,122,20,47,124,39,71,118,59,114,70"/><T79/><D127/><U72/><E120/><V130/><F33/><W90/><G107/><T15/><D3/><U19/><E125/><V27/><F121/><W101/><G101/><T43/><D131/><N who="2" m="50218" /><F73/><W5/><G5/><T93/><D135/><U94/><E83/><V48/><F133/><W9/><G9/><T69/><D79/><U56/><REACH who="1" step="1"/><E78/><REACH who="1" ten="293,120,297,280" step="2"/><V113/><F113/><W96/><G114/><T4/><D69/><U2/><E2/><V37/><F37/><W16/><G39/><T32/><D64/><U53/><E53/><V44/><F65/><W45/><G122/><T11/><D32/><U77/><E77/><V17/><F7/><W21/><G129/><T134/><D34/><U126/><E126/><V60/><F60/><W25/><G124/><T108/><D134/><U105/><E105/><V67/><F67/><W6/><G52/><T123/><D123/><U28/><E28/><V85/><F40/><W35/><G71/><T54/><D54/><U80/><E80/><V87/><F17/><W31/><G16/><T106/><D106/><U91/><E91/><N who="2" m="55551" /><F27/><W36/><G25/><T68/><D68/><U24/><E24/><V57/><F57/><W112/><G59/><T22/><D29/><U8/><AGARI ba="0,1" hai="8,13,19,49,55,56,72,74,82,84,88,94,98,100" machi="8" ten="20,8000,1" yaku="1,1,0,1,7,1,52,1,54,1,53,0" doraHai="89" doraHaiUra="111" who="1" fromWho="1" sc="293,-40,120,90,297,-20,280,-20" /><INIT seed="5,0,0,1,5,28" ten="253,210,277,260" oya="1" hai0="16,69,130,108,30,125,118,64,87,105,65,46,106" hai1="128,100,5,52,56,53,42,114,8,111,97,40,20" hai2="23,76,13,102,123,57,59,17,77,70,119,90,124" hai3="35,2,133,6,61,104,3,50,51,44,19,134,107"/><U24/><E114/><V22/><F123/><W12/><G6/><T131/><D108/><U7/><E128/><V94/><F70/><W1/><G61/><T135/><D118/><U85/><E111/><V121/><F121/><W122/><G122/><T109/><D109/><U47/><E85/><V55/><F59/><W129/><G35/><T132/><D30/><U79/><E79/><N who="2" m="30283" /><F102/><W127/><G127/><T39/><D39/><U9/><E97/><N who="2" m="57559" /><F124/><W78/><G78/><T84/><D125/><U95/><E95/><V74/><F74/><W117/><G117/><T81/><D81/><U60/><E100/><V33/><F33/><W11/><G129/><N who="0" m="49163" /><D46/><U112/><E112/><V116/><F116/><W88/><G44/><T83/><D69/><U14/><E47/><V92/><F92/><W62/><G62/><T110/><D110/><U101/><E53/><V71/><F71/><W0/><N who="3" m="0" /><DORA hai="10" /><W21/><G107/><N who="0" m="40971" /><D83/><U96/><E96/><V72/><F72/><W34/><G104/><T67/><D16/><N who="1" m="12295" /><E101/><V41/><F41/><W27/><G34/><T115/><D115/><U32/><E32/><V49/><F119/><W98/><G98/><T18/><D18/><U126/><E126/><V82/><F82/><W86/><G86/><AGARI ba="0,0" hai="64,65,67,84,86,87,132,135" m="40971,49163" machi="86" ten="40,5200,0" yaku="28,2,19,1" doraHai="28,10" who="0" fromWho="3" sc="253,52,210,0,277,0,260,-52" /><INIT seed="6,0,0,3,0,24" ten="305,210,277,208" oya="2" hai0="73,76,55,33,113,99,12,78,2,109,4,70,17" hai1="131,115,10,135,43,82,36,133,112,106,81,23,111" hai2="22,84,39,40,31,103,32,0,91,128,94,11,1" hai3="35,132,108,21,121,26,54,95,28,57,96,71,120"/><V127/><F128/><W6/><G71/><T102/><D109/><U52/><E106/><V122/><F127/><W20/><G108/><T116/><D116/><U90/><E111/><V65/><F122/><W117/><G117/><T41/><D113/><N who="1" m="43595" /><E10/><V67/><F103/><W50/><G132/><N who="1" m="50762" /><E23/><V34/><F34/><W126/><G126/><T61/><D33/><U9/><E9/><V13/><F32/><W68/><G68/><T86/><D2/><U60/><E131/><V42/><F0/><W27/><G6/><T101/><D73/><U97/><E97/><V77/><F77/><W114/><G114/><T38/><D4/><U59/><E90/><V129/><F129/><W3/><G3/><T85/><D99/><U56/><E59/><V124/><F124/><W51/><G35/><T45/><D102/><U62/><E62/><V15/><F39/><W89/><REACH who="3" step="1"/><G51/><REACH who="3" ten="305,210,277,198" step="2"/><T47/><D70/><U118/><E118/><V105/><F1/><W83/><G83/><T66/><D38/><U107/><E107/><V80/><F105/><W98/><G98/><T18/><D61/><U16/><E81/><V100/><F80/><W74/><G74/><T87/><D78/><U125/><E82/><V64/><F100/><W37/><G37/><T79/><D101/><U29/><E125/><V92/><F94/><W48/><G48/><T110/><D76/><U123/><E123/><V58/><F92/><W119/><G119/><T134/><D79/><U46/><E36/><V104/><F104/><W7/><G7/><T5/><D134/><U72/><E72/><V88/><F84/><RYUUKYOKU ba="0,1" sc="305,-10,210,-10,277,-10,198,30" hai3="20,21,26,27,28,50,54,57,89,95,96,120,121" /><INIT seed="7,1,1,0,2,134" ten="295,200,267,228" oya="3" hai0="32,111,25,99,58,89,55,70,101,36,87,23,123" hai1="53,76,51,92,72,122,61,9,2,56,115,45,107" hai2="3,21,48,86,95,26,63,97,22,113,118,75,64" hai3="104,98,69,14,71,42,108,46,57,37,67,133,5"/><W0/><G14/><T129/><D123/><U62/><E107/><V132/><F132/><W127/><G133/><T39/><D111/><U100/><E122/><V1/><F118/><W66/><G57/><T29/><D129/><U19/><E115/><V68/><F113/><W128/><G128/><T33/><D33/><U12/><E2/><V10/><F75/><W109/><G127/><T20/><D23/><U116/><E116/><V93/><F22/><W41/><G42/><T84/><D70/><N who="3" m="26633" /><G5/><T90/><D32/><U16/><E72/><V44/><F10/><W110/><G0/><T13/><D39/><U120/><E76/><V43/><F86/><N who="0" m="32810" /><D36/><U30/><E120/><V78/><F78/><W83/><G83/><T54/><D13/><U65/><E30/><V34/><F34/><W80/><G80/><T105/><D105/><U125/><E125/><V81/><F95/><W27/><G27/><T47/><D47/><U7/><E62/><V24/><F24/><W124/><G124/><T4/><D4/><U112/><REACH who="1" step="1"/><E112/><REACH who="1" ten="295,190,267,228" step="2"/><V60/><F60/><W35/><G35/><T91/><D58/><U88/><E88/><V117/><F117/><W103/><AGARI ba="1,2" hai="37,41,46,66,67,98,103,104,108,109,110" m="26633" machi="103" ten="40,2100,0" yaku="10,1" doraHai="134" who="3" fromWho="3" sc="295,-8,190,-8,267,-8,228,44" /><INIT seed="7,2,0,1,1,19" ten="287,182,259,272" oya="3" hai0="63,129,2,42,28,130,75,41,90,61,86,73,31" hai1="109,93,134,92,116,11,88,107,100,69,135,25,46" hai2="102,26,101,9,6,84,12,68,111,64,82,0,126" hai3="78,47,60,98,52,21,38,48,29,67,55,1,54"/><W113/><G1/><T45/><D2/><U44/><E69/><V59/><F111/><W15/><G38/><T30/><D63/><U32/><E109/><V112/><F112/><W106/><G78/><T118/><D61/><U24/><E116/><V72/><F72/><W83/><G83/><N who="0" m="49503" /><D118/><U39/><E107/><V16/><F26/><N who="3" m="16591" /><G106/><T119/><D119/><U51/><E11/><V17/><F126/><W104/><G104/><T81/><D81/><U27/><E32/><V95/><F68/><W117/><G113/><T103/><D103/><U37/><E100/><V115/><F115/><W114/><G114/><T125/><D125/><U14/><E14/><V133/><F133/><N who="1" m="50697" /><E93/><V97/><F102/><W105/><G105/><T99/><D99/><N who="1" m="57735" /><E46/><V57/><F64/><W10/><G98/><T123/><D123/><U124/><E124/><V34/><F34/><W132/><G132/><T23/><D23/><U76/><E76/><V62/><F62/><W36/><G117/><T7/><D7/><U71/><E71/><V40/><F40/><AGARI ba="2,0" hai="24,25,27,37,39,40,44,51" m="57735,50697" machi="40" ten="30,2000,0" yaku="20,1,54,1" doraHai="19" who="1" fromWho="2" sc="287,0,182,26,259,-26,272,0" /><INIT seed="8,0,0,3,2,69" ten="287,208,233,272" oya="0" hai0="49,133,89,14,84,66,87,111,17,51,3,31,10" hai1="30,33,122,114,80,23,92,103,46,11,101,62,16" hai2="73,125,129,117,57,56,40,54,77,18,34,36,59" hai3="72,19,95,109,42,48,5,76,74,113,70,106,124"/><T134/><D111/><U100/><E114/><V53/><F34/><W58/><G5/><N who="0" m="1343" /><D66/><U39/><E122/><V2/><F18/><W20/><G106/><T119/><D119/><U97/><E33/><V82/><F117/><W61/><G70/><T90/><D90/><U86/><E30/><V116/><F116/><W64/><G124/><T112/><D112/><U0/><E62/><V60/><F125/><W78/><G74/><T50/><D89/><U118/><E118/><V22/><F129/><W75/><G75/><T55/><D55/><U98/><E11/><V26/><F2/><W107/><G72/><T108/><D108/><U68/><E68/><V71/><F71/><W8/><G8/><N who="0" m="6343" /><D31/><U44/><E39/><V65/><F65/><W45/><G107/><T1/><D1/><U47/><E0/><V88/><F88/><W123/><G113/><T131/><D131/><U127/><E127/><V126/><F126/><W105/><G105/><T94/><D94/><U25/><REACH who="1" step="1"/><E92/><REACH who="1" ten="287,198,233,272" step="2"/><V28/><REACH who="2" step="1"/><F60/><REACH who="2" ten="287,198,223,272" step="2"/><W35/><G61/><T32/><D32/><U41/><E41/><V27/><F27/><W102/><G35/><T21/><D21/><U85/><E85/><V12/><F12/><W83/><G109/><T91/><D87/><U96/><E96/><V52/><F52/><W4/><G64/><T81/><D84/><U63/><E63/><V93/><F93/><W37/><G95/><T15/><D15/><U6/><E6/><V104/><F104/><W115/><G115/><T135/><D133/><U13/><E13/><V130/><F130/><W38/><G4/><RYUUKYOKU ba="0,2" sc="287,10,198,10,223,10,272,-30" hai0="49,50,51,81,91,134,135" hai1="16,23,25,44,46,47,80,86,97,98,100,101,103" hai2="22,26,28,36,40,53,54,56,57,59,73,77,82" /><INIT seed="8,1,2,3,1,59" ten="297,208,233,242" oya="0" hai0="105,43,90,5,108,103,131,56,22,109,17,72,97" hai1="120,21,132,69,127,88,27,8,118,126,2,63,37" hai2="65,81,64,38,116,111,93,13,82,77,119,1,14" hai3="32,40,83,55,85,71,53,134,34,70,125,92,26"/><T124/><D72/><U35/><E120/><V91/><F111/><N who="0" m="42570" /><D131/><U62/><E118/><N who="2" m="45099" /><F1/><W33/><G40/><T67/><D124/><N who="1" m="47659" /><E132/><V79/><F38/><W66/><G92/><T47/><D5/><N who="1" m="1079" /><E37/><V12/><F82/><W112/><G83/><T115/><D115/><U135/><E135/><V113/><F113/><W16/><G112/><T28/><D28/><N who="1" m="19871" /><E69/><V78/><F81/><W54/><G71/><T96/><D96/><AGARI ba="1,2" hai="12,13,14,64,65,77,78,79,91,93,96" m="45099" machi="96" ten="40,2600,0" yaku="16,1,12,1" doraHai="59" who="2" fromWho="0" sc="297,-29,208,0,233,49,242,0" /><INIT seed="9,0,0,3,2,62" ten="268,208,282,242" oya="1" hai0="120,64,12,114,23,73,123,13,96,19,69,60,52" hai1="44,74,25,98,42,104,18,85,90,88,133,28,106" hai2="40,92,0,50,100,126,35,135,27,112,97,30,33" hai3="26,61,130,21,121,47,1,24,46,122,31,2,8"/><U117/><E117/><V109/><F109/><W57/><G130/><T115/><D73/><U127/><E127/><V108/><F108/><W103/><G103/><T83/><D83/><U93/><E133/><V107/><F126/><W29/><G47/><T36/><D36/><U70/><E74/><V39/><F39/><W22/><G46/><T38/><D38/><U95/><E70/><V80/><F0/><W7/><REACH who="3" step="1"/><G2/><REACH who="3" ten="268,208,282,232" step="2"/><T49/><D114/><U91/><E91/><V68/><F112/><W82/><G82/><T87/><D115/><U116/><E116/><V72/><F135/><W11/><G11/><T51/><D96/><U66/><E18/><V81/><F72/><W34/><G34/><T79/><D87/><U118/><E118/><V55/><F81/><W113/><G113/><T16/><D79/><U119/><E119/><V75/><F80/><W6/><G6/><T58/><REACH who="0" step="1"/><D51/><REACH who="0" ten="258,208,282,232" step="2"/><U84/><E98/><V125/><F75/><W63/><G63/><T14/><D14/><U102/><E102/><V32/><F125/><W5/><G5/><T54/><D54/><AGARI ba="0,2" hai="1,7,8,21,22,24,26,29,31,54,57,61,121,122" machi="54" ten="30,7700,0" yaku="1,1,7,1,9,1,53,1" doraHai="62" doraHaiUra="48" who="3" fromWho="0" sc="258,-77,208,0,282,0,232,97" owari="181,-31.9,208,-19.2,282,8.2,329,42.9" /></mjloggm>