<mjloggm ver="2.3"><GO type="41" lobby="0"/><UN n0="%E3%83%81%E3%83%A7%E3%82%AD%E3%83%B3%E3%83%8B%E3%82%AF" n1="%E3%83%95%E3%83%AC%E3%83%AF%E3%83%B3" n2="%E2%93%9D%4C%75%63%6B%79%4A" n3="%E3%82%AA%E3%83%83%E3%83%91%E3%83%83%E3%83%94%E3%82%A4%E3%83%BC" dan="14,14,17,13" rate="1929.94,1967.39,2137.88,1869.96" sx="M,M,M,M"/><TAIKYOKU oya="0"/><INIT seed="0,0,0,5,5,94" ten="250,250,250,250" oya="0" hai0="42,113,60,33,96,126,47,19,80,13,48,133,76" hai1="53,134,123,27,127,54,92,51,99,103,65,87,130" hai2="41,34,35,79,71,88,50,129,118,132,2,62,120" hai3="29,108,97,16,26,21,39,125,70,110,63,23,104"/><T128/><D113/><U10/><E123/><V59/><F2/><W84/><G39/><T11/><D33/><U90/><E130/><V43/><F79/><W12/><G125/><T15/><D126/><U17/><E127/><V52/><F120/><W131/><G131/><T55/><D133/><U122/><E122/><V124/><F124/><W25/><G12/><T93/><D128/><U102/><E134/><V82/><F129/><W68/><G84/><T112/><D112/><U20/><E65/><V72/><F72/><W9/><G9/><T83/><D76/><U74/><E74/><V32/><F132/><W81/><G81/><T38/><D60/><U58/><E10/><V114/><F114/><W46/><G46/><T5/><D15/><U31/><E31/><V57/><F71/><W14/><G14/><T100/><REACH who="0" step="1"/><D5/><REACH who="0" ten="240,250,250,250" step="2"/><U89/><REACH who="1" step="1"/><E54/><REACH who="1" ten="240,240,250,250" step="2"/><V1/><F52/><W0/><G0/><T86/><D86/><U44/><E44/><AGARI ba="0,2" hai="11,13,19,38,42,44,47,48,55,80,83,93,96,100" machi="44" ten="30,5800,0" yaku="1,1,7,1,52,1,53,0" doraHai="94" doraHaiUra="28" who="0" fromWho="1" sc="240,78,240,-58,250,0,250,0" /><INIT seed="0,1,0,0,2,44" ten="318,182,250,250" oya="0" hai0="76,77,102,53,67,115,110,73,106,118,108,119,56" hai1="48,13,98,90,37,103,107,66,58,8,93,0,5" hai2="130,9,50,63,54,71,92,20,125,23,99,7,28" hai3="121,25,120,21,100,57,95,27,17,129,128,81,65"/><T96/><D67/><U104/><E37/><V134/><F134/><W59/><G81/><N who="0" m="45199" /><D56/><U89/><E66/><V116/><F125/><W33/><G65/><T12/><D12/><U105/><REACH who="1" step="1"/><E0/><REACH who="1" ten="318,172,250,250" step="2"/><V101/><F116/><N who="0" m="44586" /><D115/><U55/><AGARI ba="1,1" hai="5,8,13,48,55,58,89,90,93,98,103,104,105,107" machi="55" ten="40,5200,0" yaku="1,1,0,1,52,1,53,0" doraHai="44" doraHaiUra="74" who="1" fromWho="1" sc="318,-27,172,65,250,-14,250,-14" /><INIT seed="1,0,0,5,1,29" ten="291,237,236,236" oya="1" hai0="65,90,56,98,91,67,71,0,7,2,22,49,106" hai1="31,93,126,59,41,24,101,122,102,58,134,19,53" hai2="110,99,66,5,57,28,63,40,132,130,54,14,112" hai3="8,75,73,129,69,46,89,30,113,100,96,74,111"/><U62/><E122/><V37/><F28/><W72/><G111/><T48/><D71/><U51/><E134/><V25/><F25/><W35/><G69/><T11/><D0/><U34/><E126/><V83/><F83/><W17/><G113/><T60/><D91/><U123/><E123/><V9/><F110/><W21/><G129/><T108/><D108/><U78/><E78/><V94/><F132/><W43/><G8/><T135/><D135/><U50/><E19/><V133/><F133/><W127/><G127/><T15/><D67/><U42/><E93/><V55/><F112/><W26/><G89/><T128/><D128/><U39/><E39/><V32/><F32/><W114/><G114/><T36/><D36/><U80/><E80/><V10/><F130/><W64/><G64/><T105/><D105/><U119/><E119/><V84/><F84/><W120/><G120/><T86/><D2/><U81/><E81/><V103/><F37/><W115/><G115/><T44/><D22/><U45/><REACH who="1" step="1"/><E42/><REACH who="1" ten="291,227,236,236" step="2"/><V3/><F40/><W85/><G75/><T117/><D117/><U109/><E109/><V23/><F23/><W77/><G74/><T47/><D106/><U118/><E118/><V92/><F94/><W27/><G77/><T121/><D121/><U1/><E1/><V82/><F82/><W116/><G116/><T97/><D97/><U4/><E4/><AGARI ba="0,1" hai="3,4,5,9,10,14,54,55,57,63,66,92,99,103" machi="4" ten="30,1000,0" yaku="7,1" doraHai="29" who="2" fromWho="1" sc="291,0,227,-10,236,20,236,0" /><INIT seed="2,0,0,1,5,70" ten="291,217,256,236" oya="2" hai0="75,58,95,129,46,79,102,73,83,26,126,106,14" hai1="44,74,108,7,55,31,103,133,93,39,135,71,94" hai2="1,84,41,3,60,86,56,89,61,91,28,68,10" hai3="18,23,128,90,42,97,2,57,87,130,119,110,5"/><V134/><F134/><N who="1" m="51209" /><E74/><V65/><F28/><W19/><G110/><T40/><D126/><U113/><E113/><V59/><F41/><W121/><G121/><T98/><D129/><U117/><E108/><V15/><F68/><W116/><G97/><T25/><D73/><U62/><E7/><V35/><F35/><W67/><G42/><T120/><D120/><U109/><E109/><V85/><F3/><W48/><G2/><T24/><D14/><U64/><E103/><V82/><F1/><W49/><G5/><T32/><D58/><U30/><E117/><V52/><REACH who="2" step="1"/><F91/><REACH who="2" ten="291,217,246,236" step="2"/><W96/><G116/><T92/><REACH who="0" step="1"/><D32/><REACH who="0" ten="281,217,246,236" step="2"/><U6/><E71/><V12/><F12/><W63/><G119/><T100/><D100/><U51/><E31/><V105/><F105/><W17/><G128/><T123/><D123/><U76/><E30/><V122/><F122/><W4/><G130/><T8/><D8/><U118/><E118/><V53/><F53/><W112/><G112/><T43/><D43/><U124/><E55/><V27/><F27/><W72/><G67/><T34/><D34/><U80/><E64/><V81/><F81/><W11/><G11/><T0/><D0/><U78/><E80/><V99/><F99/><W9/><G96/><T45/><D45/><U66/><E44/><V20/><F20/><W88/><G23/><T22/><D22/><U36/><E124/><V50/><F50/><AGARI ba="0,2" hai="24,25,26,40,46,50,75,79,83,92,95,98,102,106" machi="50" ten="40,2600,0" yaku="1,1,53,1" doraHai="70" doraHaiUra="77" who="0" fromWho="2" sc="281,46,217,0,246,-26,236,0" /><INIT seed="3,0,0,4,3,113" ten="327,217,220,236" oya="3" hai0="13,43,27,74,22,96,69,71,2,124,122,115,7" hai1="86,84,39,134,95,60,135,79,70,76,6,56,83" hai2="15,57,34,132,9,45,55,77,120,53,11,59,119" hai3="36,21,117,18,66,68,97,85,78,31,58,121,91"/><W17/><G36/><T47/><D122/><U116/><E39/><V38/><F34/><W105/><G121/><T61/><D115/><U130/><E70/><V8/><F120/><W42/><G68/><T75/><D2/><U52/><E130/><V98/><F77/><W46/><G78/><T104/><D124/><U65/><E6/><V127/><F132/><N who="1" m="50729" /><E65/><V32/><F32/><W62/><G31/><T51/><D71/><U64/><E64/><V67/><F67/><W19/><G105/><T126/><D126/><U14/><E14/><V82/><F82/><W112/><G112/><T92/><D69/><U23/><E23/><V1/><F1/><W73/><G73/><T131/><D131/><U26/><E26/><V81/><F81/><W5/><G5/><T90/><D61/><U133/><E79/><V87/><F15/><W106/><G97/><T118/><D104/><U93/><E133/><V44/><F98/><W20/><G106/><T89/><D89/><N who="1" m="53415" /><E95/><V94/><F94/><W33/><G33/><T123/><D123/><U110/><E110/><V109/><F109/><W102/><G42/><T54/><D75/><U103/><E103/><V88/><F127/><W63/><G102/><T41/><D74/><U0/><E0/><V114/><F114/><W3/><G3/><T29/><D7/><U12/><E12/><V50/><F38/><W108/><G108/><T72/><D72/><U107/><E107/><V49/><F87/><W25/><G46/><N who="2" m="18025" /><F88/><W40/><G91/><T101/><D13/><U111/><E111/><V125/><F125/><W37/><G37/><RYUUKYOKU ba="0,0" sc="327,-15,217,15,220,15,236,-15" hai1="52,56,60,76,83,86,116" hai2="8,9,11,49,50,53,55,57,59,119" /><INIT seed="4,1,0,1,2,14" ten="312,232,235,221" oya="0" hai0="21,49,52,10,124,111,114,74,22,82,113,40,129" hai1="130,38,121,59,134,7,127,133,89,50,101,115,132" hai2="30,116,0,28,108,47,76,93,46,35,9,100,54" hai3="1,67,42,78,123,84,39,95,45,98,131,56,75"/><T12/><D40/><U19/><E121/><V80/><F108/><W48/><G123/><T18/><D111/><U117/><E117/><V55/><F35/><W72/><G131/><T73/><D129/><U25/><E130/><V20/><F0/><W79/><G1/><T26/><D124/><U8/><E38/><V94/><F9/><W107/><G107/><T34/><D34/><U83/><E101/><V70/><F70/><W77/><G84/><T2/><D2/><U51/><E127/><V110/><F100/><W69/><G95/><T24/><D82/><U32/><E32/><V27/><F116/><W65/><G98/><T81/><D81/><U99/><E115/><N who="0" m="44041" /><D22/><N who="1" m="13535" /><E59/><V119/><F119/><W87/><G87/><T106/><D106/><U68/><E68/><V44/><F110/><W4/><G4/><N who="0" m="3143" /><D26/><U61/><E83/><V91/><F80/><W102/><G102/><T23/><D21/><U135/><N who="1" m="33792" /><DORA hai="37" /><U17/><E61/><V53/><F76/><W15/><G72/><T126/><D126/><U57/><E57/><AGARI ba="1,0" hai="18,23,24,49,52,57,73,74" m="3143,44041" machi="57" ten="30,5800,0" yaku="15,1,52,1,54,1" doraHai="14,37" who="0" fromWho="1" sc="312,61,232,-61,235,0,221,0" /><INIT seed="4,2,0,4,4,96" ten="373,171,235,221" oya="0" hai0="116,10,18,109,111,20,88,16,65,63,59,38,28" hai1="2,81,58,15,77,78,98,128,4,84,114,27,113" hai2="115,135,22,6,31,26,132,32,37,66,93,29,86" hai3="107,56,33,123,23,130,46,52,62,103,100,97,72"/><T92/><D116/><U14/><E128/><V80/><F37/><W127/><G33/><T82/><D82/><U112/><E77/><V125/><F66/><W35/><G35/><T99/><D38/><U24/><E2/><V44/><F44/><W11/><G130/><T104/><D10/><U95/><E58/><V117/><F115/><W74/><G127/><T47/><D47/><U75/><E75/><V7/><F93/><W118/><G118/><T5/><D5/><U3/><E3/><V105/><F105/><W121/><G11/><T110/><D104/><U89/><REACH who="1" step="1"/><E4/><REACH who="1" ten="373,161,235,221" step="2"/><V49/><F7/><W91/><G74/><T57/><D59/><U68/><E68/><V101/><F6/><W67/><G72/><T51/><REACH who="0" step="1"/><D51/><REACH who="0" ten="363,161,235,221" step="2"/><U70/><E70/><V119/><F119/><W53/><G121/><T1/><D1/><U40/><E40/><V39/><F117/><W50/><G123/><T19/><D19/><U21/><E21/><V73/><F22/><W12/><G23/><T8/><D8/><U60/><E60/><V131/><F32/><W69/><G69/><T90/><D90/><U76/><E76/><V102/><F131/><W120/><G120/><T30/><D30/><U87/><E87/><V64/><F86/><W25/><G50/><T124/><D124/><U45/><E45/><V133/><F125/><W55/><G46/><T41/><D41/><U61/><E61/><V43/><F43/><W0/><G62/><T42/><D42/><U85/><E85/><V34/><F73/><W48/><G48/><T36/><D36/><U126/><E126/><RYUUKYOKU ba="2,2" sc="363,15,161,15,235,-15,221,-15" hai0="16,18,20,28,57,63,65,88,92,99,109,110,111" hai1="14,15,24,27,78,81,84,89,95,98,112,113,114" /><INIT seed="4,3,2,3,0,127" ten="378,176,220,206" oya="0" hai0="49,134,30,70,23,42,63,24,72,102,31,26,109" hai1="7,29,133,75,64,94,13,124,65,54,119,9,32" hai2="115,62,39,14,19,99,110,122,57,22,50,91,46" hai3="56,43,126,8,107,84,37,18,96,11,100,85,34"/><T4/><D72/><U36/><E119/><V35/><F35/><W45/><G126/><T25/><D70/><U77/><E124/><V103/><F110/><W130/><G34/><T40/><D102/><U105/><E105/><V108/><F39/><W0/><G11/><T80/><D4/><U113/><E36/><V129/><F115/><W116/><G116/><T17/><D109/><U68/><E68/><V48/><F122/><W112/><G112/><T114/><D114/><U81/><E113/><V93/><F129/><W5/><G130/><T90/><D134/><U1/><E133/><V21/><F108/><W131/><G131/><T52/><D63/><U123/><E123/><V44/><F22/><W61/><REACH who="3" step="1"/><G18/><REACH who="3" ten="378,176,220,196" step="2"/><T120/><D120/><U60/><E9/><V15/><F19/><W82/><G82/><T83/><D83/><U73/><E81/><V86/><F21/><W98/><G98/><T12/><D31/><U101/><E29/><V33/><F33/><W88/><G88/><T78/><D30/><U16/><E32/><V104/><F50/><W117/><G117/><T106/><D90/><U66/><E16/><V97/><F99/><W55/><AGARI ba="3,3" hai="0,5,8,37,43,45,55,56,61,84,85,96,100,107" machi="55" ten="20,2700,0" yaku="1,1,0,1,7,1,53,0" doraHai="127" doraHaiUra="76" who="3" fromWho="3" sc="378,-16,176,-10,220,-10,196,66" /><INIT seed="5,0,0,1,5,46" ten="362,166,210,262" oya="1" hai0="9,40,36,63,37,21,32,13,47,18,95,75,97" hai1="23,77,78,51,20,83,134,70,39,16,67,84,57" hai2="110,2,127,87,129,90,88,59,81,89,73,119,30" hai3="17,109,66,49,118,34,131,50,48,68,116,85,15"/><U121/><E121/><V12/><F2/><W76/><G34/><T113/><D75/><U128/><E39/><V123/><F123/><W91/><G76/><T0/><D32/><U41/><E128/><V126/><F30/><W26/><G109/><T82/><D113/><U11/><E134/><V65/><F12/><W124/><G131/><T74/><D36/><U25/><E70/><V132/><F129/><W71/><G66/><T43/><D43/><U19/><E11/><V61/><F110/><W108/><G26/><T28/><D74/><U24/><E67/><V94/><F119/><N who="3" m="45611" /><G124/><N who="2" m="47657" /><F132/><W103/><G103/><T60/><D82/><U92/><E92/><V98/><F73/><W112/><G112/><T111/><D111/><U45/><REACH who="1" step="1"/><E57/><REACH who="1" ten="362,156,210,262" step="2"/><V22/><F22/><N who="3" m="11583" /><G108/><T100/><D0/><U120/><E120/><V80/><F81/><AGARI ba="0,1" hai="48,49,50,68,71,81,85,91" m="11583,45611" machi="81" ten="30,7700,0" yaku="12,1,52,3" doraHai="46" who="3" fromWho="2" sc="362,0,156,0,210,-77,262,87" /><INIT seed="6,0,0,5,3,56" ten="362,156,133,349" oya="2" hai0="55,69,3,40,35,99,9,82,101,100,83,24,86" hai1="17,2,79,114,108,110,90,0,128,34,87,36,43" hai2="54,38,48,84,62,97,94,8,46,32,5,16,39" hai3="81,129,25,133,23,1,123,29,119,118,37,10,28"/><V6/><F32/><W64/><G37/><T73/><D73/><U127/><E114/><V30/><F30/><W130/><G64/><T14/><D3/><U92/><E34/><V75/><F75/><W67/><G67/><T4/><D69/><U60/><E128/><N who="3" m="49258" /><G81/><T89/><D40/><U21/><E127/><V51/><F39/><W111/><G111/><T61/><D101/><U116/><E116/><N who="3" m="44586" /><G123/><T59/><D35/><U120/><E120/><V7/><F38/><W117/><G133/><T68/><D68/><U135/><E135/><V104/><F104/><W22/><G117/><T126/><D126/><U76/><E108/><V124/><F124/><W53/><G53/><T113/><D113/><U132/><E132/><V71/><F84/><W26/><G10/><T50/><D24/><U105/><E110/><V66/><F51/><W41/><G41/><T65/><D82/><U98/><E43/><V58/><F71/><W72/><G72/><T78/><D65/><U134/><E36/><V88/><REACH who="2" step="1"/><F16/><REACH who="2" ten="362,156,123,349" step="2"/><W33/><G33/><T63/><D78/><U103/><E134/><V18/><F18/><W70/><G70/><T52/><D55/><U107/><E107/><AGARI ba="0,1" hai="4,9,14,50,52,59,61,63,83,86,89,99,100,107" machi="107" ten="30,7700,0" yaku="7,1,52,2,54,1" doraHai="56" who="0" fromWho="1" sc="362,87,156,-77,123,0,349,0" /><INIT seed="7,0,0,3,1,95" ten="449,79,123,349" oya="3" hai0="106,1,40,71,26,73,49,115,91,10,100,14,31" hai1="50,92,107,110,15,6,12,5,85,105,22,4,51" hai2="18,117,61,88,8,74,60,41,101,86,32,97,57" hai3="84,87,70,2,121,126,122,111,104,72,37,90,45"/><W44/><G2/><T0/><D73/><U48/><E110/><V28/><F74/><W79/><G70/><T82/><D71/><U78/><E22/><V62/><F117/><W3/><G3/><T83/><D115/><U96/><E85/><V127/><F41/><W69/><G69/><T29/><D29/><U77/><E92/><N who="2" m="58535" /><F32/><W80/><G111/><T135/><D82/><U43/><E43/><V116/><F127/><W9/><G126/><T21/><D135/><U130/><E130/><V112/><F28/><W30/><G30/><T93/><D106/><N who="1" m="40459" /><E96/><V99/><F112/><W94/><G104/><T58/><D83/><U89/><E89/><V68/><F68/><W17/><G72/><T65/><D100/><U27/><E27/><V120/><F120/><W134/><G134/><T103/><D103/><U16/><E16/><V63/><F116/><W128/><G128/><T54/><D40/><U102/><E102/><V67/><F99/><W20/><G9/><T52/><D65/><U114/><E114/><V46/><F46/><W123/><REACH who="3" step="1"/><G37/><REACH who="3" ten="449,79,123,339" step="2"/><T132/><D132/><U25/><E25/><AGARI ba="0,1" hai="17,20,25,44,45,79,80,84,87,90,94,121,122,123" machi="25" ten="40,3900,0" yaku="1,1,2,1,53,0" doraHai="95" doraHaiUra="55" who="3" fromWho="1" sc="449,0,79,-39,123,0,339,49" /><INIT seed="7,1,0,2,2,82" ten="449,40,123,388" oya="3" hai0="20,17,55,56,99,81,45,95,31,104,69,0,11" hai1="86,40,87,131,1,134,96,114,27,41,49,100,84" hai2="113,97,120,13,130,29,23,52,65,115,22,62,19" hai3="9,73,128,125,110,4,32,122,103,72,124,66,51"/><W71/><G122/><T47/><D69/><U26/><E114/><N who="2" m="43531" /><F97/><W68/><G32/><T16/><D104/><U33/><E131/><V133/><F130/><W91/><G128/><T101/><D31/><U106/><E134/><V34/><F133/><W126/><G103/><T10/><D81/><U129/><E129/><V18/><F65/><W135/><G135/><T108/><D108/><U78/><E1/><V112/><N who="2" m="43539" /><V60/><DORA hai="123" /><F120/><W25/><G25/><N who="0" m="14471" /><D0/><U38/><E38/><V83/><F83/><W85/><G110/><T8/><D17/><N who="2" m="6154" /><F13/><N who="3" m="5287" /><G51/><AGARI ba="1,0" hai="8,10,11,45,47,51,55,56,95,99,101" m="14471" machi="51" ten="30,2000,0" yaku="8,1,54,1" doraHai="82,123" who="0" fromWho="3" sc="449,23,40,0,123,0,388,-23" owari="472,57.2,40,-46.0,123,-27.7,365,16.5" /></mjloggm>