<mjloggm ver="2.3"><GO type="41" lobby="0"/><UN n0="%E3%83%89%E3%83%B3%E3%83%81%E3%83%A3%E3%83%83%E3%82%AF" n1="%E3%82%AA%E3%83%9E%E3%83%BC%E3%82%B7%E3%83%A3%E3%83%AA%E3%83%95" n2="%E2%93%9D%4C%75%63%6B%79%4A" n3="%E3%81%A1%E3%82%83%E3%82%93%E3%81%9B%E3%81%84%E3%81%9B%E3%81%84" dan="14,14,18,14" rate="1892.14,1972.11,2220.19,1965.82" sx="M,M,M,M"/><TAIKYOKU oya="0"/><INIT seed="0,0,0,5,3,94" ten="250,250,250,250" oya="0" hai0="11,65,46,14,15,107,96,4,27,3,88,110,106" hai1="86,71,125,54,50,5,111,56,105,123,114,21,24" hai2="78,30,100,97,99,103,8,49,122,75,72,19,48" hai3="18,17,95,119,89,0,104,131,132,81,116,55,42"/><T130/><D130/><U87/><E123/><V41/><F122/><W73/><G131/><T93/><D65/><U40/><E5/><V134/><F30/><W77/><G132/><T52/><D110/><U23/><E111/><V115/><F41/><W102/><G0/><T85/><D27/><U16/><E71/><V121/><F121/><W38/><G38/><T91/><D107/><U79/><E105/><V118/><F78/><W35/><G35/><T25/><D106/><U128/><E125/><V69/><F69/><W98/><G42/><T63/><D25/><U70/><E70/><V32/><F8/><W59/><G119/><T90/><D90/><U29/><E114/><V135/><F19/><W39/><G39/><T9/><D9/><U6/><E6/><V133/><F32/><W101/><G101/><N who="2" m="38985" /><F115/><W2/><G2/><T74/><D74/><N who="2" m="28202" /><F118/><W112/><G116/><T26/><D26/><U45/><E79/><V76/><F76/><W67/><G67/><T10/><D10/><U108/><E108/><V68/><F68/><W62/><REACH who="3" step="1"/><G112/><REACH who="3" ten="250,250,250,240" step="2"/><T12/><D3/><U84/><E128/><V20/><F20/><W37/><G37/><T34/><D34/><U57/><E40/><V61/><F61/><W120/><G120/><T13/><D63/><U82/><E82/><V36/><F36/><W47/><G47/><T83/><D46/><U28/><E29/><V126/><F126/><W92/><G92/><T66/><D66/><U124/><E124/><V113/><F113/><W109/><G109/><T80/><D80/><U53/><E54/><AGARI ba="0,1" hai="4,11,12,13,14,15,52,54,83,85,88,91,93,96" machi="54" ten="40,12000,1" yaku="8,1,52,1,54,2" doraHai="94" who="0" fromWho="1" sc="250,130,250,-120,250,0,240,0" /><INIT seed="0,1,0,1,1,45" ten="380,130,250,240" oya="0" hai0="7,9,118,5,117,75,125,33,32,132,22,107,46" hai1="23,91,111,133,77,68,102,80,82,18,60,44,135" hai2="88,13,84,105,6,123,37,79,49,72,47,16,122" hai3="70,64,43,52,67,81,4,108,66,54,2,104,55"/><T131/><D75/><U58/><E102/><V134/><F37/><W100/><G2/><T51/><D107/><U124/><E111/><V39/><F39/><W126/><G4/><T121/><D121/><U21/><E68/><V35/><F35/><W96/><G108/><T112/><D112/><U73/><E124/><V0/><F105/><W103/><G103/><T20/><D125/><U1/><E1/><V78/><F72/><W127/><G43/><T116/><D131/><U97/><E97/><V85/><F134/><W50/><G70/><T14/><D132/><U63/><E91/><V94/><F0/><W128/><G128/><T110/><D110/><U42/><E82/><N who="2" m="47327" /><F78/><W30/><G30/><T109/><D109/><U83/><E80/><V15/><F15/><W89/><G127/><T25/><D22/><U29/><E29/><V53/><F123/><W12/><G12/><T38/><D5/><U34/><E34/><V115/><F115/><W59/><REACH who="3" step="1"/><G126/><REACH who="3" ten="380,130,250,230" step="2"/><T40/><REACH who="0" step="1"/><D38/><REACH who="0" ten="370,130,250,230" step="2"/><U93/><E135/><V61/><F122/><W74/><G74/><T99/><D99/><U41/><E133/><V86/><F6/><W114/><G114/><T129/><D129/><U87/><E73/><V98/><F61/><W106/><G106/><T69/><D69/><U36/><E63/><V17/><F17/><AGARI ba="1,2" hai="7,9,14,17,20,25,32,33,40,46,51,116,117,118" machi="17" ten="40,3900,0" yaku="1,1,52,1,53,0" doraHai="45" doraHaiUra="101" who="0" fromWho="2" sc="370,62,130,0,250,-42,230,0" /><INIT seed="0,2,0,5,0,40" ten="432,130,208,230" oya="0" hai0="13,60,7,10,109,106,51,91,34,16,119,53,89" hai1="3,33,133,17,35,135,46,9,104,52,70,94,69" hai2="38,118,85,5,56,57,2,62,6,43,117,125,100" hai3="27,110,39,111,87,55,82,64,80,65,83,123,86"/><T59/><D119/><N who="2" m="45578" /><F100/><W45/><G123/><T14/><D106/><U90/><E104/><V79/><F2/><W37/><G27/><T105/><D34/><U50/><E35/><V4/><F125/><W75/><G75/><T88/><D105/><U95/><E33/><V76/><F85/><N who="3" m="32267" /><G55/><T20/><D109/><N who="3" m="41481" /><G45/><T134/><D134/><N who="1" m="51211" /><E3/><V26/><F26/><W102/><G102/><T66/><REACH who="0" step="1"/><D89/><REACH who="0" ten="422,130,208,230" step="2"/><U11/><E90/><V0/><F0/><W126/><G126/><T41/><D41/><U49/><E95/><V23/><F43/><W48/><G48/><T112/><D112/><U15/><E94/><V129/><F38/><AGARI ba="2,1" hai="37,38,39,64,65,80,82,83" m="41481,32267" machi="38" ten="40,5200,0" yaku="28,2,14,1" doraHai="40" who="3" fromWho="2" sc="422,0,130,0,208,-58,230,68" /><INIT seed="1,0,0,4,5,59" ten="422,130,150,298" oya="1" hai0="43,22,68,105,0,33,39,38,20,91,42,66,7" hai1="87,115,81,62,85,121,57,92,98,113,93,71,10" hai2="73,54,89,123,26,18,84,3,40,130,45,109,29" hai3="49,41,52,25,64,83,72,2,34,129,5,56,9"/><U30/><E71/><V27/><F73/><W78/><G129/><T61/><D91/><U17/><E121/><V13/><F3/><W58/><G41/><T112/><D105/><U96/><E30/><V77/><F109/><W133/><G133/><T24/><D112/><U100/><E17/><V131/><F77/><W110/><G110/><T76/><D33/><U23/><E23/><V8/><F123/><W15/><G25/><T114/><D114/><U97/><E10/><V6/><F54/><W4/><G34/><T50/><D22/><U48/><E48/><V122/><F122/><W82/><G83/><T132/><D132/><U120/><E120/><V134/><F18/><W28/><G28/><T70/><D70/><U21/><E21/><V102/><F102/><W99/><G99/><T32/><D32/><U75/><E75/><V65/><F65/><W14/><G5/><T117/><D117/><U46/><E46/><V53/><F53/><W111/><G111/><T16/><D42/><U47/><E47/><V126/><F126/><W51/><G49/><T86/><D0/><U31/><E31/><V19/><F29/><W103/><G103/><T118/><D7/><U69/><E69/><V80/><F6/><W35/><G35/><T107/><D118/><U1/><E1/><V74/><F74/><W101/><G101/><T11/><D11/><U94/><E100/><V124/><F124/><W127/><G127/><T116/><D116/><U95/><N who="1" m="23552" /><DORA hai="60" /><U125/><E125/><V55/><F134/><W36/><G36/><T106/><D38/><U12/><E115/><RYUUKYOKU ba="0,0" sc="422,-10,130,-10,150,-10,298,30" hai3="2,4,9,14,15,51,52,56,58,64,72,78,82" /><INIT seed="2,1,0,3,1,122" ten="412,120,140,328" oya="2" hai0="16,55,52,11,36,81,48,58,97,119,117,17,61" hai1="3,57,54,71,75,67,116,43,129,72,106,44,24" hai2="108,50,46,73,37,93,69,5,89,83,132,90,133" hai3="68,130,82,40,20,66,121,105,78,18,70,77,79"/><V96/><F37/><W29/><G121/><T95/><D36/><U64/><E116/><N who="0" m="44617" /><D81/><U53/><E106/><V134/><F69/><W92/><G105/><T120/><D11/><U56/><E3/><V49/><F5/><W107/><G107/><T112/><D112/><U115/><E24/><V74/><F50/><W34/><G40/><T109/><D109/><U65/><E75/><V35/><F35/><W60/><G70/><T41/><D41/><U135/><E72/><N who="2" m="27755" /><F49/><W51/><G51/><T99/><D99/><U80/><E80/><V100/><F46/><W4/><G4/><T32/><D32/><U59/><E135/><N who="2" m="34563" /><V33/><DORA hai="19" /><F33/><W118/><G68/><T7/><D7/><U127/><E127/><V15/><F15/><W113/><G34/><T2/><D2/><U94/><E129/><V85/><F108/><W128/><G118/><T1/><D1/><U91/><E115/><V0/><F0/><W84/><G113/><T98/><D98/><N who="1" m="57695" /><E71/><V42/><F42/><W104/><G130/><T62/><D120/><U38/><E38/><V14/><F14/><W31/><G128/><T47/><D62/><U63/><E43/><V8/><F8/><W26/><G60/><T45/><D47/><U10/><E10/><V25/><F25/><W111/><G111/><T76/><D76/><AGARI ba="1,0" hai="76,83,85,89,90,93,96,100" m="34563,27755" machi="76" ten="40,7700,0" yaku="20,1,34,2" doraHai="122,19" who="2" fromWho="0" sc="412,-80,120,0,140,80,328,0" /><INIT seed="2,2,0,3,0,122" ten="332,120,220,328" oya="2" hai0="16,7,8,95,84,20,57,28,11,40,48,109,88" hai1="92,120,46,27,39,68,33,98,99,43,26,44,42" hai2="62,32,96,83,19,124,82,18,54,101,104,61,6" hai3="105,110,91,9,66,135,34,59,132,125,1,129,58"/><V70/><F6/><N who="3" m="1231" /><G34/><T60/><D109/><U67/><E120/><V65/><F124/><W5/><G5/><T64/><D28/><U87/><E87/><V51/><F62/><N who="3" m="38231" /><G105/><T121/><D7/><U85/><E33/><V133/><F133/><N who="3" m="51275" /><G125/><T45/><REACH who="0" step="1"/><D121/><REACH who="0" ten="322,120,220,328" step="2"/><U127/><E127/><V38/><F32/><W17/><G110/><T108/><D108/><U50/><E27/><AGARI ba="2,1" hai="8,11,16,20,27,40,45,48,57,60,64,84,88,95" machi="27" ten="30,8000,1" yaku="1,1,7,1,8,1,54,2,53,0" doraHai="122" doraHaiUra="114" who="0" fromWho="1" sc="322,96,120,-86,220,0,328,0" /><INIT seed="3,0,0,4,2,110" ten="418,34,220,328" oya="3" hai0="26,66,105,126,84,95,99,74,70,31,79,94,112" hai1="39,107,48,56,22,115,47,29,58,86,113,42,40" hai2="100,18,30,77,19,75,38,97,12,82,33,23,124" hai3="57,85,134,51,10,8,69,43,96,123,16,111,44"/><W122/><G69/><T55/><D55/><U60/><E107/><V116/><F124/><W0/><G134/><T49/><D49/><U103/><E103/><V102/><F116/><W101/><G111/><T109/><D109/><U118/><E86/><V117/><F117/><W120/><G85/><T21/><D126/><U11/><E11/><V87/><F38/><W106/><G0/><T27/><D74/><U54/><E118/><V13/><F33/><W45/><G57/><T6/><D6/><U76/><E76/><V93/><F30/><W98/><G96/><T41/><D41/><U3/><E3/><V25/><F75/><W88/><G88/><T128/><D105/><U89/><E89/><V2/><F2/><W133/><G133/><T61/><D128/><U36/><E22/><V135/><F135/><W130/><G130/><T4/><D4/><U9/><E9/><V121/><F121/><W80/><G80/><T64/><D64/><U81/><E81/><V65/><F65/><W72/><G72/><T34/><D99/><U91/><E91/><N who="2" m="55487" /><F13/><W104/><G104/><T83/><D112/><U90/><E90/><V28/><F12/><W73/><G73/><T119/><D119/><U20/><E20/><V62/><F62/><W15/><G45/><T132/><D132/><U24/><E24/><V7/><F7/><W114/><REACH who="3" step="1"/><G10/><REACH who="3" ten="418,34,220,318" step="2"/><T125/><D125/><U53/><E29/><AGARI ba="0,1" hai="21,26,27,29,31,34,61,66,70,79,83,84,94,95" machi="29" ten="30,1000,0" yaku="7,1" doraHai="110" who="0" fromWho="1" sc="418,20,34,-10,220,0,318,0" /><INIT seed="4,0,0,2,2,36" ten="438,24,220,318" oya="0" hai0="111,90,3,92,126,114,72,35,91,23,83,94,40" hai1="15,55,82,51,69,67,22,63,110,89,132,85,33" hai2="47,41,64,34,25,46,80,16,74,30,61,57,42" hai3="20,121,14,79,135,54,108,117,50,29,78,10,5"/><T112/><D3/><U37/><E33/><V9/><F74/><W56/><G108/><T125/><D35/><U73/><E110/><V31/><F80/><W19/><G135/><T93/><D40/><N who="2" m="15466" /><F34/><W8/><G117/><T68/><D23/><U21/><E73/><V100/><F100/><W88/><G121/><T95/><N who="0" m="23552" /><DORA hai="76" /><T27/><D27/><U105/><E105/><V53/><F64/><W7/><G29/><N who="2" m="10761" /><F9/><W45/><G10/><T2/><D2/><U134/><E37/><V99/><F99/><W70/><G70/><T12/><D68/><U17/><REACH who="1" step="1"/><E22/><AGARI ba="0,0" hai="16,22,25,46,47,53,57,61" m="10761,15466" machi="22" ten="30,8000,1" yaku="8,1,52,3,54,1" doraHai="36,76" who="2" fromWho="1" sc="438,0,24,-80,220,80,318,0" owari="438,53.8,-56,-55.6,300,-10.0,318,11.8" /></mjloggm>