<mjloggm ver="2.3"><GO type="41" lobby="0"/><UN n0="%E6%BC%AB%E5%A4%A9%E6%A5%93%E8%91%89" n1="%E2%93%9D%4C%75%63%6B%79%4A" n2="%E9%98%BF%E4%BD%90%E3%83%B6%E8%B0%B7%E3%81%A3%E3%81%A6%E3%81%8F%E3%82%8B" n3="%73%65%65%73%65%65%6E%64" dan="14,18,14,15" rate="1971.90,2169.52,1884.99,2092.21" sx="M,M,F,F"/><TAIKYOKU oya="0"/><INIT seed="0,0,0,4,0,134" ten="250,250,250,250" oya="0" hai0="114,66,58,31,102,89,18,7,117,56,96,22,125" hai1="65,83,27,119,61,5,25,84,3,8,131,13,40" hai2="69,47,16,121,99,103,23,108,130,51,105,12,95" hai3="41,33,68,109,82,100,88,45,120,20,72,6,63"/><T75/><D117/><U59/><E119/><V116/><F121/><W53/><G33/><T87/><D114/><U55/><E131/><V32/><F130/><W0/><G100/><T39/><D39/><U123/><E123/><V91/><F116/><W79/><G109/><T38/><D38/><U74/><E74/><V37/><F108/><W50/><G120/><T71/><D75/><U106/><E106/><V62/><F37/><W86/><G20/><T4/><D31/><U21/><E40/><V49/><F32/><W128/><G128/><T115/><D115/><U118/><E118/><V76/><F76/><W14/><G0/><T73/><D73/><U97/><E97/><V60/><F69/><W92/><G68/><T48/><D71/><U70/><E3/><V30/><F30/><W133/><G133/><T54/><D125/><U67/><E70/><V19/><F19/><W90/><G90/><T93/><D66/><N who="1" m="25099" /><E21/><V135/><F135/><W101/><G101/><T113/><D113/><U64/><N who="1" m="25107" /><U129/><DORA hai="126" /><E129/><V35/><F35/><W110/><G110/><T85/><D56/><U52/><E55/><V107/><F105/><W2/><G2/><T46/><D58/><U29/><E29/><V1/><F1/><W11/><REACH who="3" step="1"/><G63/><REACH who="3" ten="250,250,250,240" step="2"/><T9/><D9/><U81/><E83/><V26/><F62/><W122/><G122/><T78/><D102/><U43/><E43/><AGARI ba="0,1" hai="6,11,14,41,43,45,50,53,72,79,82,86,88,92" machi="43" ten="40,5200,0" yaku="1,1,54,1,53,1" doraHai="134,126" doraHaiUra="132,104" who="3" fromWho="1" sc="250,0,250,-52,250,0,240,62" /><INIT seed="1,0,0,4,5,61" ten="250,198,250,302" oya="1" hai0="5,36,26,72,82,83,7,34,112,57,1,9,98" hai1="93,13,17,119,81,90,132,77,16,111,106,97,60" hai2="35,110,50,66,19,30,21,107,100,46,52,101,96" hai3="6,29,130,14,33,115,24,27,62,126,94,49,70"/><U135/><E119/><V44/><F110/><W75/><G75/><T89/><D112/><U31/><E31/><V10/><F101/><W37/><G37/><T85/><D36/><U65/><E106/><V116/><F116/><W20/><G130/><T120/><D120/><U28/><E28/><V25/><F10/><W92/><G126/><T105/><D72/><U129/><E129/><V88/><F88/><W8/><G115/><T39/><D39/><U131/><E131/><V123/><F123/><W48/><G70/><T71/><D71/><U23/><E17/><V114/><F114/><W68/><G27/><T84/><D57/><U128/><E128/><V32/><F32/><W127/><G127/><T91/><D7/><U117/><E117/><V53/><F66/><W99/><G94/><T76/><D105/><U102/><E102/><V42/><REACH who="2" step="1"/><F44/><REACH who="2" ten="250,198,240,302" step="2"/><W54/><G33/><T122/><D122/><U43/><E111/><V59/><F59/><N who="3" m="35191" /><G68/><T108/><D108/><U125/><E125/><V0/><F0/><W80/><G80/><T113/><D113/><U73/><REACH who="1" step="1"/><E43/><REACH who="1" ten="250,188,240,302" step="2"/><V12/><AGARI ba="0,2" hai="12,19,21,25,30,35,42,46,50,52,53,96,100,107" machi="12" ten="20,5200,0" yaku="1,1,0,1,7,1,54,1,53,0" doraHai="61" doraHaiUra="58" who="2" fromWho="2" sc="250,-13,188,-26,240,72,302,-13" /><INIT seed="2,0,0,3,5,17" ten="237,162,312,289" oya="2" hai0="58,67,74,104,34,65,92,61,56,114,120,100,5" hai1="124,69,103,18,82,49,9,12,30,105,128,7,66" hai2="75,14,112,64,41,37,129,79,125,8,94,121,4" hai3="101,32,16,24,2,40,86,88,44,99,107,106,76"/><V60/><F112/><W46/><G2/><T119/><D74/><U87/><E124/><V108/><F125/><W11/><G76/><T68/><D114/><U113/><E113/><V123/><F129/><W85/><G85/><T54/><D120/><U0/><E128/><V51/><F94/><W52/><G106/><T23/><D34/><U93/><E69/><V31/><F31/><W19/><G11/><T133/><D133/><U50/><E66/><V83/><F108/><W29/><G44/><T132/><D119/><U43/><E43/><V78/><F78/><W39/><REACH who="3" step="1"/><G52/><REACH who="3" ten="237,162,312,279" step="2"/><T27/><D104/><U127/><E105/><V90/><F121/><W6/><G6/><T15/><D5/><U110/><E7/><V38/><F123/><W117/><G117/><T20/><D54/><U72/><E0/><V131/><F131/><W116/><G116/><T73/><D132/><U42/><E87/><V126/><F126/><W59/><G59/><T63/><D73/><U115/><E72/><V21/><F79/><W57/><G57/><T134/><D134/><U22/><E115/><V81/><F75/><W48/><G48/><T10/><D68/><U28/><E50/><V122/><F51/><W62/><G62/><T25/><D10/><U91/><E9/><V55/><F55/><W84/><G84/><T118/><D118/><U109/><E127/><V98/><F8/><W26/><G26/><N who="0" m="9739" /><D15/><U1/><E12/><V111/><F14/><W77/><G77/><T89/><D100/><U130/><E130/><V71/><F4/><W102/><G102/><T36/><D36/><RYUUKYOKU ba="0,1" sc="237,15,162,-15,312,-15,279,15" hai0="20,23,56,58,61,63,65,67,89,92" hai3="16,19,24,29,32,39,40,46,86,88,99,101,107" /><INIT seed="3,1,1,4,4,91" ten="252,147,297,294" oya="3" hai0="30,60,26,31,19,134,47,14,10,28,75,39,130" hai1="33,77,42,135,7,123,106,102,22,63,0,32,52" hai2="92,29,8,99,67,44,69,15,108,61,17,107,79" hai3="101,2,46,70,43,110,34,24,41,90,118,54,95"/><W40/><G118/><T126/><D75/><U133/><E42/><V16/><F107/><W125/><G2/><T56/><D126/><U73/><E22/><V6/><F108/><W88/><G70/><T51/><D130/><U27/><E27/><V37/><F79/><W3/><G3/><T55/><D39/><U4/><E102/><V104/><F104/><W72/><G72/><T49/><D134/><N who="1" m="51211" /><E106/><V86/><F86/><W131/><G125/><T13/><D13/><U50/><E63/><V94/><F29/><W76/><G131/><T98/><D98/><U66/><E66/><V9/><F9/><W103/><G110/><T48/><REACH who="0" step="1"/><D26/><REACH who="0" ten="242,147,297,294" step="2"/><U71/><E0/><V89/><F99/><W93/><G24/><T57/><D57/><N who="1" m="32919" /><E71/><V115/><F37/><W80/><G46/><AGARI ba="1,2" hai="10,14,19,28,30,31,46,47,48,49,51,55,56,60" machi="46" ten="40,2600,0" yaku="1,1,8,1,53,0" doraHai="91" doraHaiUra="85" who="0" fromWho="3" sc="242,49,147,0,297,0,294,-29" /><INIT seed="4,0,0,4,2,86" ten="291,147,297,265" oya="0" hai0="22,85,122,124,30,74,27,39,78,35,103,63,73" hai1="33,115,69,48,61,6,59,90,97,104,1,135,52" hai2="131,40,108,80,32,133,41,134,119,14,132,92,66" hai3="118,10,18,71,21,100,43,4,5,91,70,11,46"/><T65/><D39/><U58/><E33/><V111/><F32/><W93/><G118/><T72/><D122/><U88/><E69/><V9/><F119/><W95/><G100/><T79/><D124/><U123/><E123/><V12/><F131/><W94/><G70/><T105/><D35/><U44/><E135/><V126/><F66/><W13/><G71/><T17/><D30/><U16/><E1/><V125/><F80/><W36/><G10/><T81/><D105/><U106/><E6/><V128/><F128/><W55/><G55/><T20/><D20/><U15/><E115/><V34/><F34/><W62/><G62/><T64/><D103/><U117/><E117/><V28/><F28/><W120/><G5/><T42/><D42/><N who="2" m="16490" /><F92/><W76/><G76/><T53/><REACH who="0" step="1"/><D79/><REACH who="0" ten="281,147,297,265" step="2"/><U68/><E106/><V0/><F126/><W31/><G120/><T116/><D116/><U50/><E104/><V112/><F125/><W121/><G121/><T83/><D83/><U51/><E68/><V37/><F37/><W82/><G31/><T60/><D60/><N who="1" m="35943" /><E44/><V45/><F45/><W2/><REACH who="3" step="1"/><G82/><REACH who="3" ten="281,147,297,255" step="2"/><T101/><D101/><U98/><E61/><V109/><F132/><W47/><G47/><T102/><D102/><U110/><E58/><AGARI ba="0,2" hai="17,22,27,53,58,63,64,65,72,73,74,78,81,85" machi="58" ten="40,3900,0" yaku="1,1,53,1" doraHai="86" doraHaiUra="49" who="0" fromWho="1" sc="281,59,147,-39,297,0,255,0" /><INIT seed="4,1,0,1,5,46" ten="340,108,297,255" oya="0" hai0="103,91,32,79,8,120,107,37,95,71,87,135,127" hai1="92,108,81,10,80,76,121,35,93,130,16,51,69" hai2="20,60,97,61,19,34,90,125,123,114,47,23,106" hai3="6,14,7,118,48,78,122,41,73,68,133,9,70"/><T4/><D120/><U5/><E121/><V104/><F123/><W2/><G122/><RYUUKYOKU type="kaze4" ba="1,0" sc="340,0,108,0,297,0,255,0" /><INIT seed="4,2,0,0,3,40" ten="340,108,297,255" oya="0" hai0="41,131,116,38,77,90,36,115,52,55,58,80,127" hai1="60,14,46,125,132,97,128,134,67,103,110,26,22" hai2="62,51,64,96,94,17,126,120,82,39,121,18,23" hai3="10,56,6,91,69,8,106,13,87,15,117,12,99"/><T129/><D116/><U57/><E110/><V28/><F39/><W61/><G69/><T45/><D115/><U102/><E125/><V100/><F126/><W74/><G74/><T34/><D127/><U1/><E1/><V16/><F121/><W49/><G117/><T59/><D34/><U79/><E79/><V76/><F120/><W83/><G106/><T48/><D90/><U27/><E103/><V119/><F119/><W63/><G99/><T44/><D77/><U25/><E128/><N who="0" m="49225" /><D80/><U43/><E14/><V47/><F62/><W95/><G83/><T114/><D114/><U11/><E11/><V7/><F64/><W71/><G71/><T37/><D41/><U111/><E111/><V81/><F7/><W31/><G31/><T112/><D112/><U93/><REACH who="1" step="1"/><E22/><REACH who="1" ten="340,98,297,255" step="2"/><V5/><F76/><W54/><REACH who="3" step="1"/><G13/><REACH who="3" ten="340,98,297,245" step="2"/><T105/><D105/><U33/><E33/><V2/><F2/><W101/><G101/><T4/><D4/><AGARI ba="2,2" hai="4,6,8,10,12,15,49,54,56,61,63,87,91,95" machi="4" ten="30,7700,0" yaku="1,1,7,1,9,1,8,1,53,0" doraHai="40" doraHaiUra="122" who="3" fromWho="0" sc="340,-83,98,0,297,0,245,103" /><INIT seed="5,0,0,2,5,38" ten="257,98,297,348" oya="1" hai0="69,9,26,72,39,121,78,86,3,2,104,126,88" hai1="93,58,7,70,113,48,135,51,32,63,100,66,65" hai2="97,40,10,16,114,91,50,22,41,13,108,110,125" hai3="131,101,133,36,15,117,47,89,37,11,28,105,29"/><U76/><E32/><V109/><F125/><W81/><G131/><T98/><D121/><U34/><E34/><V0/><F114/><W103/><G133/><T73/><D69/><U6/><E113/><V8/><F50/><W115/><G115/><T52/><D39/><U42/><E76/><V82/><F0/><W19/><G117/><T123/><D123/><U4/><E135/><V23/><F23/><W68/><G68/><T1/><D126/><U99/><E70/><V55/><F55/><W14/><G105/><T17/><D73/><U43/><E66/><V59/><F59/><W71/><G71/><T77/><D77/><U62/><E63/><V75/><F75/><W54/><G37/><T80/><D52/><U20/><E20/><V67/><F67/><W95/><G81/><T128/><D128/><U118/><E118/><V84/><REACH who="2" step="1"/><F97/><REACH who="2" ten="257,98,287,348" step="2"/><W21/><G36/><T111/><D3/><U127/><E127/><V12/><F12/><W107/><G15/><T46/><D2/><U106/><E106/><V49/><F49/><AGARI ba="0,1" hai="4,6,7,42,43,48,49,51,58,62,65,93,99,100" machi="49" ten="40,7700,0" yaku="8,1,52,2" doraHai="38" who="1" fromWho="2" sc="257,0,98,87,287,-77,348,0" /><INIT seed="5,1,0,3,2,83" ten="257,185,210,348" oya="1" hai0="33,22,127,123,26,46,120,67,35,78,108,51,110" hai1="91,116,72,102,36,49,71,2,73,39,131,5,47" hai2="12,99,126,32,48,85,42,100,129,97,60,95,82" hai3="128,41,8,68,14,54,115,81,23,87,52,66,34"/><U69/><E102/><V25/><F129/><W11/><G34/><N who="0" m="12811" /><D67/><U111/><E116/><V106/><F126/><W3/><G115/><T86/><D51/><U119/><E119/><V96/><F12/><W45/><G3/><T29/><D46/><U37/><E131/><V125/><F125/><W53/><G68/><T130/><D130/><U70/><E111/><N who="0" m="42537" /><D127/><U50/><E91/><V109/><F109/><W134/><G134/><T90/><D78/><U4/><E2/><V112/><F60/><W118/><G66/><T114/><D90/><U0/><E0/><V15/><F15/><W16/><G118/><T17/><D86/><U40/><REACH who="1" step="1"/><E50/><REACH who="1" ten="257,175,210,348" step="2"/><V55/><F48/><N who="3" m="26671" /><G128/><T74/><D114/><U77/><E77/><AGARI ba="1,1" hai="8,11,14,16,23,52,53,54,77,81,87" m="26671" machi="77" ten="30,7700,0" yaku="8,1,52,1,54,2" doraHai="83" who="3" fromWho="1" sc="257,0,175,-80,210,0,348,90" /><INIT seed="6,0,0,2,0,10" ten="257,95,210,438" oya="2" hai0="91,109,85,121,77,73,94,41,112,20,3,108,19" hai1="123,65,114,56,17,101,71,81,34,49,2,44,42" hai2="131,31,75,38,133,86,96,52,76,113,93,51,78" hai3="14,60,5,128,80,82,99,63,130,106,98,79,0"/><V92/><F38/><W97/><G0/><T40/><D121/><U47/><E34/><V117/><F117/><W30/><G30/><T22/><D3/><U104/><E2/><V32/><F75/><W1/><G1/><T35/><D35/><U129/><E104/><V53/><F131/><N who="3" m="50219" /><G106/><T83/><D112/><U45/><E101/><V18/><F113/><W26/><G26/><T8/><D8/><U23/><E123/><V24/><F133/><W11/><G80/><T36/><D36/><U134/><E134/><V87/><F18/><W70/><G70/><T74/><D74/><AGARI ba="0,0" hai="5,11,14,60,63,74,79,82,97,98,99" m="50219" machi="74" ten="30,2000,0" yaku="19,1,52,1" doraHai="10" who="3" fromWho="0" sc="257,-20,95,0,210,0,438,20" /><INIT seed="7,0,0,2,2,111" ten="237,95,210,458" oya="3" hai0="11,110,103,17,19,30,31,75,39,88,128,97,131" hai1="0,94,64,42,65,84,45,120,3,89,71,38,1" hai2="122,41,78,107,61,129,72,21,112,77,14,52,29" hai3="22,79,25,126,101,70,133,68,85,32,15,50,91"/><W54/><G133/><T28/><D110/><U40/><E120/><V6/><F122/><W93/><G126/><T82/><D39/><U27/><E71/><V114/><F107/><W96/><G32/><T90/><D75/><U100/><E100/><V81/><F77/><W58/><G15/><T98/><D82/><U92/><E42/><V124/><F41/><W76/><G70/><T127/><D127/><U60/><E60/><V46/><F124/><W80/><G68/><T118/><D118/><U106/><E106/><V37/><F37/><W35/><G35/><T87/><D87/><U116/><E116/><V16/><F129/><N who="0" m="49738" /><D103/><U33/><E33/><V113/><F29/><AGARI ba="0,0" hai="22,25,29,50,54,58,76,79,80,85,91,93,96,101" machi="29" ten="30,2900,0" yaku="7,1,8,1" doraHai="111" who="3" fromWho="2" sc="237,0,95,0,210,-29,458,29" owari="237,3.7,95,-40.5,181,-21.9,487,58.7" /></mjloggm>