<mjloggm ver="2.3"><GO type="41" lobby="0"/><UN n0="%E2%93%9D%4C%75%63%6B%79%4A" n1="%E5%8D%83%E8%91%89%E4%B8%AD%E5%A4%AE" n2="%E3%83%95%E3%82%A7%E3%83%AA%E3%83%9A%40%63%6F" n3="%E7%99%BE%E5%88%86%E4%B9%8B%E7%99%BE%E7%B4%94%E8%89%B2%E7%B4%A0" dan="16,14,15,14" rate="2168.65,1926.10,2067.96,1852.43" sx="M,M,M,M"/><TAIKYOKU oya="0"/><INIT seed="0,0,0,4,2,94" ten="250,250,250,250" oya="0" hai0="2,38,113,63,93,53,70,19,110,117,104,100,64" hai1="91,46,48,25,107,16,90,108,66,49,118,51,81" hai2="84,114,99,98,115,134,26,87,40,106,97,127,29" hai3="31,3,88,41,12,95,9,78,126,76,112,86,42"/><T56/><D113/><N who="2" m="43018" /><F40/><W21/><G126/><T54/><D2/><U75/><E108/><V45/><F45/><W1/><G112/><T73/><D73/><U65/><E118/><V124/><F106/><W43/><G1/><T39/><D104/><U11/><E107/><V37/><F37/><W14/><G3/><T89/><D117/><U6/><E75/><V116/><F116/><W132/><G132/><T67/><D100/><U79/><E79/><V8/><F8/><W77/><REACH who="3" step="1"/><G9/><REACH who="3" ten="250,250,250,240" step="2"/><T109/><D110/><U102/><E11/><V10/><F10/><W7/><G7/><T5/><D5/><U28/><E6/><V0/><F0/><W71/><G71/><T103/><D109/><U128/><E128/><V60/><F60/><W50/><G50/><T111/><D111/><U17/><E46/><V33/><F134/><W30/><G30/><T32/><D70/><U92/><E28/><V80/><F80/><W119/><G119/><T59/><D39/><U85/><E102/><V61/><F61/><W122/><G122/><T96/><D38/><U82/><E81/><V105/><F105/><W22/><G22/><T44/><D63/><U125/><E125/><AGARI ba="0,1" hai="26,29,33,84,87,97,98,99,124,125,127" m="43018" machi="125" ten="40,8000,1" yaku="18,1,52,3" doraHai="94" who="2" fromWho="1" sc="250,0,250,-80,250,90,240,0" /><INIT seed="1,0,0,1,3,3" ten="250,170,340,240" oya="1" hai0="110,43,90,86,31,68,124,66,73,99,30,13,60" hai1="5,96,131,71,129,59,27,50,133,135,94,74,76" hai2="112,64,119,17,10,11,88,70,21,51,78,46,67" hai3="108,54,126,33,130,63,32,123,15,26,40,53,111"/><U80/><E71/><V58/><F58/><BYE who="2" /><W103/><G123/><T39/><D73/><UN n2="%E3%83%95%E3%82%A7%E3%83%AA%E3%83%9A%40%63%6F" /><U72/><E27/><V29/><F119/><W12/><G130/><N who="1" m="49674" /><E50/><V92/><F112/><W45/><G126/><T24/><D110/><N who="3" m="42025" /><G103/><T4/><D99/><U18/><E59/><V79/><F29/><N who="3" m="19511" /><G33/><T35/><D124/><U132/><E18/><V85/><F70/><W44/><G63/><T75/><D75/><N who="1" m="43039" /><E5/><V2/><F78/><W38/><G45/><T128/><D128/><U114/><E114/><V48/><F79/><W47/><G47/><T107/><D31/><U121/><E121/><V102/><F102/><AGARI ba="0,0" hai="72,74,94,96,102,132,133,135" m="43039,49674" machi="102" ten="40,12000,1" yaku="20,1,19,1,34,2" doraHai="3" who="1" fromWho="2" sc="250,0,170,120,340,-120,240,0" /><INIT seed="1,1,0,2,2,83" ten="250,290,220,240" oya="1" hai0="33,87,133,111,21,68,82,24,67,110,44,99,62" hai1="22,129,125,107,25,14,72,26,32,75,17,114,94" hai2="118,45,119,130,85,117,88,92,36,38,128,95,126" hai3="81,113,9,31,116,48,100,66,27,15,12,89,64"/><U39/><E114/><V28/><F28/><W97/><G113/><T59/><D33/><U53/><E107/><V102/><F45/><W41/><G116/><T101/><D133/><U23/><E125/><V10/><F126/><W127/><G127/><T74/><D74/><U79/><E129/><N who="2" m="49771" /><F10/><W124/><G124/><T77/><D68/><U103/><E39/><V47/><F47/><W90/><G48/><T55/><D44/><U71/><E71/><V96/><AGARI ba="1,0" hai="36,38,85,88,92,95,96,102,117,118,119" m="49771" machi="96" ten="40,5200,0" yaku="19,1,52,1,54,1" doraHai="83" who="2" fromWho="2" sc="250,-14,290,-27,220,55,240,-14" /><INIT seed="2,0,0,5,4,56" ten="236,263,275,226" oya="2" hai0="41,84,71,54,88,81,123,103,86,94,40,109,102" hai1="116,24,28,99,58,32,8,52,124,35,55,6,19" hai2="92,134,30,61,69,76,131,89,78,110,48,117,10" hai3="49,17,87,42,0,107,121,38,90,60,16,72,128"/><V111/><F117/><W77/><G121/><T31/><D71/><U14/><E116/><V129/><F30/><W79/><G107/><T4/><D123/><U105/><E124/><V66/><F134/><W27/><G128/><N who="2" m="49225" /><F48/><W119/><G0/><T39/><D109/><N who="2" m="41482" /><F10/><W98/><G38/><T135/><D39/><U11/><E35/><V93/><F93/><N who="3" m="56631" /><G72/><T97/><D31/><U57/><E105/><V15/><F15/><W96/><G96/><AGARI ba="0,0" hai="61,66,69,76,78,89,92,96" m="41482,49225" machi="96" ten="30,11600,0" yaku="19,1,14,1,10,1,52,1" doraHai="56" who="2" fromWho="3" sc="236,0,263,0,275,116,226,-116" /><INIT seed="2,1,0,0,3,48" ten="236,263,391,110" oya="2" hai0="30,74,114,116,6,73,109,125,38,96,126,95,112" hai1="119,81,105,83,0,51,4,77,107,133,56,86,59" hai2="26,33,68,113,127,42,57,34,2,80,104,82,75" hai3="108,49,93,79,100,19,97,35,106,102,99,7,120"/><V71/><F113/><N who="0" m="43626" /><D6/><U8/><E119/><V76/><F127/><N who="0" m="48650" /><D30/><U88/><E133/><V22/><F2/><W115/><G120/><T69/><D69/><U55/><REACH who="1" step="1"/><E59/><REACH who="1" ten="236,253,391,110" step="2"/><V98/><F57/><W50/><G115/><T29/><D116/><U135/><E135/><V124/><F124/><W13/><G108/><T23/><D109/><U111/><E111/><V10/><F68/><W91/><G35/><T11/><D38/><U12/><E12/><V5/><F71/><W47/><G7/><T54/><D74/><AGARI ba="1,1" hai="0,4,8,51,55,56,74,77,81,83,86,88,105,107" machi="74" ten="30,12000,2" yaku="1,1,7,1,52,1,54,1,53,2" doraHai="48" doraHaiUra="103" who="1" fromWho="0" sc="236,-123,253,133,391,0,110,0" /><INIT seed="3,0,0,1,1,133" ten="113,386,391,110" oya="3" hai0="6,16,34,8,84,33,120,15,18,24,28,39,88" hai1="27,46,47,87,79,98,131,94,56,97,93,72,70" hai2="130,83,29,51,86,32,90,44,45,4,100,109,102" hai3="117,121,54,57,105,31,110,55,114,38,20,49,40"/><W125/><G117/><T135/><D39/><U65/><E131/><V122/><F109/><W17/><G121/><T1/><D120/><U58/><E72/><V134/><F134/><W25/><G114/><T129/><D129/><U35/><E70/><V30/><F122/><W48/><G125/><T74/><D74/><U13/><E13/><V12/><F32/><W116/><G116/><T3/><D135/><U50/><E35/><N who="0" m="13321" /><D84/><U108/><E108/><V11/><F44/><W14/><G110/><T124/><D88/><U118/><E118/><V42/><REACH who="2" step="1"/><F130/><REACH who="2" ten="113,386,381,110" step="2"/><W68/><G105/><T95/><D124/><U2/><E47/><V128/><F128/><W107/><G107/><T123/><D123/><U0/><E46/><V66/><F66/><W5/><G38/><T76/><D95/><U81/><E65/><V53/><F53/><W101/><G55/><T69/><D69/><U132/><E132/><V78/><F78/><W21/><G68/><T52/><D76/><U96/><E93/><V22/><F22/><W63/><G21/><N who="0" m="15375" /><D52/><U26/><E94/><V59/><F59/><W85/><G54/><T80/><D80/><U37/><E58/><V104/><F104/><W82/><G57/><T71/><D71/><U111/><E111/><V112/><F112/><W99/><G82/><T113/><D113/><U119/><E119/><V127/><F127/><W92/><G92/><T41/><D41/><U23/><E37/><V61/><F61/><W19/><G63/><T115/><D115/><U89/><E79/><V106/><F106/><N who="3" m="63807" /><G40/><T36/><D36/><U64/><E56/><RYUUKYOKU ba="0,1" sc="113,15,386,-15,381,15,110,-15" hai0="1,3,6,8,15,16,18" hai2="4,11,12,29,30,42,45,51,83,86,90,100,102" /><INIT seed="4,1,1,0,1,62" ten="128,371,396,95" oya="0" hai0="1,67,11,80,15,77,26,37,42,111,43,117,81" hai1="95,97,99,74,131,55,104,113,17,128,110,71,5" hai2="126,135,83,78,68,102,115,41,107,64,96,109,52" hai3="49,0,13,86,85,130,51,72,134,44,94,124,24"/><T60/><D117/><U133/><E110/><V25/><F109/><W38/><G0/><T66/><D111/><U69/><E113/><V91/><F115/><W59/><G130/><N who="1" m="49706" /><E133/><V50/><F135/><W79/><G134/><T75/><D1/><U84/><E74/><V105/><F126/><W53/><G38/><T101/><D101/><N who="1" m="62511" /><E5/><V21/><F41/><W129/><G124/><T30/><D81/><U9/><E84/><V127/><F127/><W29/><G129/><T27/><D27/><U88/><E55/><V112/><F112/><W32/><G94/><T54/><D54/><U98/><E99/><V7/><F7/><W4/><G72/><T22/><D37/><U36/><E36/><V3/><F3/><W40/><G79/><T19/><REACH who="0" step="1"/><D67/><REACH who="0" ten="118,371,396,95" step="2"/><U92/><E95/><V76/><F64/><W58/><G53/><T28/><D28/><U65/><E65/><V2/><F2/><W89/><G29/><T8/><D8/><U121/><E121/><V108/><F108/><W48/><G24/><T16/><D16/><U57/><E17/><V125/><F125/><W106/><BYE who="2" /><G4/><T14/><D14/><U39/><E39/><V119/><F119/><W82/><G13/><UN n2="%E3%83%95%E3%82%A7%E3%83%AA%E3%83%9A%40%63%6F" /><T120/><D120/><U35/><E9/><V61/><F52/><W33/><G106/><T56/><AGARI ba="1,2" hai="11,15,19,22,26,30,42,43,56,60,66,75,77,80" machi="56" ten="20,7800,0" yaku="1,1,0,1,7,1,52,1,53,0" doraHai="62" doraHaiUra="100" who="0" fromWho="0" sc="118,101,371,-27,396,-27,95,-27" /><INIT seed="4,2,0,3,3,121" ten="219,344,369,68" oya="0" hai0="71,69,112,7,128,3,93,130,8,94,12,108,42" hai1="117,99,66,102,96,123,79,54,113,0,82,41,25" hai2="47,45,107,83,38,63,11,61,51,27,23,18,125" hai3="118,127,77,92,70,46,53,26,67,133,122,72,60"/><T43/><D112/><U76/><E113/><V119/><F125/><W100/><G118/><T88/><D94/><U101/><E117/><V114/><F114/><W89/><G122/><T73/><D73/><U86/><E123/><V80/><F107/><W98/><G127/><T110/><D3/><U97/><E0/><V37/><F119/><W111/><G111/><N who="0" m="42539" /><D43/><U50/><E41/><V34/><F34/><W4/><G133/><T135/><D42/><U109/><E109/><V64/><F11/><W131/><G131/><N who="0" m="50219" /><D135/><U13/><E66/><V6/><F6/><W15/><G67/><T22/><D22/><U30/><E13/><V33/><F64/><W65/><G15/><T44/><D44/><N who="1" m="27975" /><E76/><V74/><F74/><W120/><G4/><T9/><D9/><U5/><E5/><V16/><F23/><AGARI ba="2,0" hai="23,25,30,79,82,86,96,97,99,101,102" m="27975" machi="23" ten="30,1000,0" yaku="8,1" doraHai="121" who="1" fromWho="2" sc="219,0,344,16,369,-16,68,0" /><INIT seed="5,0,0,1,3,60" ten="219,360,353,68" oya="1" hai0="6,1,102,129,120,43,86,76,59,66,128,26,94" hai1="72,41,135,9,13,105,97,93,5,48,85,70,51" hai2="73,30,29,109,25,100,35,58,118,111,61,89,126" hai3="36,11,10,130,40,114,37,81,91,82,87,69,83"/><U54/><E135/><V124/><F73/><W96/><G130/><T121/><D43/><U132/><E70/><V27/><F100/><W34/><G114/><T101/><D6/><U24/><E72/><V57/><F89/><W88/><G34/><T125/><D1/><U134/><E105/><V106/><F118/><W23/><G69/><T110/><D26/><U42/><E85/><V123/><F106/><W117/><G117/><T3/><D3/><U108/><E108/><V0/><F0/><W32/><G32/><T53/><D53/><U92/><E92/><V15/><F15/><W18/><G96/><T21/><D21/><U99/><E99/><V2/><F2/><W38/><G40/><N who="1" m="15466" /><E24/><V127/><F123/><N who="0" m="47178" /><D125/><U95/><E95/><V107/><F107/><W16/><G87/><T52/><D110/><U8/><E9/><N who="3" m="3082" /><G23/><T90/><D129/><U56/><E132/><V103/><F111/><W39/><N who="3" m="9216" /><DORA hai="33" /><W45/><G45/><T122/><D128/><U68/><E68/><V49/><F109/><W19/><AGARI ba="0,0" hai="16,18,19,81,82,83,88,91" m="9216,3082" machi="19" ten="70,12000,2" yaku="29,2,28,2,54,2" doraHai="60,33" who="3" fromWho="3" sc="219,-30,360,-60,353,-30,68,120" /><INIT seed="6,0,0,5,0,77" ten="189,300,323,188" oya="2" hai0="124,99,60,12,14,129,80,119,0,85,92,55,61" hai1="117,36,22,134,132,120,38,116,84,46,6,27,82" hai2="3,32,53,42,20,81,121,8,26,79,29,96,57" hai3="10,28,47,24,48,5,98,68,123,107,44,113,93"/><V51/><F121/><W71/><G107/><T89/><D0/><U40/><E120/><V74/><F42/><W17/><G17/><T95/><D129/><U101/><E101/><V103/><F3/><W87/><G87/><T126/><D119/><U13/><E36/><V118/><F8/><W62/><G113/><T115/><D115/><U7/><E13/><N who="0" m="5225" /><D55/><U90/><E116/><V66/><F66/><W65/><G71/><T72/><D72/><U86/><E117/><V76/><F76/><W128/><G128/><T41/><D41/><U67/><E67/><V35/><REACH who="2" step="1"/><F118/><REACH who="2" ten="189,300,313,188" step="2"/><W83/><G123/><T2/><D2/><U45/><E132/><V78/><F78/><W64/><G64/><T9/><D9/><U33/><E134/><V106/><AGARI ba="0,1" hai="20,26,29,32,35,51,53,57,74,79,81,96,103,106" machi="106" ten="20,12000,1" yaku="1,1,0,1,7,1,52,1,53,1" doraHai="77" doraHaiUra="102" who="2" fromWho="2" sc="189,-40,300,-40,313,130,188,-40" /><INIT seed="6,1,0,4,0,110" ten="149,260,443,148" oya="2" hai0="66,76,52,70,29,9,12,19,95,130,0,94,61" hai1="83,79,51,44,103,27,73,46,71,39,90,28,121" hai2="3,131,91,58,23,10,25,67,36,20,111,115,60" hai3="17,69,117,38,129,114,89,68,21,75,33,72,135"/><V43/><F131/><W124/><RYUUKYOKU type="yao9" ba="1,0" sc="149,0,260,0,443,0,148,0" hai3="17,21,33,38,68,69,72,75,89,114,117,124,129,135" /><INIT seed="6,2,0,3,0,41" ten="149,260,443,148" oya="2" hai0="63,91,66,93,68,29,107,32,83,128,85,40,103" hai1="92,132,47,57,112,52,119,64,75,114,62,108,35" hai2="81,25,43,38,96,95,2,6,111,80,77,50,28" hai3="9,8,87,129,30,15,13,60,26,44,14,90,59"/><V73/><F111/><W37/><G129/><T21/><D128/><U12/><E75/><V3/><F38/><W27/><G37/><T100/><D21/><U79/><E79/><V98/><F81/><W88/><G44/><T135/><D135/><U86/><E35/><V46/><F6/><W1/><G1/><T94/><D103/><U61/><E108/><V118/><F98/><W130/><G130/><T131/><D40/><U20/><E119/><V110/><F118/><W7/><G90/><T72/><D72/><U34/><E34/><V102/><REACH who="2" step="1"/><F110/><REACH who="2" ten="149,260,433,148" step="2"/><W33/><G7/><T22/><D131/><U58/><E132/><V125/><F125/><W134/><G134/><T53/><D83/><U5/><E112/><V42/><F42/><W117/><G117/><T39/><D39/><U51/><E114/><V16/><F16/><W113/><G113/><T49/><D94/><U23/><E92/><V82/><F82/><W106/><G106/><T120/><D107/><U69/><E86/><V78/><F78/><W31/><G87/><T116/><D85/><U11/><REACH who="1" step="1"/><E69/><REACH who="1" ten="149,250,433,148" step="2"/><V4/><F4/><W74/><G74/><T67/><D116/><U97/><E97/><V122/><F122/><W99/><G99/><T115/><D120/><U48/><E48/><V19/><F19/><W24/><G31/><T56/><D29/><U105/><E105/><V10/><F10/><W124/><G8/><T133/><D115/><U70/><E70/><V126/><F126/><W101/><G124/><T45/><D133/><U84/><E84/><V36/><F36/><W123/><G123/><RYUUKYOKU ba="2,2" sc="149,-15,250,15,433,15,148,-15" hai1="5,11,12,20,23,47,51,52,57,58,61,62,64" hai2="2,3,25,28,43,46,50,73,77,80,95,96,102" /><INIT seed="6,3,2,2,1,94" ten="134,265,448,133" oya="2" hai0="2,34,79,107,85,65,48,121,70,103,111,71,128" hai1="18,66,127,9,3,10,8,17,29,83,58,102,74" hai2="31,78,26,46,54,11,126,56,33,99,95,115,104" hai3="130,49,55,59,64,114,51,14,24,5,89,32,35"/><V135/><F115/><W38/><G38/><T82/><D111/><U37/><E127/><V12/><F135/><W43/><G130/><T57/><D2/><U91/><E37/><V81/><F104/><W7/><G114/><T28/><D121/><U13/><E102/><V1/><F1/><W61/><G51/><T108/><D108/><U16/><E3/><V47/><F126/><W134/><G134/><T86/><D86/><N who="1" m="50655" /><E74/><V76/><F76/><W42/><G5/><T133/><D128/><U124/><E124/><V87/><F54/><W44/><G24/><T39/><D39/><U119/><E119/><V112/><F56/><W62/><G89/><T88/><D79/><U40/><E40/><V93/><F93/><W113/><G113/><T122/><D122/><U106/><E106/><V72/><F72/><W96/><G96/><T45/><D133/><U110/><E110/><V132/><F132/><W120/><G120/><T52/><D34/><U0/><E0/><V97/><F97/><W30/><G35/><T118/><D28/><U53/><E66/><V100/><REACH who="2" step="1"/><F112/><REACH who="2" ten="134,265,438,133" step="2"/><W123/><G123/><T41/><D65/><U20/><E29/><V60/><F60/><AGARI ba="3,3" hai="8,9,10,13,16,17,18,20,53,58,60" m="50655" machi="60" ten="30,2000,0" yaku="8,1,54,1" doraHai="94" who="1" fromWho="2" sc="134,0,265,59,438,-29,133,0" /><INIT seed="7,0,0,4,4,47" ten="134,324,409,133" oya="3" hai0="135,88,112,55,39,26,42,111,84,128,105,41,125" hai1="54,118,24,23,66,25,131,2,35,79,83,68,123" hai2="58,100,7,37,21,87,76,29,71,78,97,11,93" hai3="34,14,86,3,94,108,20,95,92,120,32,15,43"/><W33/><G120/><T110/><D105/><U30/><E123/><V5/><F71/><W9/><G108/><T44/><D125/><U101/><E118/><V70/><F70/><W8/><G86/><T36/><D135/><U1/><E131/><V103/><F37/><W98/><G20/><T132/><D132/><U72/><E101/><N who="2" m="60591" /><F58/><W99/><G43/><T45/><D112/><U106/><E106/><V50/><F50/><W102/><G3/><T122/><D122/><U27/><E27/><N who="2" m="16623" /><F11/><W77/><G77/><N who="2" m="29801" /><F87/><W56/><G56/><T28/><D128/><U134/><E134/><V49/><F49/><W38/><G38/><T126/><D126/><U62/><REACH who="1" step="1"/><E54/><REACH who="1" ten="134,314,409,133" step="2"/><V60/><F103/><W90/><REACH who="3" step="1"/><G94/><REACH who="3" ten="134,314,409,123" step="2"/><T124/><D124/><U16/><AGARI ba="0,2" hai="1,2,16,23,24,25,30,35,62,66,68,72,79,83" machi="16" ten="20,8000,1" yaku="1,1,2,1,0,1,7,1,54,1,53,0" doraHai="47" doraHaiUra="113" who="1" fromWho="1" sc="134,-20,314,100,409,-20,123,-40" owari="114,-28.6,414,51.4,389,18.9,83,-41.7" /></mjloggm>