<mjloggm ver="2.3"><GO type="41" lobby="0"/><UN n0="%E3%81%8B%E3%81%A5%E3%81%8D%EF%BC%B8%EF%BC%A9" n1="%E9%9B%B6%E5%BA%A6%E6%84%8F%E5%BF%B5" n2="%68%61%74%6F%70%6F" n3="%E2%93%9D%4C%75%63%6B%79%4A" dan="15,14,15,17" rate="1986.48,2082.39,1994.18,2181.33" sx="M,F,M,M"/><TAIKYOKU oya="0"/><INIT seed="0,0,0,2,5,65" ten="250,250,250,250" oya="0" hai0="70,50,124,42,40,8,52,95,72,49,91,18,77" hai1="130,122,5,21,134,55,87,59,16,107,68,0,24" hai2="69,109,105,94,115,63,76,47,37,113,46,120,35" hai3="129,116,112,93,3,119,83,89,30,75,26,36,58"/><T10/><D124/><U117/><E122/><V92/><F120/><W104/><G36/><T61/><D77/><U82/><E117/><V135/><F105/><W108/><G3/><T74/><D72/><U98/><E134/><V133/><F35/><W71/><G58/><T64/><D74/><U96/><E107/><V17/><F76/><W41/><G41/><T73/><D49/><U125/><E125/><V121/><F121/><W31/><G112/><N who="2" m="43081" /><F17/><W22/><G104/><T97/><D73/><U78/><E68/><V106/><F106/><W100/><G71/><T11/><REACH who="0" step="1"/><D18/><REACH who="0" ten="240,250,250,250" step="2"/><U20/><E130/><V99/><F37/><W27/><G129/><T4/><D4/><U67/><E5/><V118/><F118/><W110/><G119/><T56/><AGARI ba="0,1" hai="8,10,11,40,42,50,52,56,61,64,70,91,95,97" machi="56" ten="30,11700,0" yaku="1,1,0,1,52,1,54,1,53,0" doraHai="65" doraHaiUra="103" who="0" fromWho="0" sc="240,127,250,-39,250,-39,250,-39" /><INIT seed="0,1,0,1,4,64" ten="367,211,211,211" oya="0" hai0="113,77,107,8,42,58,87,116,67,110,100,127,109" hai1="50,66,69,41,126,11,31,3,101,83,94,122,91" hai2="62,27,79,5,14,117,49,54,10,86,93,70,33" hai3="78,16,43,89,57,95,135,92,65,45,53,123,59"/><T130/><D113/><U36/><E122/><V131/><F117/><W118/><G118/><T90/><D116/><U128/><E36/><V30/><F131/><W125/><G78/><T98/><D130/><U37/><E37/><V88/><F79/><W39/><G123/><T9/><D127/><U124/><E31/><V63/><REACH who="2" step="1"/><F70/><REACH who="2" ten="367,211,201,211" step="2"/><W133/><G125/><T22/><D77/><U34/><E69/><V28/><F28/><W108/><G135/><T19/><D42/><U7/><E41/><V24/><F24/><W71/><G71/><T13/><D67/><U17/><E66/><V47/><AGARI ba="1,1" hai="5,10,14,27,30,33,47,49,54,62,63,86,88,93" machi="47" ten="20,5200,0" yaku="1,1,0,1,7,1,54,1,53,0" doraHai="64" doraHaiUra="75" who="2" fromWho="2" sc="367,-27,211,-14,201,65,211,-14" /><INIT seed="1,0,0,1,5,23" ten="340,197,266,197" oya="1" hai0="2,25,78,62,95,106,40,104,67,68,83,84,77" hai1="73,37,29,76,47,125,94,24,97,122,18,108,70" hai2="46,61,26,66,93,42,102,85,59,105,75,127,54" hai3="120,11,9,50,31,121,112,15,82,20,65,119,129"/><U98/><E122/><V100/><F75/><W131/><G65/><T87/><D2/><U8/><E70/><V30/><F105/><W43/><G43/><T22/><D40/><U3/><E125/><V91/><F127/><W21/><G82/><T45/><D45/><U99/><E73/><V44/><F54/><W19/><G50/><T130/><D130/><N who="3" m="49673" /><G112/><T74/><D74/><U52/><E76/><V49/><REACH who="2" step="1"/><F46/><REACH who="2" ten="340,197,256,197" step="2"/><W33/><G119/><T36/><D78/><U126/><E126/><V53/><F53/><W107/><G107/><T57/><D106/><U34/><E52/><V72/><F72/><W80/><G121/><T96/><D104/><U41/><E108/><V39/><F39/><W69/><G120/><T117/><D36/><U55/><E55/><V58/><F58/><W118/><G69/><T10/><D68/><U90/><REACH who="1" step="1"/><E3/><REACH who="1" ten="340,187,256,197" step="2"/><V38/><F38/><W132/><G118/><T14/><D117/><U124/><E124/><V4/><F4/><W89/><G132/><T0/><D0/><U133/><E133/><V7/><F7/><W123/><G123/><T64/><D67/><U35/><E35/><AGARI ba="0,2" hai="26,30,35,42,44,49,59,61,66,85,91,93,100,102" machi="35" ten="30,3900,0" yaku="1,1,7,1,52,1,53,0" doraHai="23" doraHaiUra="115" who="2" fromWho="1" sc="340,0,187,-39,256,59,197,0" /><INIT seed="2,0,0,3,3,33" ten="340,148,315,197" oya="2" hai0="84,130,101,26,13,108,98,123,80,53,22,30,67" hai1="81,62,134,29,5,125,120,0,64,68,47,106,20" hai2="109,71,75,31,87,70,35,27,25,44,56,6,2" hai3="28,66,50,63,91,133,15,114,97,58,122,110,16"/><V128/><F75/><W43/><G122/><T72/><D72/><U65/><E106/><V95/><F128/><W105/><G110/><T24/><D123/><U45/><E120/><V119/><F119/><W61/><G133/><T82/><D130/><U126/><E134/><V83/><F95/><W94/><G114/><T21/><D67/><U37/><E65/><V96/><F96/><W18/><G28/><T3/><D108/><U57/><E57/><V55/><F27/><W127/><G127/><N who="1" m="48650" /><E37/><V46/><F70/><W8/><G105/><T42/><D42/><U103/><E103/><V10/><F71/><W90/><G63/><T59/><D13/><U132/><E81/><V111/><F111/><W100/><REACH who="3" step="1"/><G18/><REACH who="3" ten="340,148,315,187" step="2"/><T135/><D135/><U112/><E112/><V116/><F109/><W124/><G124/><T73/><D30/><U118/><E132/><V51/><REACH who="2" step="1"/><F116/><REACH who="2" ten="340,148,305,187" step="2"/><W69/><G69/><T92/><D98/><U60/><E118/><V39/><F39/><W48/><G48/><T93/><D101/><U102/><E102/><V88/><AGARI ba="0,2" hai="2,6,10,25,31,35,44,46,51,55,56,83,87,88" machi="88" ten="20,12000,1" yaku="1,1,0,1,7,1,52,1,54,1,53,0" doraHai="33" doraHaiUra="9" who="2" fromWho="2" sc="340,-40,148,-40,305,140,187,-40" /><INIT seed="2,1,0,1,3,100" ten="300,108,445,147" oya="2" hai0="88,61,24,42,85,51,84,110,5,50,91,109,38" hai1="45,132,2,15,93,68,26,4,8,76,86,90,59" hai2="52,22,36,87,127,20,122,69,27,71,78,12,55" hai3="92,72,29,63,123,79,104,121,111,7,65,48,0"/><V102/><F122/><W114/><G92/><T125/><D125/><U40/><E68/><V6/><F36/><W99/><G48/><N who="0" m="18475" /><D5/><U112/><E112/><V94/><F127/><W73/><G111/><N who="0" m="42507" /><D61/><U49/><E132/><V44/><F69/><W1/><G29/><T25/><D42/><U18/><E59/><V124/><F71/><N who="3" m="42431" /><G114/><T113/><D38/><U14/><E26/><N who="0" m="10345" /><D113/><U10/><E2/><N who="3" m="1130" /><G7/><T39/><D39/><U46/><E46/><V32/><F44/><W21/><G21/><T101/><D101/><U131/><E131/><V135/><F124/><W28/><G28/><T126/><D126/><U56/><E56/><V34/><F135/><W64/><G64/><T108/><N who="0" m="42515" /><T105/><DORA hai="103" /><D105/><U95/><REACH who="1" step="1"/><E76/><REACH who="1" ten="300,98,445,147" step="2"/><V119/><F78/><W134/><G79/><T17/><D17/><U116/><E116/><V30/><F119/><W129/><G134/><T23/><D23/><U13/><E13/><V80/><F22/><W96/><G123/><T66/><D66/><U60/><E60/><V120/><F120/><W53/><G121/><T77/><D77/><U31/><E31/><V117/><F117/><W9/><G129/><T19/><D19/><U54/><E54/><V58/><F55/><W47/><G53/><T74/><D74/><U82/><AGARI ba="1,1" hai="4,8,10,14,15,18,40,45,49,82,86,90,93,95" machi="82" ten="20,12000,2" yaku="1,1,0,1,7,1,8,1,53,3" doraHai="100,103" doraHaiUra="89,43" who="1" fromWho="1" sc="300,-31,98,133,445,-61,147,-31" /><INIT seed="3,0,0,4,4,29" ten="269,231,384,116" oya="3" hai0="107,51,74,91,57,2,88,38,40,49,85,98,1" hai1="31,78,63,89,99,79,70,83,64,48,6,55,86" hai2="77,5,119,92,50,67,120,105,75,95,116,135,36" hai3="132,46,58,0,21,25,27,35,130,12,80,103,94"/><W43/><G0/><T110/><D110/><U131/><E131/><V84/><F36/><W28/><G130/><T121/><D121/><U82/><E6/><V10/><F105/><W30/><G132/><T68/><D68/><U18/><E18/><V109/><F75/><W114/><G114/><T13/><D74/><U128/><E128/><V59/><F109/><W19/><G58/><T17/><D38/><U129/><E129/><V69/><F69/><W81/><G94/><T104/><D104/><U76/><E99/><V7/><F135/><W115/><G103/><T41/><D1/><U39/><E31/><V118/><F120/><W4/><G4/><T113/><D113/><U117/><E39/><V34/><F34/><W125/><G125/><T111/><D111/><U53/><E117/><V62/><F50/><W101/><G101/><T47/><D107/><U66/><E66/><V11/><F77/><W72/><G72/><T24/><D24/><U32/><E53/><V126/><F84/><W8/><REACH who="3" step="1"/><G115/><REACH who="3" ten="269,231,384,106" step="2"/><T15/><D2/><U73/><E73/><V133/><F133/><W20/><G20/><T134/><D134/><U52/><E82/><V127/><F7/><W112/><G112/><T9/><D57/><U124/><E124/><N who="2" m="47659" /><F11/><W37/><AGARI ba="0,1" hai="8,12,19,21,25,27,28,30,35,37,43,46,80,81" machi="37" ten="20,7800,0" yaku="1,1,0,1,7,1,52,1,53,0" doraHai="29" doraHaiUra="33" who="3" fromWho="3" sc="269,-26,231,-26,384,-26,106,88" /><INIT seed="3,1,0,1,0,32" ten="243,205,358,194" oya="3" hai0="91,127,83,47,70,38,99,81,59,4,89,12,106" hai1="17,50,1,114,10,92,60,82,66,86,120,46,98" hai2="53,84,87,44,105,78,25,42,69,75,125,15,14" hai3="122,72,35,80,128,49,94,0,74,116,97,73,104"/><W113/><G35/><T56/><D70/><U20/><E120/><V54/><F105/><W126/><G122/><T93/><D127/><U52/><E114/><V132/><F69/><W63/><G113/><T29/><D29/><U121/><E121/><V67/><F67/><W100/><G49/><T9/><D106/><U71/><E10/><V135/><F25/><W57/><G116/><T3/><D12/><N who="2" m="4650" /><F75/><W133/><G133/><N who="2" m="51273" /><F125/><W28/><G126/><T21/><D21/><U11/><E20/><V79/><F42/><W2/><G128/><T102/><D83/><U129/><E129/><V77/><F44/><W64/><G28/><T90/><REACH who="0" step="1"/><D81/><REACH who="0" ten="233,205,358,194" step="2"/><U43/><E71/><V51/><F51/><W19/><G104/><T34/><D34/><U110/><E82/><V41/><F41/><AGARI ba="1,1" hai="3,4,9,38,41,47,56,59,89,90,91,93,99,102" machi="41" ten="40,5200,0" yaku="1,1,52,1,53,1" doraHai="32" doraHaiUra="5" who="0" fromWho="2" sc="233,65,205,0,358,-55,194,0" /><INIT seed="4,0,0,4,2,54" ten="298,205,303,194" oya="0" hai0="44,73,108,76,74,20,84,101,130,48,21,132,124" hai1="26,23,65,82,25,33,125,22,9,50,51,99,104" hai2="68,30,80,105,24,31,14,67,94,62,92,41,19" hai3="2,135,126,85,75,45,69,90,110,88,60,86,123"/><T47/><D124/><U83/><E33/><V128/><F128/><W121/><G2/><T4/><D130/><U59/><E125/><V28/><F105/><W78/><G45/><T36/><D132/><U118/><E118/><V131/><F131/><W113/><G69/><T17/><D20/><U127/><E127/><V53/><F41/><W133/><G60/><T107/><D101/><U3/><E104/><V0/><F0/><W49/><G49/><T134/><D107/><U119/><E99/><V64/><F80/><N who="3" m="45151" /><G110/><T16/><D4/><U43/><E3/><V63/><F53/><W8/><G8/><T61/><D44/><U37/><E9/><V122/><F24/><W10/><G10/><T95/><D36/><U46/><E119/><V15/><F122/><N who="3" m="46603" /><G113/><T35/><D108/><U89/><E37/><V91/><F19/><W97/><G97/><T71/><D17/><N who="1" m="12495" /><E51/><V81/><F81/><N who="3" m="49487" /><G126/><T115/><D115/><U18/><E65/><V96/><REACH who="2" step="1"/><F94/><AGARI ba="0,0" hai="85,88,94,133,135" m="49487,46603,45151" machi="94" ten="30,7700,0" yaku="13,1,34,2,54,1" doraHai="54" who="3" fromWho="2" sc="298,0,205,0,303,-77,194,77" /><INIT seed="5,0,0,2,2,70" ten="298,205,226,271" oya="1" hai0="89,57,68,82,25,95,94,3,107,119,83,31,129" hai1="0,28,112,20,42,59,85,110,75,30,123,56,9" hai2="111,131,118,39,86,55,106,18,33,52,34,101,45" hai3="13,62,26,132,128,69,14,11,36,64,125,27,37"/><U135/><E123/><V67/><F118/><W114/><G128/><T58/><D68/><U121/><E75/><V19/><F67/><W109/><G109/><T29/><D107/><U10/><E121/><V90/><F111/><W98/><G114/><T78/><D3/><U49/><E110/><V81/><F131/><W38/><G14/><T6/><D6/><U134/><E112/><V126/><F126/><W17/><G125/><T117/><D129/><U73/><E73/><V71/><F71/><W97/><REACH who="3" step="1"/><G132/><REACH who="3" ten="298,205,226,261" step="2"/><T72/><D119/><U115/><E115/><V1/><F1/><W124/><G124/><T133/><D133/><U2/><E2/><V12/><F106/><W15/><G15/><T47/><D117/><U7/><E134/><V51/><F101/><W16/><G16/><T80/><D31/><U32/><E30/><V84/><F19/><W92/><G92/><T61/><D94/><U87/><E28/><V99/><F99/><AGARI ba="0,1" hai="11,13,17,26,27,36,37,38,62,64,69,97,98,99" machi="99" ten="40,8000,1" yaku="1,1,52,3,53,0" doraHai="70" doraHaiUra="50" who="3" fromWho="2" sc="298,0,205,0,226,-80,261,90" /><INIT seed="6,0,0,1,1,51" ten="298,205,146,351" oya="2" hai0="74,33,13,100,122,10,111,37,42,106,26,121,43" hai1="105,15,114,104,89,129,81,56,73,30,127,77,92" hai2="130,112,28,3,84,50,108,124,69,72,119,99,76" hai3="131,63,1,67,47,54,60,11,125,96,75,128,64"/><V46/><F119/><W91/><G75/><T36/><D111/><U133/><E30/><V132/><F3/><W66/><G96/><T25/><D74/><U94/><E129/><N who="3" m="49738" /><G91/><T59/><D33/><U18/><E114/><V2/><F2/><W31/><G31/><T5/><D100/><U86/><E127/><V65/><F72/><W45/><G11/><T102/><D102/><U110/><E110/><V32/><F130/><W117/><G1/><T90/><D106/><U109/><E109/><V61/><F108/><W53/><G117/><T35/><D90/><U101/><E133/><V40/><F112/><W7/><G7/><T93/><D93/><U16/><E18/><V107/><F132/><W85/><G85/><T41/><D35/><U24/><E24/><N who="2" m="18439" /><F84/><W98/><G98/><T4/><D10/><U8/><E101/><N who="2" m="62911" /><F76/><W80/><G80/><T17/><D13/><U115/><E115/><V34/><F34/><W79/><G79/><T21/><D21/><U62/><REACH who="1" step="1"/><E94/><REACH who="1" ten="298,195,146,351" step="2"/><V78/><F78/><W103/><G103/><T116/><D17/><U118/><E118/><V49/><F124/><W95/><G95/><T9/><D116/><U20/><E20/><V22/><F22/><W71/><G125/><T87/><D9/><U120/><E120/><V88/><F88/><W27/><G27/><T48/><D26/><U83/><E83/><V70/><F70/><N who="3" m="42367" /><G66/><AGARI ba="0,1" hai="8,15,16,56,62,66,73,77,81,86,89,92,104,105" machi="66" ten="30,3900,0" yaku="1,1,7,1,54,1,53,0" doraHai="51" doraHaiUra="44" who="1" fromWho="3" sc="298,0,195,49,146,0,351,-39" /><INIT seed="7,0,0,2,3,73" ten="298,244,146,312" oya="3" hai0="45,10,77,4,12,82,25,132,62,53,93,118,116" hai1="79,94,75,20,40,52,89,134,114,110,38,47,91" hai2="26,125,14,17,58,104,6,80,65,68,95,44,129" hai3="127,9,84,0,86,23,122,39,128,69,59,33,71"/><W72/><G72/><T63/><D132/><U101/><E110/><V24/><F104/><W31/><G23/><T60/><D93/><U76/><E134/><V119/><F68/><W56/><G9/><T100/><D100/><U108/><E75/><V106/><F106/><W2/><G31/><T117/><D25/><U8/><E108/><V74/><F119/><W111/><G39/><T3/><D45/><U135/><E135/><V16/><F129/><W46/><G46/><T112/><D112/><U97/><E8/><N who="2" m="4375" /><F74/><W1/><G2/><T66/><D53/><U64/><E64/><V11/><F44/><W48/><G128/><T78/><D82/><U27/><E114/><V19/><F125/><W49/><G111/><T96/><D96/><U43/><E38/><V30/><F80/><W103/><G127/><T36/><D36/><U61/><E91/><V121/><F121/><W105/><G105/><T5/><D66/><U70/><E101/><V42/><F42/><N who="1" m="15913" /><E70/><V98/><F11/><W13/><G103/><T102/><D102/><U22/><E61/><N who="2" m="38071" /><F30/><W41/><G41/><T32/><D32/><U133/><E133/><V35/><F35/><W99/><G33/><T83/><D83/><U81/><E81/><V90/><F26/><W50/><G71/><T92/><D92/><U67/><E67/><V18/><N who="2" m="4096" /><DORA hai="57" /><V87/><F24/><W85/><G69/><T29/><D29/><N who="1" m="17639" /><E22/><V113/><F113/><W131/><G131/><T109/><D109/><U21/><E21/><V37/><F37/><W55/><G122/><T34/><D34/><U126/><E126/><RYUUKYOKU ba="0,0" sc="298,10,244,10,146,10,312,-30" hai0="3,4,5,10,12,60,62,63,77,78,116,117,118" hai1="47,52,76,79,89,94,97" hai2="87,90,95,98" owari="308,40.8,254,-14.6,156,-34.4,282,8.2" /></mjloggm>