<mjloggm ver="2.3"><GO type="41" lobby="0"/><UN n0="%E4%B8%BB%E5%A9%A6%E3%81%A8%E3%81%97%E5%AD%90" n1="%E3%81%8D%E3%82%83%E3%83%BC%E3%82%8D%E3%82%93" n2="%E3%81%8A%E3%81%8B%E3%82%82%E3%82%8D%E3%82%93" n3="%E2%93%9D%4C%75%63%6B%79%4A" dan="15,14,15,17" rate="2120.15,2005.99,2074.48,2160.03" sx="M,M,M,M"/><TAIKYOKU oya="0"/><INIT seed="0,0,0,4,4,19" ten="250,250,250,250" oya="0" hai0="101,26,111,133,13,52,124,75,42,125,34,98,56" hai1="81,8,23,27,73,126,30,119,21,51,102,17,57" hai2="32,87,59,103,3,131,40,43,95,38,47,90,106" hai3="41,55,48,6,84,100,115,91,78,46,120,5,94"/><T16/><D75/><U79/><E119/><V135/><F135/><W114/><G120/><T123/><D123/><U93/><E126/><N who="0" m="48745" /><D42/><U54/><E8/><V92/><F131/><W127/><G127/><T85/><D85/><U105/><E93/><V64/><F3/><W80/><G100/><T117/><D117/><U129/><E129/><V20/><F32/><W134/><G134/><T58/><D133/><U113/><E102/><V37/><F106/><W63/><G115/><T97/><D58/><U86/><E105/><V15/><F103/><W82/><G114/><T116/><D111/><U69/><E69/><V128/><F128/><W110/><G110/><T99/><D116/><U72/><REACH who="1" step="1"/><E113/><REACH who="1" ten="250,240,250,250" step="2"/><V109/><F109/><W107/><G107/><N who="0" m="63919" /><D34/><U22/><E22/><V68/><F68/><W88/><G94/><T104/><D104/><U67/><E67/><V0/><F95/><W62/><G91/><T130/><D130/><U1/><E1/><V24/><F0/><W76/><G88/><T7/><D7/><U122/><E122/><V10/><F64/><W112/><G6/><T66/><D66/><U70/><E70/><V4/><F59/><W9/><G112/><T61/><D26/><AGARI ba="0,1" hai="17,21,23,26,27,30,51,54,57,72,73,79,81,86" machi="26" ten="30,7700,0" yaku="1,1,7,1,52,2,53,0" doraHai="19" doraHaiUra="96" who="1" fromWho="0" sc="250,-77,240,87,250,0,250,0" /><INIT seed="1,0,0,4,1,19" ten="173,327,250,250" oya="1" hai0="59,100,23,120,52,46,4,96,28,103,74,129,17" hai1="25,63,115,88,126,134,78,22,93,128,49,53,0" hai2="113,92,35,79,83,135,94,20,10,75,95,127,117" hai3="114,48,37,14,30,123,98,6,7,87,61,62,57"/><U110/><E115/><V29/><F117/><W133/><G114/><T71/><D120/><U72/><E0/><V41/><F113/><W34/><G37/><T97/><D74/><U76/><E126/><V111/><F127/><W84/><G34/><T27/><D71/><U45/><E134/><V90/><F135/><W64/><G133/><T116/><D129/><U11/><E128/><V119/><F111/><W15/><G30/><T8/><D46/><U91/><E72/><V82/><F119/><W80/><G98/><T101/><D28/><N who="1" m="17463" /><E11/><V77/><F41/><W131/><G123/><T104/><D104/><U47/><E47/><V56/><F35/><W124/><G131/><T58/><D58/><N who="1" m="35279" /><E91/><V39/><F39/><W24/><G124/><T40/><D40/><N who="1" m="24743" /><E110/><V2/><F2/><W102/><G57/><T112/><D112/><U69/><E69/><V65/><F10/><W13/><G7/><T73/><D73/><U122/><E122/><V86/><F90/><W68/><G6/><T108/><D108/><U50/><E50/><V18/><F29/><W60/><G48/><N who="0" m="31111" /><D116/><U43/><E43/><V16/><REACH who="2" step="1"/><F20/><REACH who="2" ten="173,327,240,250" step="2"/><W12/><G68/><T55/><D8/><U125/><E125/><V130/><F130/><W89/><G89/><T3/><D3/><U5/><E5/><V38/><F38/><W21/><G21/><T109/><D4/><U85/><AGARI ba="0,1" hai="76,78,85,88,93" m="24743,35279,17463" machi="85" ten="30,6000,0" yaku="8,1,52,1,54,1" doraHai="19" who="1" fromWho="1" sc="173,-20,327,70,240,-20,250,-20" /><INIT seed="1,1,0,3,0,2" ten="153,397,220,230" oya="1" hai0="82,47,83,45,93,30,0,125,29,88,108,27,95" hai1="69,8,113,22,80,59,133,100,87,43,81,114,28" hai2="76,122,55,126,34,44,110,19,72,121,4,106,54" hai3="119,84,98,68,37,102,9,52,17,74,48,112,11"/><U5/><E69/><V24/><F106/><W107/><G112/><T40/><D108/><U111/><E133/><V38/><F110/><W127/><G74/><T75/><D125/><U36/><E111/><V62/><F126/><W39/><G127/><T85/><D0/><U116/><E116/><V123/><F72/><W50/><G68/><T26/><D75/><U128/><E128/><V73/><F73/><W49/><G119/><T70/><D70/><U12/><E100/><V13/><F76/><W6/><G11/><T65/><D65/><U118/><E118/><V129/><F129/><W78/><G17/><T134/><D134/><U25/><E81/><V135/><F62/><W60/><G84/><T86/><D40/><U132/><E132/><V57/><F135/><W7/><G78/><T58/><D58/><U66/><E36/><V10/><F57/><W130/><G130/><T33/><D33/><U20/><E43/><V51/><F38/><W41/><G9/><T16/><D16/><U53/><E22/><V61/><F61/><W3/><G3/><T115/><D115/><U124/><E66/><V56/><F34/><W18/><G18/><T90/><AGARI ba="1,0" hai="26,27,29,30,45,47,82,83,85,86,88,90,93,95" machi="90" ten="25,8000,1" yaku="0,1,22,2,8,1,54,1" doraHai="2" who="0" fromWho="0" sc="153,83,397,-41,220,-21,230,-21" /><INIT seed="2,0,0,3,0,100" ten="236,356,199,209" oya="2" hai0="49,99,21,119,132,97,35,27,62,129,52,124,45" hai1="58,37,106,130,54,40,94,15,131,77,30,28,96" hai2="57,113,17,78,90,89,41,47,65,42,63,50,86" hai3="14,133,67,33,64,75,36,91,11,109,93,87,98"/><V103/><F113/><W112/><G112/><T117/><D124/><U51/><E77/><V19/><F78/><W111/><G33/><T53/><D129/><N who="1" m="49163" /><E15/><V68/><F42/><W123/><G123/><T26/><D35/><U10/><E10/><V7/><F7/><W43/><G133/><T115/><D132/><U24/><E24/><V81/><F103/><W34/><G75/><T118/><D115/><U16/><E16/><V82/><REACH who="2" step="1"/><F68/><REACH who="2" ten="236,356,189,209" step="2"/><W95/><G43/><T92/><D119/><U48/><E40/><V116/><F116/><W84/><G111/><T128/><D117/><U32/><E37/><V88/><F88/><W120/><G36/><T73/><D118/><U71/><E71/><V127/><F127/><W4/><G109/><T125/><D125/><U72/><E32/><V56/><F56/><W1/><G34/><T85/><D128/><U79/><E79/><V101/><F101/><W59/><G59/><N who="0" m="35175" /><D73/><U104/><E72/><V31/><F31/><N who="1" m="11817" /><E51/><V5/><F5/><W20/><G4/><T102/><D49/><U2/><E2/><V105/><F105/><W25/><G1/><T6/><D6/><U66/><E66/><V74/><F74/><W3/><G67/><T107/><D107/><U61/><E48/><V135/><F135/><W38/><G3/><T0/><D0/><U122/><E122/><V126/><F126/><W46/><G120/><T108/><D108/><U12/><E106/><V13/><F13/><W22/><G14/><T114/><D114/><U69/><E104/><V121/><F121/><W60/><G64/><T8/><D102/><RYUUKYOKU ba="0,1" sc="236,-10,356,-10,189,30,209,-10" hai2="17,19,41,47,50,57,63,65,81,82,86,89,90" /><INIT seed="2,1,1,3,2,49" ten="226,346,219,199" oya="2" hai0="98,112,92,62,85,65,123,27,127,131,44,114,40" hai1="36,28,79,122,56,96,32,68,66,17,60,59,133" hai2="54,12,18,24,10,91,37,52,7,87,19,11,5" hai3="25,113,99,38,53,46,22,100,132,78,33,39,90"/><V109/><F37/><W69/><G33/><T73/><D123/><U110/><E36/><V130/><F130/><W3/><G3/><T84/><D73/><U106/><E122/><V97/><F109/><W0/><G0/><T20/><D131/><U4/><E4/><N who="2" m="1611" /><F97/><W50/><G69/><T108/><D127/><U41/><E41/><V57/><F57/><W83/><G132/><T21/><D108/><U105/><E133/><V86/><F86/><W76/><G113/><T116/><D20/><U48/><E110/><V58/><F58/><W1/><G1/><T115/><D116/><U101/><E106/><V29/><F29/><W63/><G39/><T121/><D121/><U129/><E129/><V102/><F102/><W43/><G63/><T34/><D62/><U26/><E79/><V6/><N who="2" m="1619" /><V135/><DORA hai="126" /><F135/><W107/><G90/><T103/><D112/><U111/><E111/><V8/><F24/><W51/><G38/><T23/><D115/><U14/><REACH who="1" step="1"/><E48/><REACH who="1" ten="226,336,219,199" step="2"/><V128/><F128/><W125/><G51/><T55/><D114/><U61/><E61/><V2/><F2/><W15/><G78/><T95/><D40/><U119/><E119/><V42/><F42/><W31/><G43/><T89/><D65/><U30/><E30/><V134/><F134/><W81/><G76/><T67/><D67/><U80/><E80/><N who="2" m="49639" /><F19/><W124/><G83/><T16/><D16/><U47/><E47/><V82/><F82/><W117/><G81/><T118/><D44/><U70/><E70/><V72/><F72/><W64/><G117/><T88/><D118/><RYUUKYOKU ba="1,2" sc="226,-15,336,15,219,15,199,-15" hai1="14,17,26,28,32,56,59,60,66,68,96,101,105" hai2="8,10,11,12,18,52,54" /><INIT seed="2,2,2,2,1,37" ten="211,351,234,184" oya="2" hai0="128,70,5,33,82,61,26,46,99,52,94,54,35" hai1="49,92,13,113,36,83,30,62,11,84,133,106,85" hai2="7,2,75,31,63,71,43,114,40,130,56,65,97" hai3="64,105,16,74,88,124,17,69,132,18,0,102,112"/><V127/><F114/><W12/><G0/><T66/><D128/><U78/><E113/><V44/><F130/><W73/><G112/><T50/><D5/><U104/><E36/><V57/><F127/><W98/><G124/><T25/><D82/><U121/><E133/><V96/><F75/><W95/><G132/><T23/><D54/><U32/><E121/><V111/><F31/><W80/><G69/><T103/><REACH who="0" step="1"/><D26/><REACH who="0" ten="201,351,234,184" step="2"/><U87/><E83/><V91/><F7/><W90/><G64/><T1/><D1/><U123/><E123/><V22/><F2/><W59/><G12/><T108/><D108/><U20/><E13/><V68/><F111/><W131/><G131/><T122/><D122/><U21/><E78/><V47/><F63/><W93/><G80/><T51/><D51/><U89/><E49/><V38/><F65/><W24/><G24/><T34/><D34/><U15/><E32/><V10/><F38/><W53/><G74/><T135/><D135/><U120/><E62/><V14/><F14/><W55/><G73/><T86/><D86/><N who="1" m="52279" /><E120/><V45/><F47/><W27/><G27/><T100/><D100/><U48/><E48/><V109/><F109/><W79/><G79/><T119/><D119/><U118/><E118/><V8/><F22/><W116/><G116/><T4/><D4/><N who="1" m="3559" /><E21/><V134/><F134/><W39/><G39/><T42/><D42/><U72/><E72/><V117/><F117/><W19/><N who="3" m="4096" /><DORA hai="6" /><W67/><G55/><T60/><D60/><U76/><E76/><V129/><F129/><W115/><G115/><T58/><D58/><RYUUKYOKU ba="2,3" sc="201,10,351,10,234,10,184,-30" hai0="23,25,33,35,46,50,52,61,66,70,94,99,103" hai1="20,30,84,85,87,104,106" hai2="8,10,40,43,44,45,56,57,68,71,91,96,97" /><INIT seed="2,3,3,1,3,2" ten="211,361,244,154" oya="2" hai0="117,59,34,19,102,115,91,85,32,57,122,99,40" hai1="66,92,21,10,29,4,96,44,60,88,36,20,116" hai2="24,0,56,49,3,45,12,129,35,70,125,97,77" hai3="25,120,14,69,11,33,58,51,16,9,107,23,13"/><V87/><F70/><W94/><G107/><T131/><D122/><U114/><E114/><V75/><F75/><W30/><G69/><T80/><D115/><U89/><E116/><V103/><F129/><W38/><G38/><T15/><D131/><U98/><E29/><V112/><F112/><W52/><G120/><T17/><D40/><U132/><E132/><V111/><F125/><W28/><G30/><T106/><D117/><U43/><E89/><V84/><F56/><W55/><G94/><T8/><D19/><U73/><E98/><V46/><F12/><W110/><G110/><T95/><D32/><U101/><E101/><V53/><F111/><W1/><G1/><T100/><D34/><U41/><E41/><V67/><F67/><W127/><G127/><T7/><D102/><U124/><E73/><V61/><F61/><W109/><G109/><T27/><D106/><U126/><E126/><V48/><F24/><W113/><G113/><T26/><D26/><U5/><E5/><V63/><F63/><W105/><G105/><T71/><D71/><U86/><E86/><V6/><F35/><W37/><G37/><T130/><D130/><U72/><E72/><V31/><F31/><W76/><G76/><T68/><D68/><N who="1" m="42055" /><E124/><V104/><F84/><W128/><G128/><T108/><D108/><U22/><E22/><AGARI ba="3,3" hai="7,8,15,17,22,27,57,59,80,85,91,95,99,100" machi="22" ten="40,2600,0" yaku="8,1,52,1" doraHai="2" who="0" fromWho="1" sc="211,65,361,-35,244,0,154,0" /><INIT seed="3,0,0,5,4,89" ten="276,326,244,154" oya="3" hai0="44,40,15,7,83,43,65,63,126,11,48,106,68" hai1="54,125,132,99,18,95,0,104,42,109,38,78,5" hai2="80,82,36,77,53,64,123,66,72,1,124,107,108" hai3="73,8,34,6,58,3,90,75,130,19,118,13,110"/><W71/><G71/><T31/><D126/><U88/><E104/><V74/><F124/><W84/><G118/><T25/><D106/><U115/><E125/><V103/><F108/><W131/><G34/><T35/><REACH who="0" step="1"/><D83/><REACH who="0" ten="266,326,244,154" step="2"/><U24/><E109/><V87/><F107/><W17/><G110/><T70/><D70/><U28/><E132/><V112/><F77/><W97/><G131/><T76/><D76/><U57/><E78/><V128/><F128/><W16/><G130/><T79/><D79/><U93/><E115/><V116/><F74/><W29/><G75/><T39/><D39/><U47/><E95/><V21/><F36/><W100/><G73/><T127/><D127/><U91/><E93/><V23/><F72/><W133/><G133/><T61/><D61/><U41/><E38/><V30/><F112/><W96/><G100/><T92/><D92/><U50/><E99/><V2/><F103/><W86/><G86/><T26/><D26/><U22/><E91/><V45/><F87/><W14/><G97/><T94/><D94/><U67/><E88/><V121/><F116/><W27/><G96/><T105/><D105/><U46/><E50/><V56/><F82/><N who="3" m="49431" /><G58/><T51/><D51/><U60/><E57/><V113/><F80/><W4/><G6/><T37/><D37/><U101/><E101/><V114/><F56/><W32/><G27/><T129/><D129/><U62/><E5/><V59/><F59/><W98/><G98/><T85/><D85/><U49/><E24/><V52/><F45/><W55/><G55/><AGARI ba="0,1" hai="7,11,15,25,31,35,40,43,44,48,55,63,65,68" machi="55" ten="30,2000,0" yaku="1,1,7,1,53,0" doraHai="89" doraHaiUra="122" who="0" fromWho="3" sc="266,30,326,0,244,0,154,-20" /><INIT seed="4,0,0,5,4,56" ten="296,326,244,134" oya="0" hai0="120,40,100,18,55,135,42,23,69,3,123,38,50" hai1="63,16,14,97,79,114,96,13,102,78,61,134,5" hai2="77,104,84,130,94,82,86,4,0,70,34,92,113" hai3="28,117,51,129,109,22,106,112,32,6,7,108,44"/><T75/><D75/><U53/><E134/><V87/><F34/><W1/><G106/><T11/><D135/><U118/><E118/><V124/><F70/><W128/><G51/><T57/><D100/><U89/><E114/><V73/><F0/><W72/><G44/><T98/><D98/><U122/><E122/><V30/><F30/><W8/><G72/><T26/><D69/><U59/><E89/><V19/><F4/><W85/><G85/><T121/><D3/><U132/><E132/><V133/><F133/><W65/><G65/><T103/><D38/><U115/><E115/><V95/><F113/><W62/><G62/><T125/><D103/><U10/><E63/><V52/><F130/><N who="3" m="50283" /><G7/><T24/><D40/><U127/><E127/><V36/><F124/><W20/><G117/><T39/><D125/><U37/><E37/><V88/><F36/><W81/><G81/><T71/><D71/><U41/><E41/><V116/><F116/><W67/><G67/><T90/><D42/><U15/><E97/><V25/><F104/><W9/><G9/><T91/><D11/><U48/><E48/><V66/><F66/><W110/><G112/><T31/><REACH who="0" step="1"/><D39/><REACH who="0" ten="286,326,244,134" step="2"/><U43/><E43/><V107/><F107/><W83/><G83/><T45/><D45/><U105/><E5/><V12/><F73/><W2/><G2/><T49/><D49/><U47/><E47/><V99/><F99/><W60/><G60/><T74/><D74/><U126/><E126/><V76/><F82/><W131/><N who="3" m="50291" /><W35/><DORA hai="27" /><G28/><T80/><D80/><U68/><E68/><RYUUKYOKU ba="0,1" sc="286,10,326,10,244,-30,134,10" hai0="18,23,24,26,31,50,55,57,90,91,120,121,123" hai1="10,13,14,15,16,53,59,61,78,79,96,102,105" hai3="1,6,8,20,22,32,35,108,109,110" /><INIT seed="4,1,1,5,2,117" ten="296,336,214,144" oya="0" hai0="6,76,81,59,97,99,18,68,85,78,72,52,10" hai1="20,23,73,12,44,42,120,104,106,64,5,67,31" hai2="124,103,71,57,21,11,14,109,98,28,118,22,51" hai3="56,62,69,29,60,127,17,134,132,27,33,53,129"/><T102/><D68/><U125/><E73/><V123/><F109/><W19/><G129/><T107/><D99/><U24/><E120/><V15/><F71/><W26/><G127/><T77/><D18/><U46/><E125/><V82/><F124/><W25/><G29/><T41/><D41/><U90/><E46/><V40/><F118/><W55/><G33/><T116/><D116/><U49/><E23/><V95/><F123/><W80/><G80/><T8/><D72/><U111/><E111/><V88/><F28/><W48/><G69/><T3/><REACH who="0" step="1"/><D10/><REACH who="0" ten="286,336,214,144" step="2"/><N who="1" m="4175" /><E106/><V96/><F11/><W43/><G43/><T34/><D34/><U13/><E104/><V89/><F22/><W133/><REACH who="3" step="1"/><G55/><REACH who="3" ten="286,336,214,134" step="2"/><T83/><D83/><U113/><E42/><V94/><F82/><W4/><G4/><T74/><D74/><U0/><E31/><V61/><F40/><W112/><G112/><T86/><D86/><U30/><E113/><V45/><F103/><W39/><G39/><T122/><D122/><U115/><E30/><V105/><F105/><W58/><G58/><T114/><D114/><U79/><E115/><V7/><F7/><W75/><G75/><T87/><D87/><U128/><E128/><V54/><REACH who="2" step="1"/><F21/><REACH who="2" ten="286,336,204,134" step="2"/><W65/><G65/><T36/><D36/><U91/><E67/><V108/><F108/><W32/><G32/><T100/><D100/><U110/><E64/><V135/><F135/><W131/><G131/><T93/><D93/><U126/><E110/><V16/><F16/><AGARI ba="1,4" hai="16,17,19,25,26,27,48,53,56,60,62,132,133,134" machi="16" ten="50,6400,0" yaku="1,1,20,1,54,1,53,0" doraHai="117" doraHaiUra="37" who="3" fromWho="2" sc="286,0,336,0,204,-67,134,107" /><INIT seed="5,0,0,5,4,130" ten="286,336,137,241" oya="1" hai0="31,84,95,59,80,66,81,47,58,86,116,118,65" hai1="109,23,112,127,62,102,96,72,69,105,97,88,113" hai2="14,3,40,71,129,34,110,92,15,8,2,54,42" hai3="20,77,100,104,52,131,13,135,126,41,4,70,108"/><U90/><E69/><V82/><F129/><W83/><G108/><T50/><D31/><U17/><E109/><V11/><F110/><W6/><G41/><T16/><D95/><U5/><E72/><V85/><F34/><W67/><G126/><T121/><D121/><U61/><E5/><V132/><F71/><W9/><G131/><T57/><D118/><U73/><E73/><V27/><F27/><W21/><G104/><T124/><D124/><U115/><E127/><V87/><F92/><W48/><G100/><T98/><D98/><U53/><E97/><V22/><F22/><W89/><G89/><N who="1" m="34410" /><E53/><V7/><F54/><W106/><G106/><T60/><D116/><U76/><E76/><V94/><F94/><W56/><G6/><T12/><D84/><U75/><E75/><V18/><F7/><W114/><G114/><N who="1" m="29186" /><U79/><DORA hai="33" /><E79/><V123/><F123/><W103/><G103/><T91/><D81/><U93/><E105/><V29/><F29/><W111/><G111/><T45/><D45/><U117/><E117/><V0/><F0/><W120/><G120/><T55/><D66/><U101/><E101/><V122/><F122/><W28/><G67/><T133/><D65/><U32/><E32/><V99/><F99/><W51/><G70/><T1/><D86/><U30/><E30/><V49/><F82/><W128/><G28/><T125/><D125/><U119/><E119/><V39/><F18/><W64/><G64/><T107/><D16/><U26/><AGARI ba="0,0" hai="17,23,26,61,62,93,96,102" m="29186,34410" machi="26" ten="40,3900,0" yaku="15,1,54,1" doraHai="130,33" who="1" fromWho="1" sc="286,-13,336,39,137,-13,241,-13" /><INIT seed="5,1,0,4,2,106" ten="273,375,124,228" oya="1" hai0="122,71,75,23,8,41,109,81,38,14,111,95,90" hai1="36,77,42,69,87,28,51,126,94,98,97,130,30" hai2="103,92,78,102,134,6,125,12,104,54,26,44,96" hai3="114,21,9,37,121,119,88,53,29,58,74,68,73"/><U83/><E69/><V76/><F134/><W110/><G68/><T64/><D122/><U99/><E36/><V107/><F125/><W120/><G37/><T112/><D112/><U3/><E3/><V67/><F67/><W39/><G39/><T5/><D71/><U84/><E130/><V66/><F66/><W116/><G9/><T124/><D64/><U59/><E126/><V10/><F92/><W25/><G110/><T80/><D124/><U46/><E59/><V93/><F93/><W129/><G88/><AGARI ba="1,0" hai="28,30,42,46,51,77,83,84,87,88,94,97,98,99" machi="88" ten="40,3900,0" yaku="8,1,54,1" doraHai="106" who="1" fromWho="3" sc="273,0,375,42,124,0,228,-42" /><INIT seed="5,2,0,2,0,133" ten="273,417,124,186" oya="1" hai0="61,23,52,48,74,44,106,97,118,90,130,45,119" hai1="49,75,120,12,21,9,64,81,91,71,116,82,40" hai2="121,3,53,88,89,46,113,70,132,83,55,99,126" hai3="67,0,29,62,7,57,77,84,24,60,50,109,10"/><U18/><E116/><V103/><F121/><W117/><G117/><T78/><D130/><U73/><E120/><V34/><F70/><W56/><G109/><T102/><D44/><U110/><E110/><V65/><F65/><W108/><G108/><T131/><D131/><U32/><E32/><V124/><F34/><W20/><G77/><T42/><D78/><U13/><E73/><V86/><F3/><W107/><G107/><T95/><D74/><U96/><E75/><V80/><F132/><W17/><G84/><T36/><D23/><U58/><E71/><V122/><F122/><W43/><G43/><T69/><D102/><U14/><E40/><V28/><F28/><W59/><G50/><T112/><D106/><U47/><E47/><V68/><F68/><W51/><G51/><T63/><D63/><N who="1" m="38007" /><E49/><N who="2" m="28855" /><F113/><W16/><REACH who="3" step="1"/><G59/><REACH who="3" ten="273,417,124,176" step="2"/><N who="0" m="33159" /><D112/><U33/><E96/><V125/><F55/><AGARI ba="2,1" hai="0,7,10,16,17,20,24,29,55,56,57,60,62,67" machi="55" ten="30,3900,0" yaku="1,1,7,1,54,1,53,0" doraHai="133" doraHaiUra="66" who="3" fromWho="2" sc="273,0,417,0,124,-45,176,55" /><INIT seed="6,0,0,2,3,38" ten="273,417,79,231" oya="2" hai0="88,101,132,14,70,10,35,96,109,57,95,20,56" hai1="82,91,121,34,44,8,133,58,53,1,79,24,68" hai2="60,52,74,0,92,48,130,84,87,106,27,117,124" hai3="110,135,13,6,99,15,94,30,63,4,113,125,81"/><V29/><F117/><W115/><G110/><T76/><D109/><U36/><E68/><V22/><F106/><W112/><G135/><T93/><D35/><U26/><E133/><V50/><F74/><W131/><G131/><T77/><D70/><U72/><E121/><V41/><F130/><W85/><G30/><T12/><D20/><U134/><E34/><V103/><F124/><W86/><G63/><T17/><D14/><N who="3" m="5129" /><G125/><T119/><D119/><U67/><E91/><V90/><F0/><W129/><G129/><T107/><D107/><U33/><E67/><V100/><F84/><N who="3" m="32363" /><G81/><T3/><D3/><U83/><E83/><V42/><F60/><W127/><G127/><T75/><D75/><U39/><E33/><V32/><F32/><W18/><G18/><T5/><D17/><U31/><E39/><V116/><F116/><W108/><G108/><T43/><D132/><U111/><E31/><V118/><F118/><W28/><G28/><T73/><D73/><U7/><E134/><V40/><REACH who="2" step="1"/><F50/><REACH who="2" ten="273,417,69,231" step="2"/><W120/><G120/><T128/><D128/><U78/><E111/><V61/><F61/><W9/><G9/><T37/><D10/><U102/><E8/><V19/><F19/><W62/><G62/><T114/><D37/><U55/><E1/><V66/><F66/><W2/><G2/><T47/><D77/><U49/><E79/><V51/><F51/><W97/><G94/><T104/><D95/><U80/><E49/><V45/><AGARI ba="0,1" hai="22,27,29,40,41,42,45,48,52,87,90,92,100,103" machi="45" ten="30,18000,2" yaku="1,1,0,1,8,1,52,3,54,1,53,0" doraHai="38" doraHaiUra="69" who="2" fromWho="2" sc="273,-60,417,-60,69,190,231,-60" /><INIT seed="6,1,0,4,4,6" ten="213,357,259,171" oya="2" hai0="15,109,55,19,117,2,76,16,107,63,120,83,105" hai1="31,124,70,7,62,23,94,104,133,97,123,113,134" hai2="81,92,119,103,67,42,135,64,110,85,27,90,88" hai3="0,57,77,48,33,86,5,130,100,131,96,82,22"/><V102/><F119/><W79/><G33/><T54/><D109/><U50/><E104/><V24/><F110/><W129/><G22/><T75/><D120/><U73/><E73/><V114/><F114/><W25/><G25/><N who="2" m="9801" /><F135/><N who="1" m="51721" /><E113/><V61/><F42/><W10/><G57/><T93/><D2/><U121/><E7/><V101/><F61/><W40/><G40/><T30/><D30/><U112/><E112/><V53/><F53/><W89/><REACH who="3" step="1"/><G48/><REACH who="3" ten="213,357,259,161" step="2"/><T56/><D117/><U51/><E51/><V106/><F106/><AGARI ba="1,1" hai="0,5,10,77,79,82,86,89,96,100,106,129,130,131" machi="106" ten="40,8000,1" yaku="1,1,2,1,19,1,52,1,53,1" doraHai="6" doraHaiUra="80" who="3" fromWho="2" sc="213,0,357,0,259,-83,161,93" /><INIT seed="7,0,0,3,4,7" ten="213,357,176,254" oya="3" hai0="90,45,116,127,27,39,23,114,5,74,24,120,69" hai1="59,18,14,81,70,21,37,47,93,132,118,83,124" hai2="125,88,65,87,1,11,16,8,97,9,17,36,113" hai3="48,68,61,34,60,35,105,134,121,71,29,43,44"/><W94/><G105/><T20/><D116/><U64/><E70/><V128/><F1/><W0/><G0/><T53/><D69/><N who="3" m="26697" /><G94/><T52/><D120/><U91/><E124/><V22/><F36/><W129/><G29/><T19/><D74/><U86/><E132/><V133/><F133/><W28/><G28/><T119/><D119/><U50/><E37/><V98/><F125/><W89/><G89/><T96/><D5/><U123/><E118/><V102/><F128/><W25/><G25/><T77/><D77/><U108/><E123/><V6/><F113/><W82/><G82/><T78/><D78/><U100/><E100/><V31/><F6/><W75/><G75/><T33/><D33/><U56/><E108/><V117/><F117/><W76/><G76/><T42/><D114/><U13/><E13/><V80/><F65/><W4/><G4/><T126/><D126/><U106/><E106/><V131/><F131/><W101/><G101/><T49/><D39/><U67/><E67/><V15/><F31/><W85/><G85/><T115/><D115/><U55/><E64/><V62/><F62/><N who="3" m="24171" /><G121/><T111/><D111/><U84/><E93/><N who="2" m="58671" /><F98/><W2/><G2/><T103/><D127/><U110/><E110/><V135/><F135/><W32/><G134/><T95/><D103/><U41/><E83/><V54/><F54/><W130/><G130/><T122/><D122/><U26/><E86/><V30/><F30/><AGARI ba="0,0" hai="19,20,23,24,27,30,42,45,49,52,53,90,95,96" machi="30" ten="30,3900,0" yaku="7,1,8,1,54,1" doraHai="7" who="0" fromWho="2" sc="213,39,357,0,176,-39,254,0" owari="252,-14.8,357,45.7,137,-36.3,254,5.4" /></mjloggm>