<mjloggm ver="2.3"><GO type="41" lobby="0"/><UN n0="%E3%81%95%E3%82%8F%E3%82%84%E3%81%8B%E9%9D%A9%E5%91%BD" n1="%E2%93%9D%4C%75%63%6B%79%4A" n2="%E6%96%87%E5%A5%88%E9%9B%AA%E8%88%9F" n3="%E9%BB%92%E3%83%A9%E3%83%99%E3%83%AB%E2%98%85" dan="13,17,14,15" rate="1887.52,2163.64,2005.52,2087.92" sx="F,M,M,M"/><TAIKYOKU oya="0"/><INIT seed="0,0,0,5,4,2" ten="250,250,250,250" oya="0" hai0="15,39,44,102,76,58,13,10,71,123,20,72,101" hai1="103,36,79,78,60,84,40,3,70,73,116,51,81" hai2="112,49,77,88,134,52,41,34,30,114,83,98,80" hai3="8,48,90,22,104,21,46,59,35,12,113,56,1"/><T69/><D123/><U108/><E116/><V86/><F134/><W0/><G104/><T53/><D76/><U130/><E3/><V133/><F133/><W24/><G35/><T87/><D72/><U96/><E36/><V5/><F41/><W82/><G113/><T126/><D126/><U106/><E70/><V18/><F18/><W50/><G1/><T16/><D87/><U93/><E60/><V25/><F5/><W121/><G0/><T26/><D71/><U4/><E108/><V47/><REACH who="2" step="1"/><F98/><REACH who="2" ten="250,250,240,250" step="2"/><W131/><G121/><T99/><D69/><U115/><E4/><V119/><F119/><W135/><G135/><T55/><D99/><U23/><E40/><V132/><F132/><W19/><G131/><T65/><D39/><U27/><E130/><V125/><F125/><W127/><G127/><T100/><D44/><U45/><E45/><V92/><F92/><W124/><G124/><T57/><D65/><U128/><E128/><V118/><F118/><W28/><G46/><T68/><D68/><U17/><E93/><V74/><AGARI ba="0,1" hai="25,30,34,47,49,52,74,77,80,83,86,88,112,114" machi="74" ten="20,8000,1" yaku="1,1,0,1,7,1,54,2,53,0" doraHai="2" doraHaiUra="67" who="2" fromWho="2" sc="250,-40,250,-20,240,90,250,-20" /><INIT seed="1,0,0,2,5,31" ten="210,230,330,230" oya="1" hai0="36,55,68,53,98,118,59,37,11,95,40,73,91" hai1="66,89,43,15,0,108,82,78,2,23,79,64,97" hai2="107,13,41,12,6,57,50,16,84,109,80,18,72" hai3="63,56,21,32,114,93,120,5,105,54,14,103,132"/><U130/><E130/><V126/><F107/><W42/><G120/><T48/><D73/><U33/><E43/><V49/><F72/><W129/><G114/><T85/><D118/><U9/><E23/><V61/><F109/><W10/><G105/><T81/><D68/><U92/><E108/><V127/><F6/><W75/><G75/><T28/><D28/><U3/><E33/><V115/><F115/><W124/><G129/><T106/><D106/><U77/><REACH who="1" step="1"/><E82/><REACH who="1" ten="210,220,330,230" step="2"/><V7/><F41/><W51/><G32/><T123/><D123/><U104/><E104/><V20/><F126/><W125/><G21/><T71/><D71/><U24/><E24/><V83/><F83/><W76/><G124/><T34/><D34/><U70/><E70/><V30/><F127/><W19/><G125/><T1/><D40/><U46/><E46/><V111/><F111/><W38/><G42/><T27/><D27/><U121/><E121/><V44/><F44/><BYE who="2" /><W39/><G38/><T52/><D37/><U122/><E122/><V8/><F8/><W134/><G39/><T4/><REACH who="0" step="1"/><D36/><REACH who="0" ten="200,220,330,230" step="2"/><U58/><E58/><V74/><F74/><W45/><G56/><T100/><AGARI ba="0,2" hai="1,4,11,48,52,53,55,59,81,85,91,95,98,100" machi="100" ten="20,12000,2" yaku="1,1,2,1,0,1,7,1,54,1,53,1" doraHai="31" doraHaiUra="47" who="0" fromWho="0" sc="200,140,220,-60,330,-30,230,-30" /><INIT seed="2,0,0,5,5,68" ten="340,160,300,200" oya="2" hai0="132,74,118,13,0,30,25,97,26,29,87,99,23" hai1="39,43,45,106,54,41,73,12,14,4,19,80,48" hai2="70,119,37,50,82,93,6,110,35,134,117,112,17" hai3="16,46,85,126,81,33,58,127,55,133,7,89,111"/><V2/><F2/><W114/><G33/><T90/><D74/><U120/><E106/><V36/><F36/><W31/><G31/><T20/><D0/><U67/><E120/><V65/><F65/><W49/><G114/><T115/><D115/><U8/><E67/><V22/><F22/><W101/><G133/><T11/><D132/><U116/><E116/><V52/><F52/><W91/><G7/><T100/><D100/><U24/><E24/><V64/><F64/><W42/><G101/><T59/><D118/><U56/><E43/><V96/><F96/><W128/><G128/><T92/><REACH who="0" step="1"/><D59/><REACH who="0" ten="330,160,300,200" step="2"/><U51/><E73/><V57/><F57/><W107/><G111/><T3/><D3/><U61/><REACH who="1" step="1"/><E80/><REACH who="1" ten="330,150,300,200" step="2"/><V109/><F109/><W34/><G81/><T113/><D113/><U1/><E1/><V130/><F130/><W135/><G135/><T71/><D71/><U129/><E129/><V53/><F53/><W84/><G55/><T78/><D78/><U94/><E94/><V86/><F86/><W108/><G107/><T88/><D88/><U21/><AGARI ba="0,2" hai="4,8,12,14,19,21,39,41,45,48,51,54,56,61" machi="21" ten="20,5200,0" yaku="1,1,0,1,7,1,52,1,53,0" doraHai="68" doraHaiUra="103" who="1" fromWho="1" sc="330,-13,150,72,300,-26,200,-13" /><INIT seed="3,0,0,0,3,72" ten="317,222,274,187" oya="3" hai0="43,89,75,91,130,101,32,78,9,120,110,63,55" hai1="87,37,42,118,124,54,23,61,1,74,82,102,22" hai2="99,121,92,31,69,68,45,17,123,90,40,64,117" hai3="13,36,112,71,107,122,19,80,132,76,34,29,39"/><W57/><G122/><T133/><D120/><U86/><E1/><V97/><F97/><W134/><G107/><T52/><D32/><U6/><E74/><V47/><F47/><W33/><G71/><T46/><D133/><N who="3" m="51305" /><G57/><T79/><D75/><U62/><E6/><V104/><F104/><W3/><G3/><T114/><D110/><U111/><E124/><V18/><F18/><W15/><G112/><T67/><D130/><U108/><E42/><V70/><F70/><W21/><G13/><T35/><D35/><N who="3" m="13321" /><G29/><T25/><D114/><U14/><E14/><V116/><F116/><W51/><G51/><N who="0" m="27103" /><D101/><U27/><E102/><V26/><F26/><W11/><G11/><T119/><D119/><U41/><E27/><V12/><F12/><W58/><G58/><N who="0" m="37367" /><D25/><U77/><E118/><V49/><F49/><W93/><G93/><T0/><D0/><U66/><E111/><V10/><F10/><W128/><G128/><T2/><D2/><U60/><E108/><V4/><F4/><W106/><G106/><T50/><D9/><U103/><E66/><V59/><F59/><W8/><G8/><T88/><D50/><U105/><E105/><V85/><F85/><AGARI ba="0,0" hai="15,19,21,36,39,76,80,85" m="13321,51305" machi="85" ten="30,2900,0" yaku="20,1,52,1" doraHai="72" who="3" fromWho="2" sc="317,0,222,0,274,-29,187,29" /><INIT seed="3,1,0,5,5,61" ten="317,222,245,216" oya="3" hai0="52,42,113,83,106,97,125,38,86,55,5,30,25" hai1="3,46,90,23,96,126,57,54,87,27,19,51,59" hai2="49,74,73,11,95,75,43,66,4,35,44,50,20" hai3="134,85,94,7,2,107,132,34,22,29,37,103,40"/><W16/><G107/><T10/><D125/><U1/><E126/><V6/><F6/><W80/><G40/><T88/><D113/><U115/><E115/><V121/><F121/><W24/><G37/><T114/><D114/><U69/><E69/><V15/><F15/><W36/><G36/><T111/><D111/><U130/><E130/><V99/><F99/><W91/><G103/><T127/><D127/><U47/><E96/><V67/><F67/><W131/><G131/><T101/><D42/><U39/><E39/><V129/><F129/><W71/><G71/><T123/><D38/><U12/><E59/><V77/><F77/><W45/><G45/><T128/><D128/><U82/><E3/><V53/><F53/><W9/><REACH who="3" step="1"/><G80/><REACH who="3" ten="317,222,245,206" step="2"/><T63/><D123/><U81/><E82/><V31/><F31/><W70/><G70/><T41/><D41/><U110/><E110/><V62/><F62/><W117/><G117/><T105/><D63/><U56/><E47/><V122/><F122/><W98/><G98/><T118/><D106/><U102/><E102/><V79/><F79/><W135/><G135/><T104/><D104/><U13/><E46/><V108/><F108/><W109/><G109/><T65/><D118/><U32/><E57/><V28/><F28/><W18/><G18/><T120/><D120/><U100/><E100/><V112/><F112/><W68/><G68/><T14/><REACH who="0" step="1"/><D65/><REACH who="0" ten="307,222,245,206" step="2"/><U58/><E54/><V124/><F124/><W33/><G33/><AGARI ba="1,2" hai="5,10,14,25,30,33,52,55,83,86,88,97,101,105" machi="33" ten="30,12000,2" yaku="1,1,2,1,7,1,54,2,53,1" doraHai="61" doraHaiUra="26" who="0" fromWho="3" sc="307,143,222,0,245,0,206,-123" /><INIT seed="4,0,0,2,5,14" ten="450,222,245,83" oya="0" hai0="5,23,76,84,115,101,112,34,4,92,107,57,64" hai1="132,79,116,18,103,102,13,67,65,104,36,70,15" hai2="8,127,111,114,110,95,77,22,62,123,80,51,69" hai3="128,74,86,126,85,17,133,10,131,99,2,52,40"/><T129/><D34/><U7/><E36/><V33/><F33/><W100/><G74/><T135/><D135/><U134/><E70/><V56/><F56/><W73/><G73/><T117/><D107/><U87/><E104/><V47/><F47/><W96/><G40/><T98/><D117/><U25/><E25/><V16/><F16/><W108/><G108/><T97/><D129/><U122/><E122/><V61/><F61/><W90/><G133/><N who="1" m="51306" /><E7/><V125/><F125/><W88/><G126/><T109/><D109/><U48/><E15/><V0/><F0/><W82/><G2/><T30/><D97/><U39/><E48/><V35/><F35/><W93/><G52/><T11/><D11/><N who="1" m="6463" /><E39/><V31/><F31/><W3/><G3/><T113/><D76/><U12/><E12/><V42/><F42/><W26/><G10/><T1/><D84/><U124/><E116/><V130/><F130/><N who="3" m="49707" /><G100/><N who="1" m="38442" /><E124/><V71/><F71/><W45/><G45/><T89/><D1/><U91/><E79/><V41/><F41/><W94/><G82/><AGARI ba="0,0" hai="65,67,82,87,91" m="38442,6463,51306" machi="82" ten="30,2000,0" yaku="20,1,52,1" doraHai="14" who="1" fromWho="3" sc="450,0,222,20,245,0,83,-20" /><INIT seed="5,0,0,4,0,80" ten="450,242,245,63" oya="1" hai0="127,26,135,102,49,111,109,116,10,125,93,121,120" hai1="132,8,110,124,105,47,3,17,48,54,129,45,0" hai2="55,66,65,14,43,62,15,11,27,23,53,117,126" hai3="131,85,68,39,112,28,44,95,34,24,46,86,64"/><U57/><E105/><V25/><F25/><W22/><G131/><T20/><D49/><U60/><E129/><V114/><F114/><W36/><G112/><T16/><D93/><U75/><E75/><V51/><F51/><W74/><G74/><T96/><D96/><U19/><E124/><N who="0" m="47689" /><D102/><U119/><E119/><V99/><F99/><W4/><G4/><T31/><D116/><U83/><E132/><V1/><F1/><W18/><G95/><T52/><D52/><U92/><E110/><N who="0" m="41993" /><D135/><U35/><E92/><V123/><F123/><N who="0" m="47178" /><D10/><U133/><E8/><V88/><F88/><W12/><G44/><T58/><D58/><U70/><E47/><V82/><F82/><W122/><G122/><T13/><D13/><U128/><E45/><V78/><F78/><W108/><G108/><T79/><D79/><U59/><E59/><V30/><F30/><AGARI ba="0,0" hai="16,20,26,30,31" m="47178,41993,47689" machi="30" ten="40,8000,1" yaku="18,1,13,1,34,2,54,1" doraHai="80" who="0" fromWho="2" sc="450,80,242,0,245,-80,63,0" /><INIT seed="6,0,0,3,1,96" ten="530,242,165,63" oya="2" hai0="129,68,36,23,115,46,121,42,118,132,35,108,11" hai1="27,53,125,103,86,48,30,1,15,87,12,6,2" hai2="60,59,122,47,80,7,63,116,105,83,51,84,3" hai3="77,110,74,78,126,62,99,120,10,89,54,128,41"/><V69/><F69/><W98/><G120/><T114/><D23/><U91/><E125/><V95/><F95/><W28/><G110/><T130/><D11/><U107/><E2/><V5/><F5/><W64/><G28/><T109/><D46/><U40/><E40/><V0/><F0/><W123/><G41/><T88/><D88/><U55/><E55/><V50/><F50/><W73/><G123/><T112/><D42/><U26/><E87/><V29/><F29/><W70/><G10/><T79/><D79/><U33/><E27/><V81/><F81/><W17/><G126/><T102/><D102/><U66/><E66/><V14/><F14/><W49/><G17/><T24/><D24/><U34/><E34/><V111/><F111/><N who="0" m="42570" /><D35/><U43/><E43/><V92/><F92/><W16/><G16/><T97/><D97/><U76/><E76/><V100/><F100/><W52/><G98/><T104/><D104/><U13/><E1/><V124/><F124/><W37/><G37/><T82/><D82/><U25/><E26/><V117/><F117/><W101/><G78/><T44/><D44/><N who="1" m="27783" /><E107/><V131/><F131/><N who="0" m="50186" /><D36/><U67/><E103/><V113/><F113/><W31/><G77/><T18/><D18/><U22/><E33/><V75/><F75/><N who="3" m="28683" /><G128/><T71/><D71/><U61/><E6/><V32/><F32/><W106/><G31/><T135/><D68/><N who="1" m="42095" /><E91/><V134/><F134/><N who="0" m="51242" /><D121/><U4/><E4/><V72/><F72/><W9/><G9/><T119/><AGARI ba="0,0" hai="112,114,115,118,119" m="51242,50186,42570" machi="119" ten="50,32000,5" yakuman="42" doraHai="96" who="0" fromWho="0" sc="530,320,242,-80,165,-160,63,-80" owari="850,95.0,162,-3.8,5,-39.5,-17,-51.7" /></mjloggm>