<mjloggm ver="2.3"><GO type="41" lobby="0"/><UN n0="%E2%93%9D%4C%75%63%6B%79%4A" n1="%E3%83%8E%E3%82%AA%E3%83%81%E3%83%A3%E3%83%99%E3%82%B9" n2="%61%6F%69%79%61%73%75" n3="%6F%75%74%E7%A5%AD%E3%82%8A" dan="16,15,14,15" rate="2167.71,2067.63,1897.90,1989.12" sx="M,M,M,M"/><TAIKYOKU oya="0"/><INIT seed="0,0,0,1,2,1" ten="250,250,250,250" oya="0" hai0="36,100,103,96,28,10,91,39,110,117,114,73,124" hai1="57,133,30,46,125,18,55,49,69,34,108,16,52" hai2="107,27,37,5,23,95,87,127,111,122,81,135,44" hai3="85,86,115,26,29,68,67,126,121,6,82,93,92"/><T3/><D114/><U76/><E69/><V54/><F122/><W0/><G115/><T14/><D117/><U60/><E108/><V22/><F107/><W99/><G126/><T72/><D28/><U88/><E76/><V9/><F111/><W74/><G121/><T83/><D110/><U12/><E125/><V118/><F135/><W50/><G74/><T31/><D31/><U89/><E133/><V53/><F127/><W38/><G38/><T79/><D124/><U113/><E113/><V8/><F95/><W43/><G92/><T112/><D3/><U104/><E104/><V4/><F118/><W65/><G43/><T130/><D130/><U116/><E116/><V70/><F70/><W51/><G67/><T123/><D73/><U19/><REACH who="1" step="1"/><E12/><REACH who="1" ten="250,240,250,250" step="2"/><V131/><F131/><W15/><G15/><T32/><D112/><U66/><E66/><V106/><F106/><W25/><G65/><T48/><D79/><U84/><E84/><V24/><F87/><W80/><G86/><T59/><D72/><U101/><E101/><V17/><F81/><W119/><G68/><T63/><D83/><U33/><E33/><V2/><F37/><W45/><G119/><T94/><D39/><U62/><E62/><V11/><F2/><W98/><G85/><T61/><D36/><U20/><E20/><V132/><F132/><W75/><G75/><T21/><D32/><U40/><E40/><V129/><F129/><W109/><G82/><T56/><D123/><U90/><E90/><V41/><F41/><N who="3" m="24879" /><G80/><T64/><D91/><U71/><E71/><V58/><F23/><RYUUKYOKU ba="0,1" sc="250,-10,240,30,250,-10,250,-10" hai1="16,18,19,30,34,46,49,52,55,57,60,88,89" /><INIT seed="1,1,1,5,2,43" ten="240,270,240,240" oya="1" hai0="128,38,35,116,55,17,42,84,112,14,110,3,127" hai1="79,104,39,11,86,32,46,31,6,78,56,10,65" hai2="8,99,81,67,50,106,122,15,52,47,76,20,23" hai3="97,114,71,73,88,102,105,12,9,26,64,57,95"/><U25/><E104/><V27/><F122/><W98/><G114/><T103/><D3/><U70/><E70/><V93/><F67/><W77/><G71/><T2/><D35/><U126/><E126/><V69/><F69/><W131/><G131/><T118/><D2/><U82/><E79/><V75/><F27/><W60/><G26/><T7/><D7/><U4/><E4/><V94/><F106/><W1/><G1/><T53/><D103/><U48/><E39/><V33/><F33/><W135/><G135/><T89/><D110/><U119/><E119/><V51/><F51/><W96/><G77/><T107/><D112/><U34/><E34/><V130/><F130/><W85/><REACH who="3" step="1"/><G73/><REACH who="3" ten="240,270,240,230" step="2"/><T115/><D115/><U111/><E111/><V68/><F68/><W121/><G121/><T62/><D128/><U109/><E109/><V134/><F134/><W120/><G120/><T63/><D118/><U74/><E74/><V58/><F58/><W5/><AGARI ba="1,2" hai="5,9,12,57,60,64,85,88,95,96,97,98,102,105" machi="5" ten="20,5200,0" yaku="1,1,0,1,7,1,54,1,53,0" doraHai="43" doraHaiUra="72" who="3" fromWho="3" sc="240,-14,270,-27,240,-14,230,75" /><INIT seed="2,0,0,0,2,103" ten="226,243,226,305" oya="2" hai0="41,61,88,45,10,121,9,128,92,116,83,22,24" hai1="29,112,106,120,23,32,115,26,131,134,75,4,49" hai2="5,30,110,60,84,43,46,63,66,117,17,99,130" hai3="59,19,40,21,113,15,58,77,122,20,69,12,1"/><V101/><F117/><W89/><G122/><T57/><D116/><U135/><E75/><V56/><F130/><W33/><G69/><T55/><D128/><U13/><E49/><V108/><F5/><W71/><G71/><T72/><D121/><U6/><E106/><V73/><F73/><W35/><G1/><T28/><D83/><U7/><E120/><V98/><F30/><W54/><G77/><T129/><D72/><U123/><E131/><V64/><F17/><W44/><G89/><T105/><D105/><U93/><E93/><V100/><F84/><W68/><G68/><T16/><D28/><U0/><E0/><V132/><F132/><N who="1" m="50729" /><E123/><V14/><F14/><W38/><G59/><T90/><D90/><U65/><E65/><V133/><F133/><W18/><REACH who="3" step="1"/><G113/><REACH who="3" ten="226,243,226,295" step="2"/><N who="1" m="43594" /><E32/><V119/><F119/><W11/><G11/><AGARI ba="0,1" hai="4,6,7,11,13,23,26,29" m="43594,50729" machi="11" ten="30,3900,0" yaku="20,1,34,2" doraHai="103" who="1" fromWho="3" sc="226,0,243,49,226,0,295,-39" /><INIT seed="3,0,0,2,2,76" ten="226,292,226,256" oya="3" hai0="80,14,21,32,19,127,109,52,77,3,120,101,71" hai1="125,59,58,24,51,119,88,9,134,97,98,105,84" hai2="104,106,74,72,5,90,31,13,99,128,60,130,6" hai3="29,121,126,68,41,27,129,1,124,108,33,63,81"/><W7/><G121/><T102/><D120/><U12/><E105/><V42/><F31/><W133/><G41/><T110/><D3/><U8/><E134/><V10/><F42/><W65/><G133/><T112/><D71/><U66/><E125/><V85/><F6/><W2/><G129/><N who="2" m="49769" /><F60/><W118/><G118/><T91/><D91/><U107/><E107/><N who="2" m="41003" /><F99/><W15/><G108/><N who="0" m="41579" /><D32/><U96/><E119/><V4/><F4/><W64/><G64/><T131/><D127/><N who="3" m="48681" /><G81/><AGARI ba="0,0" hai="5,10,13,72,74,81,85,90" m="41003,49769" machi="81" ten="30,2000,0" yaku="19,1,52,1" doraHai="76" who="2" fromWho="3" sc="226,0,292,0,226,20,256,-20" /><INIT seed="4,0,0,5,1,15" ten="226,292,246,236" oya="0" hai0="110,45,27,52,8,11,31,7,5,84,1,68,127" hai1="44,95,115,69,99,125,89,71,23,14,97,116,130" hai2="129,19,62,81,92,111,76,39,123,0,112,86,6" hai3="94,47,104,17,4,42,72,98,28,32,85,49,30"/><T18/><D68/><U126/><E116/><V46/><F111/><W10/><G72/><T77/><D110/><U88/><E130/><V41/><F123/><W65/><G104/><T50/><D127/><N who="1" m="48651" /><E44/><V64/><F112/><W87/><G65/><T82/><D11/><U67/><E115/><V120/><F120/><W26/><G30/><T61/><D61/><N who="1" m="40175" /><E71/><V70/><F129/><W13/><REACH who="3" step="1"/><G4/><REACH who="3" ten="226,292,246,226" step="2"/><T34/><D7/><U106/><E106/><V108/><F6/><W75/><G75/><T59/><D45/><U113/><E113/><V121/><F108/><W51/><G51/><T80/><D82/><U66/><E66/><V55/><F121/><W16/><G16/><T114/><D114/><U36/><E36/><V103/><F19/><W74/><G74/><T2/><REACH who="0" step="1"/><D18/><REACH who="0" ten="216,292,246,226" step="2"/><N who="1" m="10711" /><E99/><V132/><F70/><W53/><G53/><T109/><D109/><U54/><E54/><V58/><F55/><W9/><G9/><T96/><D96/><U56/><E56/><V83/><F58/><W60/><G60/><T91/><D91/><AGARI ba="0,2" hai="88,89,91,95,97" m="10711,40175,48651" machi="91" ten="30,3900,0" yaku="18,1,52,1,54,1" doraHai="15" who="1" fromWho="0" sc="216,-39,292,59,246,0,226,0" /><AGARI ba="0,0" hai="10,13,17,26,28,32,42,47,49,85,87,91,94,98" machi="91" ten="30,7700,0" yaku="1,1,7,1,52,1,53,1" doraHai="15" doraHaiUra="22" who="3" fromWho="0" sc="177,-77,351,0,246,0,226,77" /><INIT seed="5,0,0,3,0,117" ten="100,351,246,303" oya="1" hai0="81,22,64,56,135,48,52,40,90,67,126,125,108" hai1="53,55,57,17,12,9,46,107,93,36,103,70,134" hai2="84,113,109,73,21,3,76,121,58,39,1,98,26" hai3="18,24,59,129,78,99,35,120,34,23,47,25,28"/><U38/><E70/><V123/><F109/><W132/><G78/><T7/><D7/><U106/><E134/><V61/><F73/><W42/><G132/><T87/><D135/><U14/><E93/><V27/><F39/><W96/><G129/><T51/><D108/><U104/><E103/><V74/><F74/><W29/><G59/><T124/><REACH who="0" step="1"/><D22/><REACH who="0" ten="90,351,246,303" step="2"/><U75/><E75/><V97/><F21/><W88/><G23/><T43/><D43/><U100/><E100/><V16/><F1/><W15/><G42/><T89/><D89/><U66/><E9/><V80/><F3/><W110/><G88/><T112/><D112/><U115/><E115/><V95/><F113/><W60/><G110/><T11/><D11/><U50/><E17/><V30/><F16/><W4/><G18/><T62/><D62/><U13/><REACH who="1" step="1"/><E66/><REACH who="1" ten="90,341,246,303" step="2"/><V114/><F114/><W92/><G4/><T19/><D19/><U128/><E128/><V71/><F71/><W91/><G24/><T69/><D69/><U72/><E72/><V65/><F27/><W2/><G25/><T44/><AGARI ba="0,2" hai="40,44,48,51,52,56,64,67,81,87,90,124,125,126" machi="44" ten="40,12000,2" yaku="1,1,0,1,18,1,54,1,53,3" doraHai="117" doraHaiUra="133" who="0" fromWho="0" sc="90,140,341,-60,246,-30,303,-30" /><INIT seed="6,0,0,0,3,37" ten="230,281,216,273" oya="2" hai0="43,133,59,108,113,62,105,61,52,21,31,93,85" hai1="135,15,72,49,63,44,118,14,10,123,32,79,18" hai2="87,69,40,30,9,131,68,111,134,130,107,39,53" hai3="128,20,121,0,88,73,23,95,38,46,104,13,12"/><V106/><F134/><W80/><G121/><T41/><D105/><U98/><E32/><V97/><F111/><W66/><G104/><T25/><D108/><U33/><E33/><V122/><F122/><W81/><G0/><T114/><D133/><U64/><E135/><V101/><F106/><W89/><G66/><T132/><D132/><U109/><E109/><V100/><F100/><W116/><G116/><T4/><D4/><U22/><E118/><V60/><F30/><W28/><G128/><N who="2" m="49193" /><F87/><W74/><G95/><T112/><D62/><U115/><E123/><V77/><F77/><W82/><G28/><T103/><REACH who="0" step="1"/><D85/><REACH who="0" ten="220,281,216,273" step="2"/><U16/><E72/><V17/><F60/><W83/><G74/><T58/><D58/><U117/><E117/><V78/><F53/><W19/><G73/><T57/><D57/><U55/><E98/><AGARI ba="0,1" hai="21,25,31,41,43,52,59,61,93,98,103,112,113,114" machi="98" ten="40,12000,2" yaku="1,1,15,1,52,2,54,1,53,1" doraHai="37" doraHaiUra="54" who="0" fromWho="1" sc="220,130,281,-120,216,0,273,0" /><INIT seed="7,0,0,5,0,64" ten="350,161,216,273" oya="3" hai0="100,82,49,6,130,77,56,135,38,3,112,47,55" hai1="59,37,11,32,41,113,21,105,128,42,33,31,46" hai2="99,116,70,5,73,107,63,53,28,61,118,109,78" hai3="114,27,121,48,18,45,131,123,1,30,98,126,39"/><W90/><G39/><T4/><D100/><U17/><E105/><V67/><F109/><W9/><G114/><T65/><D112/><U91/><E113/><V68/><F5/><W36/><G36/><T2/><D130/><U66/><E128/><V125/><F125/><W52/><G131/><T60/><D135/><U58/><E42/><V23/><F23/><W43/><G43/><N who="0" m="23031" /><D3/><U119/><E119/><V89/><F28/><W22/><G126/><T127/><D2/><U133/><E133/><V96/><F89/><W83/><G1/><T104/><D104/><U81/><E11/><V24/><F24/><W117/><G117/><T15/><D15/><U79/><E91/><V25/><F25/><W129/><G129/><T54/><D55/><U16/><E31/><V8/><F8/><W111/><G111/><T108/><D108/><U26/><E17/><V92/><F92/><W71/><G98/><T134/><D134/><U97/><E97/><V19/><F19/><W34/><G34/><T94/><D94/><U95/><E95/><V50/><F99/><W124/><G124/><T13/><D13/><U69/><E33/><V110/><F110/><W120/><G9/><T122/><D122/><U7/><E7/><V10/><F10/><W86/><G18/><T51/><D127/><U85/><REACH who="1" step="1"/><E32/><REACH who="1" ten="350,151,216,273" step="2"/><V80/><F96/><W14/><G30/><T29/><D29/><U12/><E12/><V75/><F107/><W57/><G14/><T84/><D54/><U103/><E103/><V40/><F53/><N who="3" m="31911" /><G123/><T0/><D0/><U76/><E76/><V101/><F78/><RYUUKYOKU ba="0,1" sc="350,15,151,15,216,-15,273,-15" hai0="4,6,49,51,56,60,65,77,82,84" hai1="16,21,26,37,41,46,58,59,66,69,79,81,85" owari="375,47.5,166,-33.4,201,-19.9,258,5.8" /></mjloggm>