<mjloggm ver="2.3"><GO type="41" lobby="0"/><UN n0="%E2%93%9D%4C%75%63%6B%79%4A" n1="%E5%80%89%E6%A9%8B%EF%BC%A0%E4%BA%8B%E5%8B%99" n2="%73%79%75%6E%31%31%32%32" n3="%E5%A4%A7%E5%B5%90" dan="18,15,14,14" rate="2213.38,2025.09,1846.49,1854.18" sx="M,M,M,M"/><TAIKYOKU oya="0"/><INIT seed="0,0,0,1,2,27" ten="250,250,250,250" oya="0" hai0="3,61,68,74,87,66,91,18,84,114,51,16,52" hai1="102,59,131,112,26,4,111,90,31,106,88,23,110" hai2="30,19,48,28,127,96,8,101,69,95,62,41,79" hai3="83,117,47,32,130,6,72,67,134,15,12,45,65"/><T126/><D114/><U13/><E131/><V92/><F127/><W2/><G117/><T9/><D74/><U40/><E112/><V115/><F115/><W133/><G130/><T89/><D126/><U116/><E116/><V46/><F79/><W56/><G2/><T58/><D3/><U49/><E106/><V70/><F70/><W35/><G72/><T39/><D39/><U11/><E102/><V109/><F109/><N who="1" m="41481" /><E59/><V24/><F69/><W108/><G56/><T50/><D51/><U81/><E81/><V36/><F36/><W54/><G83/><T85/><REACH who="0" step="1"/><D18/><REACH who="0" ten="240,250,250,250" step="2"/><U135/><E135/><V42/><F62/><W5/><G108/><T21/><D21/><U57/><E40/><V118/><F42/><W33/><G32/><T43/><D43/><U99/><E99/><V104/><F118/><W64/><G67/><T119/><D119/><U29/><E29/><V86/><F19/><W71/><G71/><T20/><D20/><U97/><E97/><V22/><F22/><W17/><G17/><T93/><D93/><U120/><E120/><V53/><F41/><W25/><G133/><T98/><D98/><U94/><E94/><V107/><F104/><W128/><G134/><T1/><D1/><U100/><E100/><V44/><F107/><W0/><G0/><T76/><D76/><U105/><E105/><V125/><F101/><W14/><G128/><T77/><D77/><U55/><AGARI ba="0,1" hai="4,11,13,23,26,31,49,55,57,88,90" m="41481" machi="55" ten="30,4000,0" yaku="14,1,52,1,54,1" doraHai="27" who="1" fromWho="1" sc="240,-20,250,50,250,-10,250,-10" /><INIT seed="1,0,0,2,4,35" ten="220,300,240,240" oya="1" hai0="93,118,64,122,103,120,12,39,18,45,88,28,104" hai1="2,119,127,40,15,83,27,101,99,97,135,67,60" hai2="114,74,115,26,131,36,20,84,25,94,30,56,4" hai3="89,24,9,73,19,69,5,52,126,98,110,48,66"/><U86/><E119/><V54/><F36/><W23/><G110/><T82/><D28/><U43/><E135/><V100/><F74/><W3/><G126/><T13/><D64/><U111/><E127/><V11/><F131/><W72/><G69/><T34/><D34/><U106/><E111/><V22/><F100/><W50/><G66/><T33/><D33/><U124/><E124/><V65/><F65/><W130/><G50/><T81/><D13/><U71/><E15/><V1/><F84/><W42/><G42/><N who="0" m="22751" /><D103/><U8/><E99/><V62/><REACH who="2" step="1"/><F94/><REACH who="2" ten="220,300,230,240" step="2"/><W77/><G130/><T117/><D118/><U63/><E86/><V44/><F44/><W112/><G112/><T59/><D117/><U70/><E67/><V32/><F32/><W91/><G73/><T134/><D93/><U16/><E71/><V132/><F132/><W87/><G87/><T128/><D128/><U79/><E70/><V53/><F53/><W85/><G85/><N who="0" m="50231" /><D134/><U121/><E106/><V6/><F6/><W107/><G107/><T21/><D104/><U41/><E41/><V102/><F102/><W116/><G116/><T49/><D81/><U105/><E40/><V46/><F46/><W95/><G72/><T55/><D122/><U61/><E43/><V31/><AGARI ba="0,1" hai="1,4,11,20,22,25,26,30,31,54,56,62,114,115" machi="31" ten="30,8000,1" yaku="1,1,0,1,9,1,52,1,53,1" doraHai="35" doraHaiUra="7" who="2" fromWho="2" sc="220,-20,300,-40,230,90,240,-20" /><INIT seed="2,0,0,2,0,91" ten="200,260,320,220" oya="2" hai0="30,93,109,44,45,56,47,55,40,65,41,29,57" hai1="97,7,31,121,38,13,135,84,117,85,18,61,78" hai2="64,103,54,104,106,49,116,81,129,133,28,46,69" hai3="68,98,21,34,112,120,101,74,87,9,10,63,94"/><V5/><F116/><W90/><G120/><T72/><D72/><U124/><E117/><V76/><F133/><W32/><G112/><T67/><D109/><U77/><E38/><V66/><F129/><W71/><G74/><T48/><D30/><U19/><E135/><V43/><F28/><W128/><G128/><T27/><D27/><U108/><E108/><V22/><F5/><W80/><G68/><T131/><D29/><U51/><E124/><V37/><F66/><N who="0" m="25098" /><D93/><U14/><E7/><V2/><F2/><W99/><G71/><T26/><D26/><U123/><E31/><V12/><F103/><W111/><G63/><N who="0" m="36287" /><D131/><U3/><E61/><V59/><F22/><W113/><G113/><T17/><D17/><U122/><E123/><V52/><F12/><W132/><G132/><T70/><D70/><U107/><E97/><V82/><F82/><W4/><G111/><T118/><D118/><U8/><E3/><V0/><F0/><W95/><G21/><T62/><D41/><U100/><E100/><V102/><F102/><W25/><G25/><T79/><D79/><U1/><E1/><V126/><F106/><W42/><G42/><T35/><D35/><U58/><E107/><V16/><F104/><W60/><G4/><T6/><D6/><U88/><E122/><V105/><F105/><W130/><G130/><T33/><D33/><N who="3" m="12905" /><G60/><T20/><D20/><N who="1" m="11343" /><E121/><V115/><F115/><W23/><G23/><T125/><D125/><U134/><E134/><V83/><F126/><W127/><G127/><T86/><D86/><N who="1" m="33387" /><E88/><V39/><F69/><W96/><G101/><RYUUKYOKU ba="0,0" sc="200,10,260,10,320,-30,220,10" hai0="40,44,45,47,48,56,62" hai1="8,14,19,51,58,77,78" hai3="9,10,80,87,90,94,95,96,98,99" /><INIT seed="3,1,0,1,5,83" ten="210,270,290,230" oya="3" hai0="43,54,79,110,116,3,40,134,133,67,84,28,50" hai1="46,1,88,87,76,109,2,14,98,13,91,108,15" hai2="34,19,44,119,135,21,45,117,41,20,59,10,92" hai3="62,57,101,49,53,106,86,99,80,31,6,95,90"/><W124/><G124/><T27/><D3/><N who="1" m="1035" /><E98/><V4/><F34/><W130/><G130/><T56/><D116/><U97/><E97/><V71/><F71/><W127/><G127/><T104/><D104/><U120/><E46/><V35/><F35/><W0/><G31/><T102/><D102/><U11/><E11/><V128/><F128/><W60/><G0/><T126/><D67/><U17/><E17/><V23/><F135/><N who="0" m="51722" /><D110/><N who="1" m="42603" /><E120/><V105/><F105/><W18/><G6/><T26/><D126/><U12/><N who="1" m="3072" /><DORA hai="81" /><U22/><E22/><V100/><F44/><W30/><G30/><T132/><N who="0" m="51730" /><T29/><DORA hai="131" /><D29/><U123/><E123/><V68/><F119/><W36/><G36/><T118/><D118/><U42/><E42/><N who="0" m="15913" /><D28/><U72/><E72/><V129/><F100/><W111/><G111/><T9/><D9/><U82/><AGARI ba="1,0" hai="76,82,87,88,91" m="3072,42603,1035" machi="82" ten="50,8000,1" yaku="14,1,52,2,54,1" doraHai="83,81,131" who="1" fromWho="1" sc="210,-21,270,83,290,-21,230,-41" /><INIT seed="4,0,0,2,2,96" ten="189,353,269,189" oya="0" hai0="111,1,98,122,3,16,11,72,73,15,59,31,127" hai1="130,50,56,55,27,4,121,105,34,104,33,79,70" hai2="113,118,125,41,93,38,51,8,12,84,107,24,90" hai3="91,39,77,25,58,71,106,60,68,94,103,53,6"/><T17/><D122/><U37/><E121/><V35/><F107/><W22/><G39/><T36/><D36/><U89/><E37/><V44/><F113/><W95/><G106/><T42/><D42/><U120/><E120/><V83/><F118/><W9/><G77/><T45/><D45/><U124/><E70/><V52/><F125/><W87/><G95/><T114/><D31/><U32/><E124/><V108/><F108/><W112/><G112/><T69/><D69/><U129/><E79/><V23/><F35/><W67/><G53/><T57/><D114/><U110/><E110/><V99/><F24/><W115/><G103/><T97/><D15/><U134/><E134/><V64/><F64/><W74/><G74/><T81/><D11/><U28/><E4/><V49/><F23/><W65/><G65/><T14/><D14/><U46/><E105/><V117/><F117/><W18/><REACH who="3" step="1"/><G115/><REACH who="3" ten="189,353,269,179" step="2"/><T86/><D127/><U7/><E104/><V63/><F38/><W20/><G20/><T0/><D111/><U26/><E33/><V29/><F52/><W48/><G48/><T133/><D81/><U19/><E32/><V82/><F51/><W116/><G116/><T135/><D3/><AGARI ba="0,1" hai="3,6,9,18,22,25,58,60,67,68,71,87,91,94" machi="3" ten="30,2000,0" yaku="1,1,7,1,53,0" doraHai="96" doraHaiUra="109" who="3" fromWho="0" sc="189,-20,353,0,269,0,179,30" /><INIT seed="5,0,0,2,1,127" ten="169,353,269,209" oya="1" hai0="17,115,52,120,123,42,8,116,53,5,49,85,2" hai1="102,16,47,87,80,104,78,60,39,56,113,33,98" hai2="37,15,110,30,74,28,117,1,93,84,12,32,6" hai3="40,21,0,92,27,99,111,75,135,19,13,10,63"/><U34/><E113/><V25/><F37/><W96/><G111/><T18/><D115/><U20/><E47/><V134/><F74/><W38/><G135/><T43/><D85/><U107/><E107/><V109/><F93/><W95/><G75/><T3/><D8/><U76/><E76/><V77/><F84/><W81/><G81/><T132/><D5/><U24/><REACH who="1" step="1"/><E39/><REACH who="1" ten="169,343,269,209" step="2"/><V66/><F77/><W7/><G38/><T82/><D132/><U88/><E88/><V124/><F134/><W79/><G79/><T68/><D49/><U121/><E121/><V14/><F110/><W58/><G40/><T114/><D114/><U71/><E71/><V83/><F109/><W70/><G70/><T4/><D68/><U51/><E51/><V35/><F117/><W118/><G118/><T108/><D108/><U46/><E46/><V41/><F41/><W36/><G36/><T122/><D123/><U57/><E57/><V94/><F124/><W23/><G58/><T59/><D59/><U73/><E73/><V64/><F66/><AGARI ba="0,1" hai="16,20,24,33,34,56,60,66,78,80,87,98,102,104" machi="66" ten="30,5800,0" yaku="1,1,7,1,54,1,53,0" doraHai="127" doraHaiUra="45" who="1" fromWho="2" sc="169,0,343,68,269,-58,209,0" /><INIT seed="5,1,0,1,1,60" ten="169,411,211,209" oya="1" hai0="12,117,102,107,87,103,56,25,43,23,38,53,115" hai1="128,66,124,48,62,6,51,93,41,109,30,22,86" hai2="42,68,64,11,32,31,77,65,4,39,7,59,127" hai3="81,90,91,28,49,113,118,26,10,101,99,52,61"/><U74/><E74/><V5/><F77/><W80/><G113/><T97/><D115/><U105/><E105/><V71/><F127/><W40/><G118/><T72/><D72/><U67/><E128/><V63/><F11/><W84/><G10/><T1/><D1/><U9/><E124/><V54/><F32/><W73/><G40/><T92/><D38/><U129/><E129/><V47/><REACH who="2" step="1"/><F31/><REACH who="2" ten="169,411,201,209" step="2"/><W94/><G73/><T69/><D117/><U3/><E30/><V134/><F134/><W57/><G80/><T35/><D35/><U70/><E9/><V98/><F98/><W88/><G61/><T120/><D97/><U116/><E62/><V135/><F135/><W33/><AGARI ba="1,1" hai="26,28,33,49,52,57,81,84,88,90,91,94,99,101" machi="33" ten="20,5200,0" yaku="0,1,7,1,54,2" doraHai="60" who="3" fromWho="3" sc="169,-14,411,-27,201,-14,209,65" /><INIT seed="6,0,0,1,0,123" ten="155,384,187,274" oya="2" hai0="72,99,135,101,59,83,121,128,125,70,66,68,108" hai1="96,69,80,63,111,62,105,1,82,86,129,14,4" hai2="118,79,126,6,120,19,46,92,15,88,127,76,91" hai3="48,117,37,38,28,122,34,0,27,49,94,106,53"/><V112/><F120/><W60/><G117/><T65/><D121/><U50/><E111/><V84/><F112/><W9/><G106/><T75/><D59/><U89/><E1/><V73/><F118/><W36/><G94/><T8/><D8/><U98/><E129/><V29/><F29/><W85/><G85/><T47/><D47/><U114/><E114/><V35/><F35/><W17/><G17/><T56/><D56/><U20/><E105/><V32/><F32/><W110/><G110/><T24/><D83/><U26/><E50/><V7/><F46/><W107/><G107/><T23/><D125/><N who="2" m="47626" /><F91/><W10/><G28/><T57/><D57/><U41/><E41/><V13/><F13/><W77/><G77/><N who="2" m="29769" /><F73/><W90/><G90/><T102/><D75/><U97/><E80/><V61/><F61/><W21/><G60/><T71/><D72/><U54/><E69/><V40/><F40/><W31/><G34/><T67/><D71/><U3/><E54/><V109/><F109/><W45/><G122/><T116/><D70/><U51/><E14/><V44/><F44/><W16/><G0/><T133/><D68/><U130/><E3/><V103/><F103/><W104/><G31/><N who="0" m="17823" /><D102/><U64/><E62/><V52/><F52/><W25/><G25/><T113/><D108/><U131/><E26/><V58/><F58/><W134/><G27/><T93/><D113/><U132/><E63/><V33/><F33/><W18/><G45/><T81/><D116/><U43/><E43/><V11/><AGARI ba="0,0" hai="6,7,11,15,19,84,88,92" m="29769,47626" machi="11" ten="30,3000,0" yaku="18,1,54,1" doraHai="123" who="2" fromWho="2" sc="155,-10,384,-10,187,30,274,-10" /><INIT seed="6,1,0,3,2,130" ten="145,374,217,264" oya="2" hai0="122,32,83,6,66,109,65,98,5,44,19,126,76" hai1="85,95,108,133,103,113,114,72,25,97,123,43,11" hai2="56,61,106,24,17,0,84,57,68,33,115,4,20" hai3="96,70,79,46,7,1,62,55,81,31,45,77,93"/><V132/><F106/><W135/><G31/><T120/><D109/><U125/><E108/><V128/><F128/><W100/><G79/><T129/><D32/><U15/><E72/><V49/><F115/><N who="1" m="44041" /><E125/><V64/><F33/><W74/><G55/><T51/><D129/><U94/><E43/><V8/><F132/><W127/><G135/><T71/><D19/><N who="1" m="8703" /><E133/><V89/><REACH who="2" step="1"/><F49/><REACH who="2" ten="145,374,207,264" step="2"/><W22/><G127/><T80/><D51/><U107/><E107/><V35/><F35/><W53/><G62/><T48/><D48/><U42/><E123/><V105/><F105/><W118/><G118/><T117/><D126/><U78/><E103/><V9/><F9/><W60/><G60/><T16/><D122/><U14/><E97/><V63/><F63/><W88/><G96/><T92/><D98/><U116/><E116/><V36/><F36/><W37/><G37/><T67/><D120/><U111/><E111/><V41/><F41/><W2/><G45/><T58/><D44/><U86/><E42/><V47/><F47/><W87/><G46/><T119/><D119/><U112/><E112/><V104/><F104/><W23/><G100/><T134/><D134/><U75/><E95/><AGARI ba="1,1" hai="0,4,8,17,20,24,56,57,61,64,68,84,89,95" machi="95" ten="30,2900,0" yaku="1,1,7,1,53,0" doraHai="130" doraHaiUra="102" who="2" fromWho="1" sc="145,0,374,-32,207,42,264,0" /><INIT seed="6,2,0,0,2,55" ten="145,342,249,264" oya="2" hai0="36,78,4,82,15,0,110,72,124,95,70,117,106" hai1="22,52,17,99,108,64,24,39,49,50,111,63,109" hai2="71,102,1,83,113,120,133,85,119,41,129,73,67" hai3="5,81,60,3,103,62,7,11,93,104,23,33,87"/><V28/><F41/><W135/><G33/><T10/><D110/><U44/><E99/><V84/><F84/><W21/><G104/><T68/><D124/><U94/><E94/><V38/><F85/><W132/><G7/><T13/><D117/><U126/><E126/><V30/><F30/><W35/><G35/><T98/><D106/><U115/><E115/><V88/><F88/><N who="3" m="51311" /><G93/><T29/><D29/><U40/><REACH who="1" step="1"/><E52/><REACH who="1" ten="145,332,249,264" step="2"/><V101/><F113/><W18/><G135/><T89/><REACH who="0" step="1"/><D36/><REACH who="0" ten="135,332,249,264" step="2"/><U58/><AGARI ba="2,2" hai="17,22,24,39,40,44,49,50,58,63,64,108,109,111" machi="58" ten="30,7900,0" yaku="1,1,2,1,0,1,52,1,53,0" doraHai="55" doraHaiUra="26" who="1" fromWho="1" sc="135,-22,332,105,249,-41,264,-22" /><INIT seed="7,0,0,2,0,6" ten="113,437,208,242" oya="3" hai0="87,127,45,24,111,113,46,118,107,59,105,2,61" hai1="1,52,37,74,49,90,40,50,33,15,104,58,41" hai2="22,35,97,122,115,119,130,99,89,0,124,121,60" hai3="92,4,17,94,71,123,48,62,84,51,128,102,112"/><W110/><G112/><T26/><D113/><U39/><E1/><V103/><F35/><W55/><G123/><N who="2" m="47113" /><F0/><W77/><G128/><T53/><D2/><U5/><E33/><V12/><F115/><W7/><G110/><T101/><D111/><U72/><E104/><V25/><F119/><W83/><G17/><T76/><D127/><U67/><E67/><V43/><F43/><W8/><G102/><T125/><D125/><U57/><E90/><V38/><F38/><W79/><G79/><T129/><D129/><U126/><E126/><V91/><F124/><W56/><G7/><T117/><D101/><U96/><E5/><V80/><F130/><W95/><G71/><T28/><D76/><U116/><E15/><AGARI ba="0,0" hai="4,8,15,48,51,55,56,62,77,83,84,92,94,95" machi="15" ten="40,3900,0" yaku="8,1,52,1" doraHai="6" who="3" fromWho="1" sc="113,0,437,-39,208,0,242,39" /><INIT seed="7,1,0,3,2,121" ten="113,398,208,281" oya="3" hai0="125,72,115,12,27,56,20,60,109,29,52,62,69" hai1="53,45,91,126,80,17,51,88,71,85,103,134,130" hai2="122,10,74,102,79,64,117,124,37,16,48,67,30" hai3="113,6,63,116,87,75,120,39,22,33,31,73,98"/><W21/><G113/><T99/><D125/><U0/><E71/><V36/><F117/><W108/><G120/><T96/><D72/><U95/><E0/><V81/><F122/><W133/><G39/><T59/><D69/><U9/><E126/><V19/><F124/><W47/><G33/><T11/><D115/><U41/><E130/><V43/><F102/><W127/><G6/><T7/><REACH who="0" step="1"/><D109/><REACH who="0" ten="103,398,208,281" step="2"/><U131/><E134/><V83/><F74/><W97/><G108/><T78/><D78/><U104/><E131/><V135/><F79/><W114/><G133/><T55/><AGARI ba="1,1" hai="7,11,12,20,27,29,52,55,56,59,60,62,96,99" machi="55" ten="20,12000,2" yaku="1,1,0,1,7,1,9,1,8,1,54,1,53,0" doraHai="121" doraHaiUra="105" who="0" fromWho="0" sc="103,133,398,-31,208,-31,281,-61" owari="236,3.6,367,46.7,177,-32.3,220,-18.0" /></mjloggm>