<mjloggm ver="2.3"><GO type="41" lobby="0"/><UN n0="%E3%81%A0%E3%81%84%E3%81%BF%E3%82%93%E3%81%8B%E3%82%93" n1="%52%42%31%30" n2="%E9%98%BF%E5%BC%A5%E9%99%80" n3="%E2%93%9D%4C%75%63%6B%79%4A" dan="15,15,13,13" rate="1994.24,1977.95,1943.19,2012.02" sx="M,M,M,M"/><TAIKYOKU oya="0"/><INIT seed="0,0,0,2,5,121" ten="250,250,250,250" oya="0" hai0="9,108,100,20,111,0,72,12,101,81,28,11,105" hai1="107,109,5,87,16,70,135,113,122,76,78,88,132" hai2="21,75,17,47,15,131,95,77,27,74,114,94,73" hai3="54,92,106,53,97,127,39,52,126,51,41,123,13"/><T23/><D72/><U35/><E122/><V10/><F114/><W89/><G123/><T8/><D0/><U98/><E113/><V103/><F131/><W18/><G106/><T26/><D81/><U24/><E70/><V22/><F22/><W66/><G66/><T29/><D105/><U4/><E109/><N who="0" m="42057" /><D101/><U124/><E124/><N who="3" m="47658" /><G39/><T99/><D99/><U82/><E78/><V84/><F47/><N who="3" m="26095" /><G54/><T120/><D100/><N who="1" m="62871" /><E76/><V7/><REACH who="2" step="1"/><F103/><REACH who="2" ten="250,250,240,250" step="2"/><W104/><G104/><T25/><D120/><U45/><E45/><V85/><F85/><W130/><G130/><T65/><D65/><U34/><E87/><V43/><F43/><W58/><G58/><T31/><D31/><U117/><E35/><V90/><F90/><W80/><G80/><AGARI ba="0,1" hai="7,10,15,17,21,27,73,74,75,77,80,84,94,95" machi="80" ten="40,2600,0" yaku="1,1,53,1" doraHai="121" doraHaiUra="3" who="2" fromWho="3" sc="250,0,250,0,240,36,250,-26" /><INIT seed="1,0,0,0,0,19" ten="250,250,276,224" oya="1" hai0="42,128,85,62,133,31,73,17,71,69,34,118,13" hai1="135,4,83,6,14,43,94,11,47,51,95,97,125" hai2="48,79,114,9,109,18,23,66,74,29,5,107,0" hai3="44,98,60,131,46,87,84,15,110,8,126,121,116"/><U41/><E135/><V119/><F119/><W28/><G121/><T20/><D73/><U70/><E70/><V52/><F107/><W86/><G116/><T16/><D118/><U96/><E125/><V55/><F109/><W10/><G126/><T102/><D133/><U37/><E83/><V103/><F103/><W56/><G131/><T88/><D128/><U49/><E4/><V33/><F114/><W82/><G28/><T81/><D102/><U130/><E130/><V30/><F66/><W32/><G32/><T26/><D42/><U63/><E63/><V104/><F104/><W99/><G82/><T7/><D62/><U93/><REACH who="1" step="1"/><E37/><REACH who="1" ten="250,240,276,224" step="2"/><V1/><F48/><W67/><G110/><T75/><D75/><U106/><E106/><V59/><F74/><W21/><G60/><T100/><D7/><U127/><E127/><V108/><F108/><W25/><G67/><T120/><D120/><U65/><E65/><V72/><F72/><W40/><G40/><T122/><D122/><U78/><E78/><V123/><F79/><W76/><G76/><T91/><D71/><U89/><E89/><V132/><F123/><W50/><G50/><T24/><D69/><U68/><E68/><V101/><F132/><W54/><G54/><T58/><D100/><U111/><E111/><V129/><F101/><W61/><G61/><T105/><D105/><U53/><E53/><V36/><F55/><W45/><G56/><T92/><D91/><U117/><E117/><V113/><F36/><W90/><G90/><T12/><D81/><U39/><E39/><V3/><F129/><RYUUKYOKU ba="0,1" sc="250,-10,240,30,276,-10,224,-10" hai1="6,11,14,41,43,47,49,51,93,94,95,96,97" /><INIT seed="1,1,1,0,1,29" ten="240,270,266,214" oya="1" hai0="19,120,128,37,98,93,32,129,25,80,26,62,48" hai1="70,11,126,72,27,50,56,45,44,64,9,55,79" hai2="112,33,23,61,5,87,131,41,13,59,54,39,103" hai3="127,49,114,107,57,20,110,63,86,18,85,28,122"/><U88/><E126/><V69/><F131/><N who="0" m="50250" /><D37/><U3/><E70/><V51/><F112/><W94/><G107/><T74/><D120/><U90/><E72/><V82/><F103/><W17/><G110/><T104/><D104/><U12/><E79/><V6/><F33/><W78/><G114/><T133/><D133/><U22/><E3/><V65/><F23/><W101/><G49/><T8/><D48/><U52/><E64/><V31/><F31/><W30/><G18/><T124/><D62/><N who="1" m="36103" /><E44/><N who="2" m="23615" /><F13/><W97/><G127/><T40/><D40/><U92/><E12/><V38/><F38/><W134/><G134/><T84/><D32/><U76/><E76/><AGARI ba="1,1" hai="5,6,51,54,59,61,65,69,76,82,87" m="23615" machi="76" ten="30,1000,0" yaku="24,1" doraHai="29" who="2" fromWho="1" sc="240,0,270,-13,266,23,214,0" /><INIT seed="2,0,0,5,5,15" ten="240,257,289,214" oya="2" hai0="89,132,52,12,114,86,78,32,45,31,133,79,122" hai1="7,110,18,53,26,64,46,116,2,112,6,118,39" hai2="5,57,11,47,9,34,106,49,83,119,58,84,81" hai3="66,35,92,48,30,25,103,76,38,28,115,91,50"/><V70/><F70/><W98/><G38/><T3/><D3/><U63/><E112/><V126/><F119/><W109/><G115/><T65/><D122/><U74/><E74/><V96/><F34/><W108/><G76/><T14/><D114/><U113/><E113/><V90/><F126/><W23/><G66/><T131/><D65/><U85/><E110/><N who="3" m="42602" /><G103/><T13/><D131/><U67/><E85/><N who="2" m="50479" /><F106/><W111/><N who="3" m="42610" /><W101/><DORA hai="56" /><G101/><T69/><D69/><U72/><E72/><V54/><F96/><W36/><G36/><T68/><D68/><U55/><E39/><V88/><F5/><W107/><G107/><T41/><D79/><U75/><E75/><V10/><AGARI ba="0,0" hai="9,10,11,47,49,54,57,58,83,84,88" m="50479" machi="10" ten="30,3000,0" yaku="8,1,54,1" doraHai="15,56" who="2" fromWho="2" sc="240,-10,257,-10,289,30,214,-10" /><INIT seed="2,1,0,2,4,61" ten="230,247,319,204" oya="2" hai0="69,55,21,134,41,16,17,32,65,42,106,108,67" hai1="125,64,9,111,96,71,7,20,83,74,63,54,93" hai2="112,68,82,91,123,25,5,75,10,8,34,3,87" hai3="81,56,40,92,118,98,4,6,59,24,130,51,86"/><V46/><F112/><W15/><G118/><T36/><D32/><U102/><E111/><V38/><F123/><W122/><G122/><T117/><D106/><U62/><E125/><V23/><F34/><W78/><G130/><T103/><D103/><U1/><E20/><V73/><F68/><W28/><G24/><T132/><D108/><U26/><E26/><V37/><F10/><W22/><G28/><T52/><D21/><U70/><E54/><N who="0" m="20521" /><D117/><U29/><E29/><V107/><F107/><W104/><G104/><T99/><D99/><U84/><E74/><V31/><REACH who="2" step="1"/><F46/><REACH who="2" ten="230,247,309,204" step="2"/><N who="3" m="26055" /><G22/><T131/><D69/><U119/><E119/><V128/><F128/><W109/><G109/><T14/><D131/><U129/><E129/><V101/><F101/><N who="3" m="60615" /><G6/><T39/><D134/><U85/><REACH who="1" step="1"/><E83/><REACH who="1" ten="230,237,309,204" step="2"/><V76/><F76/><W100/><G100/><T47/><D132/><U126/><E126/><V43/><F43/><N who="0" m="16394" /><D47/><U89/><E89/><V66/><F66/><AGARI ba="1,2" hai="1,7,9,62,63,64,66,70,71,84,85,93,96,102" machi="66" ten="40,8000,1" yaku="1,1,9,1,52,2,53,1" doraHai="61" doraHaiUra="90" who="1" fromWho="2" sc="230,0,237,103,309,-83,204,0" /><INIT seed="3,0,0,2,0,133" ten="230,340,226,204" oya="3" hai0="100,101,46,78,5,25,58,118,103,124,63,38,110" hai1="125,71,104,30,47,119,6,87,40,123,32,61,8" hai2="91,11,18,19,28,17,44,59,64,134,42,77,68" hai3="20,116,10,39,3,45,36,60,21,99,49,106,96"/><W43/><G116/><T126/><D118/><U129/><E119/><V79/><F68/><W84/><G106/><T131/><D110/><U102/><E123/><V132/><F28/><W111/><G111/><T24/><D131/><U85/><E129/><V37/><F11/><W93/><G99/><T29/><D78/><U72/><E72/><V12/><F12/><W83/><G39/><T48/><D38/><U73/><E73/><V9/><F9/><W88/><G36/><T4/><D48/><U122/><E47/><V90/><F79/><W112/><G112/><T69/><D46/><U127/><E40/><V121/><F77/><W89/><REACH who="3" step="1"/><G60/><REACH who="3" ten="230,340,226,194" step="2"/><T15/><D63/><U92/><E104/><V22/><F121/><W53/><G53/><T16/><D103/><U117/><E122/><V56/><F134/><W35/><G35/><T114/><D101/><U55/><E117/><V34/><F132/><W109/><G109/><T75/><D100/><U67/><E55/><V128/><F34/><W62/><G62/><T86/><D114/><U81/><E32/><V50/><F128/><W65/><G65/><T108/><D108/><U135/><E135/><V27/><F64/><W66/><G66/><T57/><D69/><U0/><E102/><V107/><F107/><W1/><G1/><T120/><D120/><U76/><E30/><N who="2" m="17783" /><F37/><W41/><G41/><T14/><D29/><U130/><E130/><V70/><F70/><W94/><G94/><T26/><D126/><U52/><E52/><V54/><F54/><W113/><G113/><T105/><D105/><U80/><E92/><RYUUKYOKU ba="0,1" sc="230,-30,340,10,226,10,194,10" hai1="0,6,8,61,67,71,76,80,81,85,87,125,127" hai2="17,18,19,42,44,50,56,59,90,91" hai3="3,10,20,21,43,45,49,83,84,88,89,93,96" /><INIT seed="3,1,1,2,3,4" ten="200,350,236,204" oya="3" hai0="66,87,69,45,102,126,53,54,128,36,21,70,35" hai1="51,75,27,18,8,88,125,0,31,34,61,133,124" hai2="127,92,86,114,24,29,76,62,59,67,79,63,119" hai3="9,22,74,80,94,110,23,112,39,105,30,42,32"/><W116/><G105/><T117/><D35/><U103/><E75/><V48/><F119/><W130/><G112/><T97/><D117/><U2/><E103/><V85/><F114/><W47/><G116/><T72/><D72/><U120/><E61/><V14/><F127/><N who="1" m="48713" /><E51/><V73/><F73/><W77/><G130/><T93/><D126/><U135/><E88/><N who="2" m="53263" /><F63/><W15/><G110/><T81/><D128/><U99/><E99/><V132/><F132/><N who="1" m="50761" /><E120/><V44/><F86/><W13/><G94/><T16/><D66/><U58/><E58/><V104/><F104/><W95/><G95/><T46/><D70/><U100/><E100/><V82/><F82/><W25/><REACH who="3" step="1"/><G15/><AGARI ba="1,1" hai="0,2,8,15,18,27,31,34" m="50761,48713" machi="15" ten="30,8000,1" yaku="18,1,20,1,34,2,52,1" doraHai="4" who="1" fromWho="3" sc="200,0,350,93,236,0,204,-83" /><INIT seed="4,0,0,1,5,45" ten="200,443,236,121" oya="0" hai0="10,58,96,108,21,123,97,15,46,84,2,64,113" hai1="109,102,25,17,134,12,37,9,75,100,24,124,129" hai2="77,90,120,11,1,3,101,72,7,50,112,32,55" hai3="47,16,51,54,56,116,49,30,0,79,104,114,66"/><T126/><D123/><U78/><E109/><V38/><F120/><W111/><G111/><T121/><D108/><U118/><E37/><V31/><F38/><W62/><G0/><T99/><D121/><U34/><E118/><V44/><F112/><W98/><G116/><T81/><D113/><U119/><E119/><V133/><F133/><W71/><G114/><T68/><D126/><U22/><E129/><V93/><F101/><W82/><G30/><T107/><D68/><U4/><E134/><V127/><F127/><W88/><G16/><T106/><D21/><U18/><E124/><V36/><F31/><W14/><G14/><T39/><D2/><U8/><E78/><V117/><F1/><W115/><G115/><T65/><D46/><U42/><E42/><N who="2" m="22599" /><F117/><W40/><G104/><T29/><D39/><U33/><E102/><V130/><F130/><W86/><REACH who="3" step="1"/><G98/><REACH who="3" ten="200,443,236,111" step="2"/><T95/><D29/><U35/><E75/><V48/><F32/><W80/><G80/><T43/><D107/><U57/><E34/><V73/><F72/><W20/><G20/><T135/><D106/><U110/><E22/><V131/><F131/><W76/><AGARI ba="0,1" hai="40,47,49,51,54,56,62,66,71,76,79,82,86,88" machi="76" ten="30,12000,2" yaku="1,1,0,1,52,2,54,1,53,2" doraHai="45" doraHaiUra="74" who="3" fromWho="3" sc="200,-60,443,-30,236,-30,111,130" /><INIT seed="5,0,0,3,5,86" ten="140,413,206,241" oya="1" hai0="1,28,112,116,53,120,39,106,103,58,93,64,123" hai1="83,94,66,126,105,108,76,51,17,11,81,114,134" hai2="5,68,77,4,33,100,130,127,111,41,133,73,50" hai3="20,70,85,43,87,110,29,55,99,30,40,34,82"/><U95/><E105/><V102/><F111/><W46/><G34/><T0/><D116/><U3/><E108/><V21/><F33/><W72/><G72/><T107/><D39/><U56/><E114/><V19/><F68/><W22/><G70/><T71/><D112/><U23/><E134/><V49/><F73/><W88/><G99/><T89/><D28/><N who="3" m="10857" /><G110/><T128/><D128/><U101/><E126/><V60/><F77/><N who="3" m="46543" /><G55/><T124/><D124/><U14/><E101/><V36/><F130/><W96/><G96/><T97/><D64/><U74/><E83/><V125/><F133/><W35/><G35/><T90/><D71/><U26/><E3/><N who="0" m="1097" /><D107/><U92/><E51/><N who="2" m="19467" /><F41/><N who="3" m="15947" /><G46/><T84/><D84/><U67/><REACH who="1" step="1"/><E56/><REACH who="1" ten="140,403,206,241" step="2"/><V65/><F127/><W54/><G54/><T98/><D106/><U57/><E57/><N who="2" m="37007" /><F125/><W42/><G42/><T6/><D103/><N who="2" m="39466" /><F36/><W119/><G119/><T63/><D123/><U15/><E15/><AGARI ba="0,1" hai="4,5,15,19,21" m="39466,37007,19467" machi="15" ten="30,1000,0" yaku="8,1" doraHai="86" who="2" fromWho="1" sc="140,0,403,-10,206,20,241,0" /><INIT seed="6,0,0,1,3,61" ten="140,393,226,241" oya="2" hai0="134,101,97,93,47,32,86,73,15,6,9,77,0" hai1="118,131,18,112,7,68,89,10,35,135,20,19,26" hai2="92,8,49,16,29,42,58,60,57,55,81,69,106" hai3="96,121,124,59,21,17,67,30,52,25,3,4,115"/><V100/><F106/><W103/><G121/><T48/><D134/><U54/><E68/><V105/><F105/><W122/><G122/><T28/><D73/><U1/><E118/><V113/><F69/><W75/><G75/><T130/><D130/><U41/><E112/><V104/><F104/><W80/><G3/><T83/><D32/><U27/><E41/><V33/><F113/><W45/><G4/><T56/><D0/><U62/><E131/><V37/><F37/><W65/><G45/><T84/><D84/><U23/><E35/><V120/><F120/><W31/><G80/><T78/><D56/><U76/><E76/><V133/><F133/><W110/><G110/><T107/><D107/><U125/><E135/><V71/><F71/><W111/><G124/><T50/><D28/><N who="3" m="10793" /><G111/><T91/><REACH who="0" step="1"/><D50/><REACH who="0" ten="130,393,226,241" step="2"/><U98/><E1/><V39/><F29/><W51/><G115/><T34/><D34/><U36/><E36/><V109/><F33/><W102/><G96/><T11/><D11/><U22/><E10/><V74/><F39/><W116/><G116/><T114/><D114/><U126/><E98/><N who="2" m="59463" /><F109/><W85/><G85/><T24/><D24/><U94/><E27/><V82/><F74/><W132/><G132/><T12/><D12/><U88/><E26/><V64/><F42/><AGARI ba="0,1" hai="6,9,15,42,47,48,77,78,83,86,91,93,97,101" machi="42" ten="30,3900,0" yaku="1,1,7,1,8,1,53,0" doraHai="61" doraHaiUra="66" who="0" fromWho="2" sc="130,49,393,0,226,-39,241,0" /><INIT seed="7,0,0,5,2,22" ten="179,393,187,241" oya="3" hai0="1,102,100,90,112,110,123,99,104,52,15,27,117" hai1="2,65,50,40,84,48,55,19,68,73,126,93,130" hai2="94,20,83,3,6,121,75,72,77,16,98,128,53" hai3="80,25,46,13,51,36,122,135,58,116,45,115,78"/><W79/><G122/><T67/><D123/><U47/><E73/><V88/><F121/><W92/><G116/><T71/><D1/><U63/><E2/><V96/><F128/><W109/><G36/><T129/><D110/><U37/><E130/><V108/><F108/><W64/><G109/><T76/><D129/><U38/><E126/><V11/><F53/><W33/><G92/><T35/><D117/><U30/><E30/><V54/><F54/><W127/><G115/><T4/><D112/><U125/><E125/><V119/><F119/><W61/><G135/><T14/><D76/><U26/><E19/><V41/><F75/><W10/><G127/><T82/><D102/><U43/><E26/><V105/><F41/><W7/><G46/><T134/><D134/><U39/><E84/><V32/><F32/><W8/><G10/><T91/><D52/><N who="1" m="29727" /><E93/><V97/><REACH who="2" step="1"/><F105/><REACH who="2" ten="179,393,177,241" step="2"/><W118/><G118/><T17/><D4/><U81/><E81/><V66/><F66/><W106/><G106/><T12/><D82/><U101/><E101/><V132/><F132/><W28/><REACH who="3" step="1"/><G80/><REACH who="3" ten="179,393,177,231" step="2"/><T49/><D104/><U34/><E38/><V95/><F95/><W87/><G87/><T114/><D114/><U111/><E111/><V85/><F85/><W0/><G0/><T74/><D74/><U5/><E39/><V62/><F62/><W21/><G21/><T29/><D35/><U23/><E34/><V31/><F31/><W131/><G131/><T9/><D29/><U57/><E37/><V133/><F133/><W113/><G113/><T89/><D9/><U107/><E107/><RYUUKYOKU ba="0,2" sc="179,-15,393,-15,177,15,231,15" hai2="3,6,11,16,20,72,77,83,88,94,96,97,98" hai3="7,8,13,25,28,33,45,51,58,61,64,78,79" /><INIT seed="7,1,2,4,2,120" ten="164,378,192,246" oya="3" hai0="84,13,61,78,59,123,62,109,8,115,45,102,1" hai1="39,126,107,16,31,21,66,23,94,20,101,85,9" hai2="129,83,125,77,35,55,43,19,34,51,122,124,73" hai3="75,111,65,79,2,57,112,49,24,89,29,135,12"/><W15/><G2/><T81/><D109/><U98/><E39/><V118/><F118/><W25/><G111/><T58/><D123/><U76/><E126/><N who="2" m="48747" /><F122/><W121/><G79/><T7/><D115/><U48/><E66/><V106/><F106/><W28/><G75/><T130/><D130/><U134/><E134/><V68/><F68/><W70/><G70/><T104/><D1/><U0/><E48/><V60/><F129/><W56/><G121/><T32/><D32/><N who="2" m="12330" /><F43/><W17/><G112/><T119/><D119/><U3/><E23/><V64/><F64/><W11/><G89/><T88/><D45/><U105/><E31/><N who="3" m="11850" /><G135/><T22/><D22/><U40/><E21/><V127/><N who="2" m="48755" /><V95/><DORA hai="74" /><F95/><W113/><G113/><T131/><D131/><U37/><E9/><V36/><F36/><W91/><G91/><T86/><D104/><U50/><E76/><V71/><F71/><W18/><G65/><T5/><D102/><U42/><E107/><V69/><F69/><W53/><G57/><N who="0" m="21515" /><D5/><U132/><E132/><V46/><F19/><N who="3" m="7179" /><G11/><T47/><D47/><U90/><E37/><V110/><F60/><W14/><AGARI ba="1,2" hai="12,14,15,24,25,49,53,56" m="7179,11850" machi="14" ten="30,1500,0" yaku="8,1" doraHai="120,74" who="3" fromWho="3" sc="164,-6,378,-6,192,-6,246,38" /><INIT seed="7,2,0,0,2,131" ten="158,372,186,284" oya="3" hai0="125,85,12,37,32,96,49,77,80,55,66,23,113" hai1="75,38,46,28,107,63,40,122,78,84,44,132,133" hai2="76,29,124,42,52,92,104,21,57,71,41,19,59" hai3="54,20,14,60,73,100,105,13,135,86,106,45,112"/><W3/><G3/><T26/><D37/><U6/><E122/><V9/><F71/><W4/><G73/><T103/><D125/><U8/><E107/><V50/><F104/><W48/><G112/><T109/><D109/><U89/><E28/><V61/><F124/><W93/><G106/><T2/><D2/><U118/><E118/><V11/><F76/><W35/><G35/><T129/><D129/><U58/><E46/><V121/><F121/><W116/><G116/><T47/><D113/><U25/><E25/><V30/><F42/><W111/><G105/><T67/><D32/><U70/><E70/><V82/><F82/><W126/><G126/><T90/><D103/><U87/><E78/><V110/><F110/><W123/><G123/><T10/><D96/><U102/><E102/><V5/><F92/><W72/><G72/><T91/><D91/><U120/><E75/><V56/><F56/><W34/><G34/><T74/><D74/><U16/><E16/><V22/><F41/><W15/><G4/><T83/><D83/><U79/><E79/><V98/><F98/><N who="3" m="59471" /><G86/><T36/><D36/><U1/><E120/><V101/><F101/><W130/><G130/><T51/><D51/><U119/><E119/><V69/><F69/><W127/><G127/><T31/><REACH who="0" step="1"/><D77/><REACH who="0" ten="148,372,186,284" step="2"/><U62/><E89/><V97/><F97/><W17/><G111/><T53/><D53/><U95/><E38/><V18/><F50/><W128/><G128/><T115/><D115/><U64/><E40/><V65/><F52/><N who="3" m="29711" /><G135/><T27/><D27/><U0/><E133/><V88/><F88/><RYUUKYOKU ba="2,1" sc="148,15,372,-15,186,-15,284,15" hai0="10,12,23,26,31,47,49,55,66,67,80,85,90" hai3="13,14,15,17,20,54,60" /><INIT seed="7,3,1,0,4,104" ten="163,357,171,299" oya="3" hai0="5,69,91,22,28,108,87,43,99,1,117,55,57" hai1="113,122,49,110,95,30,83,14,24,56,94,135,15" hai2="132,114,48,70,42,50,93,107,77,20,19,46,37" hai3="131,78,121,13,63,21,72,53,41,102,106,73,18"/><W29/><G121/><T127/><D108/><U88/><E110/><V58/><F107/><W84/><G41/><T86/><D69/><U92/><E122/><V12/><F114/><W47/><G29/><T103/><D117/><U79/><E113/><V96/><F132/><W115/><G115/><T89/><D1/><U31/><E135/><V134/><F134/><W80/><G131/><T109/><D109/><U130/><E130/><V90/><F70/><W118/><G118/><T3/><D3/><U133/><E133/><V35/><F35/><W51/><REACH who="3" step="1"/><G63/><REACH who="3" ten="163,357,171,289" step="2"/><N who="0" m="36287" /><D43/><U8/><E31/><V129/><F129/><W32/><G32/><T40/><D40/><U119/><E119/><V97/><F37/><W27/><G27/><N who="0" m="16503" /><D127/><U2/><E24/><V128/><F128/><W98/><AGARI ba="3,2" hai="13,18,21,47,51,53,72,73,78,80,84,98,102,106" machi="98" ten="30,12000,1" yaku="1,1,0,1,52,2,53,1" doraHai="104" doraHaiUra="45" who="3" fromWho="3" sc="163,-43,357,-43,171,-43,289,149" owari="120,-38.0,314,11.4,128,-27.2,438,53.8" /></mjloggm>