<mjloggm ver="2.3"><GO type="41" lobby="0"/><UN n0="%E5%B7%A8%E4%BA%BA%E3%81%AE%E6%98%9F" n1="%E2%93%9D%4C%75%63%6B%79%4A" n2="%61%62%6F%26%79%75" n3="%E8%9B%8D%E7%83%8F%E8%B3%8A" dan="13,18,15,14" rate="1840.76,2192.42,1955.00,1943.81" sx="M,M,M,M"/><TAIKYOKU oya="0"/><INIT seed="0,0,0,4,2,84" ten="250,250,250,250" oya="0" hai0="93,92,4,9,66,82,103,51,130,28,114,113,123" hai1="26,36,78,65,45,71,52,67,60,24,41,106,31" hai2="14,30,7,2,47,133,6,0,100,29,50,17,90" hai3="121,23,81,75,127,134,48,44,43,104,42,63,70"/><T91/><D123/><U21/><E106/><V19/><F133/><W20/><G121/><T77/><D130/><U22/><E78/><V112/><F100/><W55/><G104/><T115/><D66/><U99/><E99/><V95/><F112/><W8/><G75/><T94/><D28/><U68/><E67/><V59/><F0/><W15/><G70/><T46/><D103/><U131/><E131/><V96/><F2/><W101/><G101/><T129/><D129/><U124/><E124/><V111/><F111/><W79/><G134/><T32/><D32/><U118/><E118/><V61/><F19/><W25/><G127/><T98/><D9/><U125/><E125/><V126/><F29/><N who="3" m="17575" /><G23/><T5/><D5/><U38/><E38/><V57/><F30/><W27/><G27/><T49/><D4/><U85/><E26/><V102/><F102/><W109/><G63/><T122/><D51/><U120/><E120/><V74/><F74/><W11/><G109/><T33/><D33/><U69/><E22/><N who="2" m="11575" /><F126/><W13/><G81/><T132/><D132/><U16/><E31/><V64/><F57/><W97/><G79/><T116/><D116/><U12/><E24/><V87/><F96/><W105/><G97/><T110/><D110/><U54/><REACH who="1" step="1"/><E85/><REACH who="1" ten="250,240,250,250" step="2"/><V58/><F64/><W37/><G37/><T80/><D122/><U108/><E108/><V88/><F87/><W18/><G105/><T53/><D77/><U3/><E3/><V107/><F107/><W128/><G128/><T34/><D34/><U86/><E86/><V119/><F119/><W10/><G15/><RYUUKYOKU ba="0,1" sc="250,10,240,10,250,-30,250,10" hai0="46,49,53,80,82,91,92,93,94,98,113,114,115" hai1="12,16,21,36,41,45,52,54,60,65,68,69,71" hai3="8,10,11,13,18,42,43,44,48,55" /><INIT seed="0,1,1,3,3,56" ten="260,250,220,260" oya="0" hai0="47,76,79,108,107,116,3,127,46,26,15,98,21" hai1="65,5,122,38,131,60,99,40,25,128,112,34,102" hai2="67,44,33,31,75,63,49,2,134,97,105,58,103" hai3="64,66,48,96,23,104,111,117,95,114,77,87,43"/><T130/><D116/><U109/><E122/><V78/><F134/><W82/><G114/><T17/><D3/><U80/><E5/><V27/><F2/><W74/><G117/><T124/><D130/><N who="1" m="49707" /><E80/><V41/><F78/><N who="0" m="29738" /><D108/><U8/><E8/><V0/><F0/><W93/><G111/><T6/><D6/><U126/><E126/><N who="0" m="48169" /><D26/><U123/><E123/><V55/><REACH who="2" step="1"/><F75/><REACH who="2" ten="260,250,210,260" step="2"/><W129/><G129/><T132/><D132/><U113/><E109/><V69/><F69/><W24/><G74/><T57/><D107/><N who="1" m="63967" /><E113/><V62/><F62/><W22/><G104/><T106/><D106/><U94/><E112/><V71/><F71/><W16/><G23/><T100/><D57/><U42/><E34/><V72/><F72/><W110/><G110/><T89/><D100/><U19/><E38/><V36/><F36/><W61/><G61/><T83/><D83/><U45/><E60/><V4/><F4/><W18/><G95/><AGARI ba="1,2" hai="15,17,21,46,47,89,95,98" m="48169,29738" machi="95" ten="30,1500,0" yaku="18,1" doraHai="56" who="0" fromWho="3" sc="260,38,250,0,210,0,260,-18" /><INIT seed="0,2,0,3,4,122" ten="298,250,210,242" oya="0" hai0="97,17,70,48,40,67,84,127,23,54,1,107,69" hai1="59,73,66,105,116,83,123,52,43,100,37,125,126" hai2="64,92,72,62,42,91,82,93,20,21,47,33,15" hai3="89,30,88,60,124,134,117,98,113,49,74,131,94"/><T44/><D1/><U119/><E100/><V114/><F33/><W4/><G4/><T101/><D127/><N who="1" m="48651" /><E105/><V53/><F53/><W2/><G30/><T11/><D11/><U5/><E83/><V90/><F90/><W86/><G2/><T71/><D84/><U56/><E73/><V104/><F104/><W133/><G49/><T12/><REACH who="0" step="1"/><D54/><REACH who="0" ten="288,250,210,242" step="2"/><U10/><E10/><V112/><F72/><W130/><G124/><T103/><D103/><U27/><E123/><V55/><F55/><W39/><G74/><T6/><D6/><U77/><E5/><V41/><F114/><W28/><G113/><T51/><D51/><U132/><E52/><V76/><F112/><W135/><G39/><T26/><D26/><U50/><E27/><V87/><F15/><W0/><G0/><T79/><D79/><U115/><E77/><V81/><F81/><N who="3" m="49231" /><G60/><AGARI ba="2,1" hai="12,17,23,40,44,48,60,67,69,70,71,97,101,107" machi="60" ten="40,3900,0" yaku="1,1,53,1" doraHai="122" doraHaiUra="99" who="0" fromWho="3" sc="288,55,250,0,210,0,242,-45" /><INIT seed="0,3,0,5,2,103" ten="343,250,210,197" oya="0" hai0="7,91,109,99,118,105,96,106,50,9,131,63,4" hai1="47,111,127,75,8,14,23,48,42,32,134,68,56" hai2="110,101,58,10,26,37,70,46,22,15,62,44,1" hai3="73,24,129,132,93,19,71,128,54,77,39,92,12"/><T25/><D118/><U84/><E32/><V108/><F1/><W27/><G39/><T59/><D131/><N who="3" m="50249" /><G71/><T107/><D109/><U123/><E75/><V121/><F70/><W80/><G132/><T72/><D72/><U43/><E68/><V124/><F121/><W51/><G27/><T52/><D91/><U11/><E127/><V67/><F101/><W98/><G24/><T69/><D25/><U17/><E111/><N who="2" m="42539" /><F37/><W100/><G12/><T126/><D126/><U76/><E43/><V97/><F97/><W5/><G19/><T31/><D31/><U79/><E123/><V122/><F122/><W66/><G5/><T119/><D7/><U45/><E47/><V78/><F78/><W133/><G66/><T40/><D119/><U104/><E79/><V125/><F125/><W28/><G28/><T34/><D34/><U30/><E30/><N who="2" m="17751" /><F124/><W85/><G133/><T115/><D115/><U55/><E134/><V114/><F114/><W36/><G36/><T2/><D40/><U87/><E76/><V33/><F33/><W117/><G117/><T38/><D38/><U94/><E42/><V65/><F65/><W74/><G51/><T0/><D0/><U90/><E48/><V120/><F120/><W16/><G16/><AGARI ba="3,0" hai="10,15,16,44,46,58,62,67" m="17751,42539" machi="16" ten="30,2000,0" yaku="14,1,54,1" doraHai="103" who="2" fromWho="3" sc="343,0,250,0,210,29,197,-29" /><INIT seed="1,0,0,2,5,12" ten="343,250,239,168" oya="1" hai0="87,75,134,84,44,86,34,126,17,63,85,49,41" hai1="9,125,94,67,16,22,66,53,4,119,71,35,46" hai2="129,81,2,89,120,83,51,14,122,36,56,131,111" hai3="97,18,29,74,60,64,3,121,110,135,127,5,109"/><U117/><E35/><V68/><F36/><W7/><G74/><T92/><D75/><U40/><E53/><V80/><F2/><W72/><G72/><T54/><D34/><U99/><E125/><V38/><F38/><W39/><G39/><T108/><D134/><U42/><E119/><V10/><F68/><W112/><G97/><T48/><D63/><U25/><E117/><V20/><F20/><W77/><G60/><T82/><D108/><N who="3" m="41577" /><G64/><T98/><D126/><U52/><E71/><V123/><F89/><W33/><G77/><T101/><D17/><U45/><E4/><N who="3" m="1610" /><G127/><T96/><D96/><U59/><E9/><V103/><F103/><W78/><G78/><T1/><D1/><U31/><E31/><V57/><F111/><W116/><G3/><T93/><D93/><U69/><E69/><V107/><F107/><W132/><G116/><T15/><D15/><U70/><E70/><V115/><F51/><W95/><G95/><T130/><D87/><U133/><E133/><N who="3" m="51274" /><G121/><T62/><D62/><N who="1" m="36199" /><E67/><V30/><F30/><W13/><G112/><T100/><D100/><N who="1" m="60535" /><E66/><V28/><F28/><W0/><G0/><T11/><D54/><U91/><E91/><V47/><F115/><W61/><G61/><T27/><D101/><U124/><E124/><V37/><F37/><W8/><G29/><T76/><D76/><U114/><E114/><V23/><F120/><W106/><G106/><T118/><D118/><U104/><E104/><V88/><F122/><W90/><G90/><T79/><D79/><U6/><E6/><V105/><F123/><W50/><G33/><RYUUKYOKU ba="0,0" sc="343,-15,250,15,239,-15,168,15" hai1="16,22,25,40,42,45,46" hai3="8,13,18,50" /><INIT seed="1,1,0,1,5,113" ten="328,265,224,183" oya="1" hai0="121,49,101,14,8,66,1,126,11,71,22,99,122" hai1="120,81,68,37,116,115,44,108,125,26,65,98,32" hai2="43,62,55,46,132,110,79,100,106,104,52,39,16" hai3="76,21,109,105,124,61,85,95,35,91,96,103,75"/><U41/><E115/><V7/><F110/><W54/><G21/><T23/><D126/><U87/><E120/><N who="0" m="46185" /><D71/><U129/><E129/><V119/><F7/><W30/><G109/><T92/><D66/><U13/><E108/><V50/><F79/><W57/><G124/><T42/><D1/><U127/><E98/><V128/><F128/><W27/><G76/><T59/><D11/><U72/><E13/><V10/><F132/><W19/><G75/><T47/><D59/><U69/><E72/><V34/><F34/><W9/><G9/><T114/><D114/><U111/><E111/><V82/><F100/><W12/><G12/><T2/><D2/><U25/><E65/><V94/><F82/><W118/><REACH who="3" step="1"/><G19/><AGARI ba="1,0" hai="8,14,19,22,23,42,47,49,92,99,101" m="46185" machi="19" ten="30,1000,0" yaku="13,1" doraHai="113" who="0" fromWho="3" sc="328,13,265,0,224,0,183,-13" /><INIT seed="2,0,0,2,3,128" ten="341,265,224,170" oya="2" hai0="89,114,39,65,11,18,123,87,42,110,12,115,16" hai1="7,20,120,94,66,132,32,62,67,52,51,101,129" hai2="92,48,30,108,38,84,29,135,99,97,26,106,35" hai3="86,25,37,79,49,81,76,55,59,107,54,33,9"/><V133/><F38/><W45/><G37/><T118/><D123/><U8/><E32/><V103/><F108/><W21/><G107/><T74/><D74/><U40/><E129/><V53/><F84/><W73/><G73/><T46/><D110/><U0/><E120/><V105/><F30/><W126/><G33/><T14/><D65/><U102/><E67/><V77/><F77/><W130/><G130/><T47/><D47/><U83/><E40/><V70/><F70/><W13/><G126/><T57/><D57/><U75/><E20/><V69/><F69/><W134/><G76/><T43/><D43/><U78/><E94/><V100/><REACH who="2" step="1"/><F92/><REACH who="2" ten="341,265,214,170" step="2"/><W93/><G93/><T60/><D118/><U56/><REACH who="1" step="1"/><E132/><REACH who="1" ten="341,255,214,170" step="2"/><V2/><F2/><W116/><G134/><T124/><D124/><U104/><E104/><V15/><F15/><W61/><G116/><T109/><D109/><U4/><E4/><V17/><F17/><W68/><G68/><AGARI ba="0,2" hai="0,7,8,51,52,56,62,66,68,75,78,83,101,102" machi="68" ten="30,3900,0" yaku="1,1,7,1,54,1,53,0" doraHai="128" doraHaiUra="23" who="1" fromWho="3" sc="341,0,255,59,214,0,170,-39" /><INIT seed="3,0,0,3,5,10" ten="341,314,214,131" oya="3" hai0="104,23,125,118,44,45,89,9,30,135,109,105,106" hai1="18,4,97,54,28,60,107,0,47,88,43,2,25" hai2="63,58,94,48,46,103,121,75,61,51,68,56,8" hai3="93,62,15,79,40,33,126,36,55,29,100,19,110"/><W115/><G79/><T95/><D118/><U72/><E4/><V22/><F75/><W130/><G115/><T82/><D135/><U101/><E18/><V5/><F68/><W6/><G6/><T41/><D109/><U11/><E11/><V37/><F37/><W111/><G126/><T3/><D125/><U90/><E72/><V102/><F22/><N who="3" m="11647" /><G33/><T113/><D82/><U129/><E129/><V85/><F121/><W73/><G73/><T78/><D78/><U38/><E2/><V39/><F39/><W49/><G29/><T128/><D128/><U13/><E13/><N who="2" m="5263" /><F51/><W53/><G130/><T7/><D41/><U69/><E0/><V86/><F58/><N who="3" m="35167" /><G36/><T14/><D113/><U16/><E16/><V57/><F57/><N who="3" m="32943" /><G40/><T65/><D65/><N who="1" m="41127" /><E54/><N who="2" m="29975" /><F63/><W98/><G111/><T1/><D1/><U20/><E38/><V74/><F74/><W114/><G114/><T21/><D3/><U24/><E43/><V84/><F94/><W120/><G120/><T66/><D66/><AGARI ba="0,0" hai="56,61,66,84,85,86,102,103" m="29975,5263" machi="66" ten="30,2000,0" yaku="8,1,52,1" doraHai="10" who="2" fromWho="0" sc="341,-20,314,0,214,20,131,0" /><INIT seed="4,0,0,2,0,112" ten="321,314,234,131" oya="0" hai0="92,80,28,8,71,3,68,64,85,113,25,10,101" hai1="13,123,132,66,131,91,134,79,73,107,103,75,84" hai2="53,24,69,89,128,59,115,110,1,14,58,96,54" hai3="74,116,81,130,21,39,48,2,67,26,57,102,124"/><T126/><D113/><U99/><E66/><V17/><F1/><W32/><G102/><T19/><D126/><U122/><E13/><V78/><F69/><W109/><G67/><T35/><D64/><U95/><E131/><V63/><F115/><W111/><G57/><T16/><D71/><U45/><E45/><V93/><F128/><W6/><G48/><T70/><D68/><U33/><E33/><V61/><F110/><W86/><G86/><T20/><D70/><U37/><E37/><V40/><F40/><W129/><G81/><T135/><D135/><N who="1" m="51755" /><E79/><V119/><F119/><W82/><G82/><T12/><D101/><U49/><E49/><V120/><F120/><AGARI ba="0,0" hai="73,75,84,91,95,99,103,107,120,122,123" m="51755" machi="120" ten="30,3900,0" yaku="20,1,34,2" doraHai="112" who="1" fromWho="2" sc="321,0,314,39,234,-39,131,0" /><INIT seed="5,0,0,4,2,108" ten="321,353,195,131" oya="1" hai0="93,4,101,28,115,123,84,82,39,65,30,52,36" hai1="112,56,96,42,118,26,7,21,128,90,99,1,37" hai2="24,61,19,94,86,17,0,130,40,47,41,33,13" hai3="74,127,88,38,116,120,122,124,43,121,60,72,73"/><U119/><E37/><V106/><F106/><W91/><G38/><T18/><D65/><U15/><E42/><V69/><F0/><W14/><G43/><T114/><D4/><U32/><E128/><V53/><F130/><W16/><G60/><T109/><D109/><U98/><E32/><V11/><F69/><W49/><G49/><T51/><D123/><U59/><E1/><V12/><F24/><W97/><G14/><T135/><D135/><U8/><E112/><N who="0" m="43049" /><D39/><U70/><E70/><V113/><F33/><W71/><G16/><T129/><D36/><U54/><E90/><N who="3" m="34346" /><G71/><T55/><D18/><U125/><E125/><N who="3" m="48202" /><G97/><N who="0" m="59567" /><D129/><U102/><E102/><V35/><F35/><W23/><G23/><T10/><D10/><U107/><E21/><V104/><F61/><W27/><G27/><T83/><D55/><U31/><E54/><V81/><F53/><W79/><G116/><T2/><D2/><U44/><E119/><V75/><F47/><W9/><G9/><T117/><D117/><U85/><E44/><V64/><F64/><W126/><N who="3" m="48210" /><W105/><DORA hai="3" /><G105/><T100/><D100/><U46/><E46/><V92/><F104/><W58/><G58/><N who="1" m="22058" /><E107/><V78/><F11/><W134/><G134/><T63/><D63/><U110/><E118/><V103/><F103/><W68/><G68/><T50/><D50/><U95/><E110/><V25/><F40/><W34/><G34/><T62/><D62/><U111/><E111/><V5/><F41/><W48/><G48/><T6/><D51/><U67/><E67/><V77/><F113/><W80/><AGARI ba="0,0" hai="72,73,74,79,80,120,121,122" m="48210,34346" machi="80" ten="50,8000,1" yaku="5,1,18,1,34,2,54,1" doraHai="108,3" who="3" fromWho="3" sc="321,-20,353,-40,195,-20,131,80" /><INIT seed="6,0,0,4,3,76" ten="301,313,175,211" oya="2" hai0="61,116,103,40,113,7,21,39,13,86,135,98,100" hai1="124,97,82,18,54,122,84,4,94,127,68,11,77" hai2="99,121,105,102,126,71,63,85,24,22,56,90,107" hai3="28,53,72,51,123,109,15,45,95,108,30,80,8"/><V79/><F71/><W46/><G123/><T78/><D135/><U104/><E68/><V1/><F1/><W91/><G109/><T75/><D75/><U115/><E18/><V43/><F43/><W88/><G108/><T58/><D113/><U93/><E54/><V66/><F79/><W133/><G133/><T130/><D130/><U42/><E42/><V12/><F12/><W50/><G72/><T33/><D33/><U9/><E11/><V0/><F0/><W125/><G125/><N who="1" m="48202" /><E115/><V110/><F121/><W129/><G129/><T6/><D116/><U3/><E122/><V96/><F110/><W131/><G131/><T87/><D40/><U47/><E47/><V52/><F66/><W36/><G36/><T118/><D39/><U60/><E60/><V111/><F111/><W41/><G80/><N who="0" m="47383" /><D87/><U2/><E3/><V59/><F59/><W69/><G91/><T74/><D74/><U73/><E73/><V128/><F128/><W29/><G69/><T89/><D118/><U55/><E55/><V120/><F120/><W34/><G34/><T106/><D106/><U19/><E19/><N who="2" m="12383" /><F126/><W31/><N who="3" m="7168" /><DORA hai="32" /><W70/><G70/><T57/><D21/><U25/><E25/><V65/><F65/><W64/><G64/><N who="0" m="38959" /><D58/><U27/><E27/><V35/><F35/><W83/><G83/><T114/><D114/><U112/><E112/><V48/><F107/><W134/><G134/><T132/><D132/><U44/><E44/><V67/><F105/><W101/><G101/><AGARI ba="0,0" hai="2,4,9,77,82,84,93,94,97,101,104" m="48202" machi="101" ten="30,3900,0" yaku="18,1,52,2" doraHai="76,32" who="1" fromWho="3" sc="301,0,313,39,175,0,211,-39" /><INIT seed="7,0,0,3,4,51" ten="301,352,175,172" oya="3" hai0="67,111,59,7,78,31,12,114,93,120,101,8,128" hai1="83,54,115,61,99,106,80,2,6,95,117,0,38" hai2="118,15,88,26,110,16,102,30,84,36,18,28,79" hai3="87,108,72,132,104,23,127,86,92,64,14,119,124"/><W5/><G108/><T105/><D105/><U29/><E106/><V66/><F118/><W121/><G104/><T35/><D111/><U37/><E29/><V123/><F123/><W75/><G119/><T96/><D120/><U48/><E61/><V1/><F1/><W94/><G121/><T39/><D39/><U49/><E6/><V22/><F36/><W71/><G64/><T21/><D35/><U46/><E115/><V85/><F102/><W52/><G71/><T33/><D33/><U69/><E69/><V126/><F126/><N who="3" m="48171" /><G132/><T17/><D128/><U40/><E38/><V43/><F43/><W62/><G5/><T129/><D114/><U107/><E37/><V112/><F66/><W89/><G23/><T125/><D129/><U135/><E107/><V77/><F112/><W13/><G62/><N who="0" m="38367" /><D125/><U45/><E135/><V116/><F116/><W65/><G65/><T41/><D41/><U34/><E34/><V4/><F4/><W56/><G87/><T130/><D130/><U20/><E20/><N who="2" m="11295" /><F110/><W44/><G44/><T131/><D131/><U109/><E109/><V53/><F53/><W27/><G27/><N who="0" m="16879" /><D7/><U58/><E117/><V103/><F103/><W11/><G94/><T97/><D97/><U57/><E2/><V25/><F84/><W50/><G11/><T9/><D78/><N who="2" m="29706" /><F26/><W122/><G122/><T113/><D113/><U32/><E0/><V68/><F68/><W91/><G91/><T55/><D8/><U133/><E32/><V81/><AGARI ba="0,0" hai="18,22,25,28,30,81,85,88" m="29706,11295" machi="81" ten="30,4000,0" yaku="8,1,54,2" doraHai="51" who="2" fromWho="2" sc="301,-10,352,-10,175,40,172,-20" owari="291,9.1,342,44.2,215,-18.5,152,-34.8" /></mjloggm>