<mjloggm ver="2.3"><GO type="137" lobby="0"/><UN n0="%E3%81%BE%E3%81%99%E3%81%A8%E3%82%93%54%32%37" n1="%E2%93%9D%4C%75%63%6B%79%4A" n2="%E3%81%9C%E3%82%93%E3%81%A0%E3%81%84" n3="%4B%65%6E%64" dan="11,12,12,12" rate="1605.63,1819.69,1699.86,1634.90" sx="M,M,M,M"/><TAIKYOKU oya="0"/><INIT seed="0,0,0,4,0,33" ten="250,250,250,250" oya="0" hai0="95,60,124,45,14,27,10,82,87,78,108,84,118" hai1="48,54,29,75,2,34,72,17,79,23,0,3,21" hai2="28,1,103,36,112,86,96,101,62,98,115,99,59" hai3="47,67,116,77,7,5,104,81,8,121,76,85,12"/><T39/><D118/><U22/><E79/><V35/><F36/><W55/><G116/><T53/><D124/><U70/><E70/><V19/><F35/><W61/><G121/><T18/><D39/><U129/><E129/><V30/><F1/><W64/><G104/><T80/><D95/><U113/><E113/><V58/><F86/><W24/><G24/><T122/><D122/><U83/><E83/><V52/><F59/><W20/><G20/><T38/><D38/><U65/><E65/><V125/><F125/><W120/><G120/><T16/><D27/><U66/><E66/><V31/><REACH who="2" step="1"/><F19/><REACH who="2" ten="250,250,240,250" step="2"/><W127/><G127/><T13/><D60/><U6/><E17/><V44/><F44/><W91/><G5/><T114/><D114/><AGARI ba="0,1" hai="28,30,31,52,58,62,96,98,99,101,103,112,114,115" machi="114" ten="50,3200,0" yaku="1,1,54,1,53,0" doraHai="33" doraHaiUra="69" who="2" fromWho="0" sc="250,-32,250,0,240,42,250,0" /><INIT seed="1,0,0,5,0,65" ten="218,250,282,250" oya="1" hai0="54,119,57,9,67,25,72,92,42,19,85,90,135" hai1="21,4,83,103,6,101,66,32,36,16,18,58,23" hai2="111,93,38,118,20,98,59,45,71,84,39,50,17" hai3="26,88,109,120,31,126,104,97,69,124,78,129,106"/><U7/><E36/><V116/><F111/><W15/><G120/><T29/><D72/><U41/><E41/><V27/><F71/><W105/><G15/><T108/><D119/><U60/><E32/><V125/><F125/><N who="3" m="48235" /><G78/><T96/><D108/><U114/><E114/><V35/><F35/><N who="3" m="20983" /><G109/><T134/><D42/><U75/><E75/><V14/><F14/><W113/><G113/><T121/><D121/><U87/><E23/><V63/><F84/><W47/><G47/><T115/><D115/><U94/><E94/><V79/><F79/><W0/><G0/><T122/><D122/><U130/><E130/><V30/><F30/><W48/><G48/><T12/><D67/><U128/><E128/><V77/><F77/><W3/><G3/><T37/><D37/><U13/><REACH who="1" step="1"/><E18/><REACH who="1" ten="218,240,282,250" step="2"/><V56/><F39/><W132/><G129/><T61/><REACH who="0" step="1"/><D96/><REACH who="0" ten="208,240,282,250" step="2"/><U2/><E2/><V100/><F38/><W1/><G1/><T64/><D64/><U131/><E131/><V46/><F118/><W99/><G99/><T110/><D110/><U8/><E8/><V107/><F116/><W22/><G97/><T51/><D51/><U44/><E44/><V28/><F46/><W73/><G73/><T127/><D127/><U52/><E52/><V102/><F45/><W133/><G106/><T81/><D81/><U68/><E68/><V24/><F107/><W53/><G69/><T33/><AGARI ba="0,2" hai="9,12,19,25,29,33,54,57,61,85,90,92,134,135" machi="33" ten="30,2000,0" yaku="1,1,0,1,53,0" doraHai="65" doraHaiUra="74" who="0" fromWho="0" sc="208,40,240,-10,282,-5,250,-5" /><INIT seed="2,0,0,4,2,108" ten="248,230,277,245" oya="2" hai0="114,122,128,0,102,43,96,72,81,74,63,82,119" hai1="34,133,118,69,123,61,27,11,5,109,91,90,103" hai2="73,28,80,126,65,22,124,19,42,10,9,112,120" hai3="117,89,104,76,134,127,97,75,38,7,23,83,68"/><V41/><F112/><W62/><G117/><T93/><D0/><U18/><E109/><V95/><F120/><W129/><G38/><T2/><D122/><U32/><E103/><V70/><F28/><W67/><G129/><T49/><D2/><U77/><E77/><V88/><F80/><W92/><G134/><T132/><D119/><U130/><E91/><V39/><F73/><W60/><G127/><N who="2" m="48681" /><F39/><W50/><G104/><T17/><D128/><U46/><E90/><V111/><F111/><W45/><G60/><T115/><D132/><U56/><E133/><V71/><F65/><W78/><G78/><T20/><D63/><U54/><E130/><V6/><F6/><W30/><G7/><T106/><D106/><U26/><E123/><V105/><F105/><W12/><G30/><T1/><D1/><U79/><E79/><V16/><F19/><W94/><G92/><T15/><D72/><U59/><E18/><V33/><F33/><W98/><G12/><T99/><D99/><U58/><E34/><V116/><F116/><W48/><G23/><T35/><D35/><U47/><E32/><V131/><F131/><W3/><G3/><T87/><D74/><U113/><E118/><V31/><F31/><W29/><G29/><T24/><D24/><U8/><E27/><N who="2" m="14791" /><F9/><N who="1" m="3657" /><E26/><V44/><F10/><W40/><G48/><T85/><D82/><U64/><E5/><V107/><F107/><W66/><G66/><T101/><D101/><U125/><E125/><V14/><F14/><W57/><G68/><N who="2" m="26153" /><F44/><N who="1" m="16937" /><E54/><V13/><F13/><W25/><G25/><T51/><D81/><RYUUKYOKU ba="0,0" sc="248,-30,230,10,277,10,245,10" hai1="56,58,59,61,64,69,113" hai2="41,42,88,95" hai3="40,45,50,57,62,67,75,76,83,89,94,97,98" /><INIT seed="2,1,0,4,2,77" ten="218,240,287,255" oya="2" hai0="84,60,63,22,42,41,75,117,108,26,35,47,6" hai1="87,79,44,2,30,13,122,76,119,88,61,34,115" hai2="107,1,20,46,118,109,33,96,53,128,83,69,28" hai3="82,38,104,123,4,49,133,18,14,39,72,81,98"/><V111/><F118/><W51/><G123/><T106/><D75/><U92/><E2/><V132/><F69/><W114/><G114/><T70/><D35/><U120/><E115/><V54/><F1/><W65/><G4/><T127/><D106/><U27/><E119/><V16/><F128/><W91/><G65/><T125/><D117/><U62/><E44/><V55/><F132/><W32/><G32/><T43/><D6/><U80/><E79/><V66/><F66/><W121/><G121/><N who="1" m="46698" /><E13/><N who="2" m="9231" /><F33/><W23/><G72/><AGARI ba="1,0" hai="27,30,34,61,62,72,76,80,87,88,92" m="46698" machi="72" ten="30,3900,0" yaku="13,1,52,1,54,1" doraHai="77" who="1" fromWho="3" sc="218,0,240,42,287,0,255,-42" /><INIT seed="3,0,0,5,3,4" ten="218,282,287,213" oya="3" hai0="17,8,68,21,27,121,18,71,100,85,29,116,106" hai1="115,61,23,99,6,49,32,22,86,81,53,79,98" hai2="74,77,9,43,91,113,125,47,63,52,42,104,3" hai3="84,44,46,12,16,24,70,65,66,103,111,102,126"/><W130/><G130/><T72/><D121/><U64/><E32/><V41/><F125/><W128/><G126/><T73/><D72/><U25/><E115/><V107/><F113/><W57/><G128/><T31/><D73/><U97/><E6/><V0/><F74/><W33/><G70/><T108/><D108/><U10/><E10/><V39/><F77/><W14/><G33/><T40/><D40/><U20/><E64/><V82/><F82/><W93/><G24/><T38/><D38/><U119/><E61/><V129/><F129/><W88/><G12/><T120/><D120/><U2/><E2/><V69/><F91/><W26/><G26/><T51/><D116/><U1/><E1/><V87/><F87/><W83/><G83/><T59/><D106/><U45/><REACH who="1" step="1"/><E119/><REACH who="1" ten="218,272,287,213" step="2"/><V90/><F3/><W34/><G34/><T35/><D31/><AGARI ba="0,1" hai="20,22,23,25,31,45,49,53,79,81,86,97,98,99" machi="31" ten="40,5200,0" yaku="1,1,2,1,8,1,53,0" doraHai="4" doraHaiUra="11" who="1" fromWho="0" sc="218,-52,272,62,287,0,213,0" /><INIT seed="4,0,0,4,3,54" ten="166,334,287,213" oya="0" hai0="11,95,63,105,79,69,94,72,46,59,100,116,88" hai1="122,49,6,12,110,99,37,39,1,22,73,17,55" hai2="15,130,33,80,92,125,128,57,20,13,133,7,134" hai3="23,85,113,35,27,117,97,90,135,24,21,71,5"/><T30/><D105/><U40/><E122/><V8/><F80/><W98/><G117/><T101/><D69/><U14/><E110/><V53/><F33/><W67/><G35/><T118/><D72/><U104/><E1/><V115/><F92/><W65/><G113/><T119/><D79/><U127/><E40/><V9/><F115/><W25/><G135/><N who="2" m="51721" /><F20/><N who="3" m="7755" /><G5/><T50/><D30/><U114/><E127/><V28/><F28/><W10/><G10/><N who="2" m="4201" /><F7/><W16/><G71/><T93/><D11/><U19/><E6/><V3/><F3/><W132/><G132/><T121/><D121/><U112/><E22/><V68/><F68/><W83/><G16/><T41/><REACH who="0" step="1"/><D88/><REACH who="0" ten="156,334,287,213" step="2"/><U76/><E114/><V126/><F53/><AGARI ba="0,1" hai="41,46,50,53,59,63,93,94,95,100,101,116,118,119" machi="53" ten="50,12000,1" yaku="1,1,2,1,52,1,53,1" doraHai="54" doraHaiUra="58" who="0" fromWho="2" sc="156,130,334,0,287,-120,213,0" /><INIT seed="4,1,0,2,0,132" ten="286,334,167,213" oya="0" hai0="32,21,97,88,42,79,57,6,60,126,5,50,101" hai1="59,72,41,93,87,94,34,63,10,115,30,74,125" hai2="75,68,100,89,90,71,22,118,85,4,3,133,83" hai3="56,70,104,96,84,48,76,26,7,80,36,113,9"/><T20/><D32/><U18/><E41/><V114/><F114/><W47/><G70/><T24/><D79/><U45/><E45/><V44/><F44/><W64/><G113/><T120/><D120/><U110/><E110/><V49/><F49/><W129/><G36/><T117/><D117/><U33/><E30/><V66/><F100/><W29/><G129/><T106/><D20/><U86/><E10/><V17/><F133/><W109/><G109/><T103/><D103/><U123/><E18/><V37/><F37/><W58/><G64/><T2/><D2/><U65/><E115/><V14/><F75/><W99/><G104/><T131/><D131/><U19/><E19/><V16/><F17/><W51/><G51/><T15/><D50/><U130/><E123/><V11/><F118/><W69/><G69/><T31/><D42/><U54/><E65/><V35/><F35/><W39/><G39/><T73/><D73/><U102/><E102/><V135/><F66/><W116/><G116/><T119/><D119/><U105/><E105/><V52/><F52/><W91/><G76/><T13/><D5/><U92/><E34/><V0/><F0/><W43/><G99/><T67/><D6/><U81/><E33/><V23/><F23/><N who="3" m="15583" /><G96/><T38/><D38/><U128/><E74/><V95/><F135/><W77/><G91/><T55/><D88/><N who="1" m="51311" /><E72/><V8/><F11/><W53/><G53/><T121/><D121/><U78/><E130/><V46/><F46/><W127/><G47/><T27/><D67/><U98/><E128/><V28/><F28/><W12/><G9/><RYUUKYOKU ba="1,0" sc="286,-10,334,-10,167,30,213,-10" hai2="3,4,8,14,16,22,68,71,83,85,89,90,95" /><INIT seed="5,2,0,1,5,102" ten="276,324,197,203" oya="1" hai0="52,76,51,25,108,37,87,92,68,130,41,13,14" hai1="28,58,42,105,70,104,55,99,29,12,110,20,11" hai2="66,86,122,46,93,71,88,90,107,101,91,59,43" hai3="82,84,34,45,32,78,124,48,83,15,49,132,85"/><U125/><E70/><V96/><F122/><W3/><G132/><T95/><D68/><U50/><E110/><V116/><F116/><W74/><G124/><T129/><D108/><U7/><E125/><V89/><F71/><W4/><G3/><T1/><D37/><U115/><E115/><V77/><F66/><W62/><G74/><T21/><D1/><U134/><E134/><V61/><F61/><W53/><G62/><T126/><D41/><U44/><E99/><V100/><F59/><W38/><G38/><T8/><D126/><U18/><E29/><V121/><F121/><W24/><G24/><T57/><D76/><U31/><E31/><V27/><F27/><W79/><G49/><T19/><D14/><U67/><E28/><V47/><F43/><W22/><G22/><T35/><D35/><U17/><E67/><V133/><F133/><W39/><G39/><T128/><REACH who="0" step="1"/><D87/><REACH who="0" ten="266,324,197,203" step="2"/><U112/><E112/><V5/><F86/><W94/><G94/><T10/><D10/><AGARI ba="2,1" hai="4,10,15,32,34,45,48,53,78,79,82,83,84,85" machi="10" ten="40,1300,0" yaku="9,1" doraHai="102" who="3" fromWho="0" sc="266,-19,324,0,197,0,203,29" /><INIT seed="6,0,0,4,5,123" ten="247,324,197,232" oya="2" hai0="29,129,122,59,102,25,48,92,95,81,31,116,57" hai1="65,103,111,33,49,101,10,106,36,69,88,135,12" hai2="130,22,42,30,34,91,50,9,83,126,96,24,62" hai3="64,7,132,40,87,86,74,47,108,82,85,114,54"/><V6/><F126/><W21/><G132/><T79/><D122/><U52/><E33/><V44/><F130/><W39/><G74/><T51/><D116/><U2/><E2/><V27/><F62/><W68/><G54/><T75/><D129/><U80/><E111/><V124/><F124/><W32/><G32/><T89/><D102/><U109/><E109/><V16/><F96/><W76/><G108/><T53/><D95/><U11/><E11/><V119/><F83/><W55/><G55/><T46/><D31/><U100/><E36/><V5/><F91/><W37/><G37/><T131/><D131/><U23/><E23/><V94/><F94/><W120/><G120/><T115/><D115/><U128/><E69/><V61/><F61/><W77/><G114/><T107/><D107/><U60/><E135/><V28/><F119/><W26/><G7/><T127/><D127/><U99/><E65/><V105/><F105/><W72/><G77/><T78/><D79/><U63/><E106/><V1/><REACH who="2" step="1"/><F5/><REACH who="2" ten="247,324,187,232" step="2"/><W118/><G118/><T19/><D51/><U90/><E128/><V17/><AGARI ba="0,1" hai="1,6,9,16,17,22,24,27,28,30,34,42,44,50" machi="17" ten="30,18000,2" yaku="1,1,2,1,0,1,54,1,53,2" doraHai="123" doraHaiUra="13" who="2" fromWho="2" sc="247,-60,324,-60,187,190,232,-60" /><INIT seed="6,1,0,4,5,122" ten="187,264,377,172" oya="2" hai0="45,104,1,49,128,129,20,102,26,94,134,133,59" hai1="15,55,17,12,110,63,28,47,84,116,113,60,89" hai2="37,4,13,87,64,48,123,73,38,46,82,51,8" hai3="93,29,81,83,34,99,77,85,7,16,119,107,9"/><V115/><F123/><W103/><G119/><T106/><D1/><U125/><E116/><V114/><F73/><W131/><G131/><N who="0" m="50251" /><D59/><U11/><E125/><V43/><F64/><W25/><G83/><T96/><D49/><U24/><E110/><V18/><F51/><W74/><G7/><T76/><D45/><U86/><E113/><N who="2" m="43019" /><F18/><W68/><G68/><T111/><D26/><U126/><E126/><V39/><F38/><W35/><G9/><T14/><D14/><U112/><E15/><V69/><F69/><W71/><G71/><T57/><D20/><U23/><E86/><V6/><F6/><W40/><G40/><T21/><D21/><U105/><E105/><N who="0" m="40553" /><D57/><U132/><E132/><N who="0" m="50793" /><D76/><AGARI ba="1,0" hai="4,8,13,37,39,43,46,48,76,82,87" m="43019" machi="76" ten="30,2900,0" yaku="25,1,15,1" doraHai="122" who="2" fromWho="0" sc="187,-32,264,0,377,32,172,0" /><INIT seed="6,2,0,2,3,52" ten="155,264,409,172" oya="2" hai0="64,83,132,12,16,118,81,43,42,117,49,103,131" hai1="40,71,78,61,47,115,110,107,62,74,123,18,37" hai2="57,70,128,46,77,98,135,24,0,120,55,11,44" hai3="129,127,89,106,75,9,41,26,28,76,65,105,31"/><V85/><F120/><W38/><G129/><T51/><D131/><U84/><E107/><V2/><F135/><W48/><G38/><T66/><D132/><U54/><E74/><V68/><F98/><W86/><G127/><T73/><D73/><U90/><E78/><V130/><F24/><W39/><G39/><T5/><D5/><U4/><E4/><V69/><F69/><W36/><G36/><T113/><D113/><U133/><E110/><V99/><F99/><W72/><G75/><T8/><D103/><U22/><E115/><V13/><F13/><W15/><G28/><T125/><D125/><U111/><E111/><V30/><F55/><W80/><G65/><T97/><D97/><U87/><E87/><V121/><F30/><W63/><G63/><T34/><D34/><U45/><E123/><V50/><F50/><W17/><G48/><T95/><D95/><U32/><E32/><V79/><F121/><W33/><REACH who="3" step="1"/><G41/><REACH who="3" ten="155,264,409,162" step="2"/><T109/><D109/><U27/><E40/><V21/><F130/><W96/><G96/><T29/><D29/><U14/><E37/><V23/><F85/><W60/><G60/><T102/><D102/><U134/><E62/><V82/><F128/><W20/><G20/><T7/><D7/><U59/><E134/><V92/><F23/><W25/><G25/><T108/><D108/><U119/><E27/><V101/><F21/><W100/><G100/><T35/><D35/><U91/><E133/><V56/><F101/><W93/><AGARI ba="2,1" hai="9,15,17,26,31,33,72,76,80,86,89,93,105,106" machi="93" ten="20,2700,0" yaku="1,1,0,1,7,1,53,0" doraHai="52" doraHaiUra="112" who="3" fromWho="3" sc="155,-9,264,-9,409,-15,162,43" /><INIT seed="7,0,0,0,2,65" ten="146,255,394,205" oya="3" hai0="44,59,61,107,2,7,121,52,38,90,129,134,15" hai1="119,70,66,42,34,1,23,54,118,73,32,109,117" hai2="96,89,11,128,95,4,22,122,120,31,19,67,21" hai3="86,40,76,60,35,111,47,14,46,9,0,132,114"/><W97/><G0/><T108/><D107/><U51/><E42/><V71/><F71/><W105/><G35/><T102/><D2/><U85/><E85/><V39/><F39/><W30/><G30/><T48/><D121/><N who="2" m="46698" /><F67/><W104/><G104/><T99/><D108/><U113/><E73/><V74/><F74/><W84/><G84/><T63/><D129/><U17/><E113/><V123/><F123/><W33/><G33/><T92/><D134/><U75/><E75/><V103/><F31/><W94/><G105/><T20/><D38/><U124/><E124/><V78/><F78/><W127/><G127/><T80/><D80/><U43/><E43/><V112/><F112/><W36/><G114/><T126/><D126/><U55/><E55/><V41/><F41/><W130/><G130/><T79/><D79/><U10/><E10/><V13/><F128/><W28/><G28/><T53/><D63/><N who="1" m="40287" /><E1/><N who="2" m="399" /><F103/><W24/><G132/><T110/><D110/><U125/><E109/><V37/><F37/><W115/><G111/><T116/><D116/><U26/><E125/><V25/><F25/><W81/><G24/><T56/><D56/><AGARI ba="0,0" hai="17,23,26,32,34,51,54,56,117,118,119" m="40287" machi="56" ten="30,2000,0" yaku="12,1,52,1" doraHai="65" who="1" fromWho="0" sc="146,-20,255,20,394,0,205,0" owari="126,-37.4,275,7.5,394,49.4,205,-19.5" /></mjloggm>