<mjloggm ver="2.3"><GO type="41" lobby="0"/><UN n0="%E3%82%8C%E3%83%BC%E3%81%A1%E3%82%83%E3%82%93" n1="%E5%8D%97%E9%87%8E%E7%A7%80%E4%B8%80" n2="%E3%82%8F%E3%82%84%E3%81%AF%E3%81%AA" n3="%E2%93%9D%4C%75%63%6B%79%4A" dan="13,15,15,17" rate="1946.17,2016.86,2029.90,2165.11" sx="F,M,M,M"/><TAIKYOKU oya="0"/><INIT seed="0,0,0,0,4,36" ten="250,250,250,250" oya="0" hai0="4,35,100,121,5,17,50,16,12,0,92,99,71" hai1="63,79,94,33,74,95,88,83,2,10,122,119,91" hai2="66,107,106,46,19,48,39,69,28,105,111,129,80" hai3="56,68,29,97,40,53,51,89,31,52,25,134,22"/><T57/><D71/><U93/><E119/><V58/><F111/><W7/><G68/><T124/><D35/><U130/><E122/><V81/><F129/><W110/><G110/><T18/><D121/><U23/><E33/><V30/><F19/><W47/><G134/><T6/><D124/><U98/><E130/><V126/><F126/><W26/><G7/><T127/><D127/><U86/><E23/><V44/><F39/><W84/><G97/><T62/><D0/><U73/><E63/><V108/><F69/><W120/><G120/><T102/><D50/><U11/><E10/><V75/><F108/><W90/><G84/><T123/><D102/><N who="1" m="60751" /><E11/><V77/><F81/><W132/><G132/><T42/><D42/><U37/><E2/><V61/><REACH who="2" step="1"/><F46/><REACH who="2" ten="250,250,240,250" step="2"/><W59/><G59/><T76/><D123/><U125/><E37/><V135/><F135/><W55/><REACH who="3" step="1"/><G56/><REACH who="3" ten="250,250,240,240" step="2"/><T41/><D57/><U115/><E125/><V67/><F67/><W118/><G118/><T9/><D4/><U82/><E115/><V85/><F85/><W109/><G109/><T15/><D6/><U116/><E116/><V70/><F70/><W32/><AGARI ba="0,2" hai="22,25,26,29,31,32,40,47,51,52,53,55,89,90" machi="32" ten="30,7900,0" yaku="1,1,0,1,52,1,54,1,53,0" doraHai="36" doraHaiUra="113" who="3" fromWho="3" sc="250,-39,250,-20,240,-20,240,99" /><INIT seed="1,0,0,3,1,51" ten="211,230,220,339" oya="1" hai0="46,92,91,21,24,23,76,16,30,41,86,97,108" hai1="45,39,56,133,90,17,31,43,135,129,122,101,73" hai2="88,72,75,117,102,38,107,71,37,119,52,89,63" hai3="126,79,44,134,98,62,32,10,3,67,118,104,111"/><U55/><E122/><V28/><F28/><W87/><G126/><T35/><D35/><U114/><E114/><V19/><F19/><W53/><G134/><N who="1" m="51210" /><E73/><V9/><F9/><W29/><G111/><T77/><D108/><U120/><E120/><V11/><F11/><W112/><G118/><T106/><D106/><U113/><E113/><V59/><F71/><W61/><G62/><T103/><D103/><U54/><E129/><V116/><F75/><W132/><G87/><T18/><D18/><U22/><E31/><V66/><F72/><W64/><G79/><T36/><REACH who="0" step="1"/><D97/><REACH who="0" ten="201,230,220,339" step="2"/><U26/><E101/><V25/><F25/><AGARI ba="0,1" hai="16,21,23,24,25,30,36,41,46,76,77,86,91,92" machi="25" ten="30,7700,0" yaku="1,1,2,1,7,1,54,1,53,0" doraHai="51" doraHaiUra="33" who="0" fromWho="2" sc="201,87,230,0,220,-77,339,0" /><INIT seed="2,0,0,1,5,123" ten="288,230,143,339" oya="2" hai0="28,60,65,107,51,126,135,26,43,58,57,62,75" hai1="121,19,18,106,117,112,73,41,35,11,105,13,101" hai2="109,14,25,5,132,87,2,30,61,131,76,91,54" hai3="52,27,15,53,92,0,33,93,120,79,119,125,56"/><V21/><F131/><W114/><G120/><T116/><D75/><U70/><E112/><V29/><F132/><W50/><G0/><T115/><D107/><U88/><E117/><V94/><F2/><W4/><G119/><T38/><D28/><U102/><E73/><V45/><F76/><W49/><G125/><T17/><D116/><U89/><E70/><V42/><F42/><W22/><BYE who="2" /><G33/><T81/><D81/><U99/><E121/><V16/><F16/><UN n2="%E3%82%8F%E3%82%84%E3%81%AF%E3%81%AA" /><W64/><G64/><N who="0" m="38927" /><D26/><U134/><E134/><V74/><F74/><W100/><G100/><T7/><D7/><U122/><E35/><V8/><F30/><W10/><G79/><T78/><D78/><U128/><E128/><V130/><F130/><W3/><G3/><T31/><D31/><U80/><E122/><V44/><REACH who="2" step="1"/><F109/><REACH who="2" ten="288,230,133,339" step="2"/><W71/><G114/><T83/><D135/><U66/><E41/><V95/><F95/><W12/><G93/><T1/><D1/><U90/><E19/><V104/><F104/><W129/><G92/><T55/><D83/><U77/><E77/><V113/><F113/><W108/><G129/><T97/><D17/><U63/><E80/><V36/><F36/><W40/><G40/><T20/><D43/><U39/><E39/><V59/><AGARI ba="0,1" hai="5,8,14,21,25,29,44,45,54,59,61,87,91,94" machi="59" ten="30,6000,0" yaku="1,1,0,1,8,1,53,0" doraHai="123" doraHaiUra="37" who="2" fromWho="2" sc="288,-20,230,-20,133,70,339,-20" /><INIT seed="2,1,0,1,2,0" ten="268,210,203,319" oya="2" hai0="107,130,135,49,89,80,13,84,27,104,70,63,77" hai1="123,115,23,10,36,122,8,37,42,2,76,22,114" hai2="94,21,85,4,119,105,43,29,56,103,87,17,68" hai3="11,24,33,39,98,116,6,79,50,83,47,110,3"/><V53/><F119/><W35/><G116/><T88/><D130/><U67/><E67/><V93/><F68/><W26/><G110/><T134/><D27/><U41/><E2/><V48/><F105/><W15/><G39/><T132/><D49/><U45/><E45/><V99/><F29/><W5/><G98/><T19/><D70/><U12/><E12/><V128/><F128/><W66/><G66/><T16/><D63/><U18/><E18/><N who="0" m="6697" /><D13/><U31/><REACH who="1" step="1"/><E76/><REACH who="1" ten="268,200,203,319" step="2"/><V60/><F4/><W125/><G6/><T106/><AGARI ba="1,1" hai="77,80,84,88,89,104,106,107,132,134,135" m="6697" machi="106" ten="40,5200,0" yaku="20,1,54,2" doraHai="0" who="0" fromWho="0" sc="268,65,200,-14,203,-27,319,-14" /><INIT seed="3,0,0,2,0,71" ten="333,186,176,305" oya="3" hai0="18,28,41,77,119,24,89,26,113,44,84,65,56" hai1="10,23,51,12,79,111,90,95,107,29,118,132,133" hai2="39,13,127,11,129,86,62,25,16,106,88,3,130" hai3="60,66,80,109,21,87,112,1,30,19,52,70,55"/><W101/><G112/><T40/><D119/><U135/><E111/><V20/><F106/><W99/><G1/><T122/><D122/><U14/><E107/><V57/><F127/><W7/><G7/><T43/><D77/><U76/><E118/><V4/><F3/><W54/><G30/><T78/><D78/><U32/><E32/><V63/><F39/><W103/><G109/><T5/><D5/><U22/><E51/><V8/><F8/><W42/><G42/><T67/><D44/><U34/><E34/><V97/><F97/><W115/><G115/><T131/><D131/><U124/><E124/><V100/><F100/><W120/><G120/><T82/><D113/><U72/><E72/><V27/><F27/><W69/><G70/><T36/><D36/><U114/><E14/><V9/><F9/><W128/><G99/><T33/><REACH who="0" step="1"/><D56/><REACH who="0" ten="323,186,176,305" step="2"/><U91/><E79/><V31/><F4/><W49/><G128/><N who="2" m="49257" /><F57/><W48/><G49/><T110/><D110/><U35/><E114/><V117/><F117/><W123/><G123/><T85/><D85/><U45/><E45/><V2/><F2/><W64/><G48/><T125/><D125/><U94/><E76/><V121/><F121/><W61/><G87/><T47/><D47/><U116/><E116/><V83/><AGARI ba="0,1" hai="11,13,16,20,25,31,62,63,83,86,88" m="49257" machi="83" ten="30,4000,0" yaku="19,1,54,2" doraHai="71" who="2" fromWho="2" sc="323,-10,186,-10,176,50,305,-20" /><INIT seed="4,0,0,2,2,133" ten="313,176,226,285" oya="0" hai0="0,74,45,79,28,102,67,109,129,68,86,71,72" hai1="110,122,70,116,106,52,29,96,43,35,1,27,54" hai2="104,9,4,64,75,14,17,2,78,119,92,32,20" hai3="112,95,42,111,127,10,13,30,51,84,94,53,132"/><T34/><D0/><U91/><E110/><V105/><F119/><W39/><G111/><T123/><D123/><U22/><E116/><V80/><F64/><W65/><G39/><T77/><D129/><U49/><E122/><V33/><REACH who="2" step="1"/><F92/><REACH who="2" ten="313,176,216,285" step="2"/><W88/><G95/><T18/><D109/><U37/><E106/><AGARI ba="0,1" hai="2,4,9,14,17,20,32,33,75,78,80,104,105,106" machi="106" ten="40,2600,0" yaku="1,1,2,1,53,0" doraHai="133" doraHaiUra="63" who="2" fromWho="1" sc="313,0,176,-26,216,36,285,0" /><INIT seed="5,0,0,1,1,121" ten="313,150,252,285" oya="1" hai0="117,74,125,33,21,66,104,124,109,2,91,96,43" hai1="27,83,130,24,42,103,36,63,34,100,97,84,112" hai2="86,111,31,18,41,113,106,88,6,78,14,28,133" hai3="98,73,131,105,116,37,55,53,76,57,56,127,123"/><U9/><E112/><V19/><F106/><W126/><G73/><T129/><D129/><U89/><E130/><V99/><F111/><W51/><G76/><T45/><D2/><U102/><E34/><V108/><F108/><W17/><G17/><T90/><D33/><U46/><E97/><V81/><F133/><W1/><G1/><T70/><D74/><U120/><E120/><V40/><F113/><W65/><G105/><T47/><D117/><U115/><E115/><V23/><F6/><W93/><G65/><T122/><D122/><U94/><E9/><V79/><F19/><W135/><G37/><T71/><D21/><U59/><REACH who="1" step="1"/><E83/><REACH who="1" ten="313,140,252,285" step="2"/><V87/><F99/><W0/><G123/><T25/><D96/><U128/><E128/><V12/><F81/><W7/><G131/><T68/><D104/><U13/><E13/><V38/><F14/><W75/><G98/><T54/><D25/><U110/><E110/><V69/><F12/><W35/><G35/><T29/><D109/><U58/><E58/><V15/><F15/><W82/><G82/><T50/><D70/><U20/><E20/><V134/><F69/><W16/><G57/><T11/><D11/><U60/><E60/><V118/><F23/><W80/><G80/><T85/><D71/><U64/><AGARI ba="0,1" hai="24,27,36,42,46,59,63,64,84,89,94,100,102,103" machi="64" ten="30,3000,0" yaku="1,1,0,1,53,0" doraHai="121" doraHaiUra="48" who="1" fromWho="1" sc="313,-10,140,40,252,-10,285,-10" /><INIT seed="5,1,0,3,2,114" ten="303,180,242,275" oya="1" hai0="64,96,11,32,66,37,84,102,17,77,134,26,68" hai1="50,116,8,23,54,44,83,6,1,119,106,95,108" hai2="76,18,135,74,12,88,82,3,127,60,71,36,43" hai3="90,10,56,65,0,33,103,51,80,98,91,61,125"/><U15/><E106/><V131/><F131/><W55/><G33/><T52/><D37/><U117/><E108/><V104/><F3/><W58/><G125/><T75/><D75/><U99/><E83/><V39/><F127/><W41/><G41/><T59/><D134/><U97/><E95/><V100/><F135/><W14/><G0/><T69/><D69/><U29/><E15/><V124/><F124/><W123/><G123/><T87/><D32/><U45/><REACH who="1" step="1"/><E44/><REACH who="1" ten="303,170,242,275" step="2"/><V101/><F12/><W129/><G80/><T40/><D77/><U34/><E34/><V19/><F104/><W126/><G126/><T30/><D40/><U79/><E79/><V42/><F43/><W72/><G129/><T22/><D68/><U110/><E110/><V128/><F42/><W121/><G121/><T111/><D111/><U85/><E85/><V46/><F71/><W20/><G72/><T28/><D87/><U7/><E7/><V130/><F74/><W63/><G20/><T21/><D84/><U109/><E109/><V93/><F76/><W105/><REACH who="3" step="1"/><G51/><REACH who="3" ten="303,170,242,265" step="2"/><T120/><D120/><U31/><E31/><V81/><F128/><W49/><G49/><T25/><D28/><U35/><E35/><V107/><F130/><W9/><G9/><T5/><D11/><U78/><E78/><V94/><F39/><W2/><G2/><T113/><D22/><U13/><E13/><V122/><F36/><W24/><G24/><AGARI ba="1,2" hai="1,6,8,23,24,29,45,50,54,97,99,116,117,119" machi="24" ten="40,12000,1" yaku="1,1,52,3,53,1" doraHai="114" doraHaiUra="16" who="1" fromWho="3" sc="303,0,170,143,242,0,265,-123" /><INIT seed="5,2,0,3,2,127" ten="303,313,242,142" oya="1" hai0="60,112,20,124,26,44,84,23,21,125,25,128,46" hai1="32,40,87,4,50,82,41,81,104,17,53,48,106" hai2="30,131,108,122,47,114,38,5,39,113,74,117,105" hai3="132,6,94,76,65,93,69,66,77,111,75,24,45"/><U118/><E118/><V102/><F117/><W121/><G111/><T135/><D135/><U2/><E32/><V16/><F108/><W9/><G132/><T89/><D112/><N who="2" m="43114" /><F122/><W115/><G115/><T42/><D60/><U35/><E35/><V70/><F74/><W1/><G121/><T86/><D128/><U79/><E4/><V134/><F134/><W51/><G24/><N who="0" m="9323" /><D89/><U36/><E2/><V91/><F30/><W19/><G19/><T98/><D98/><U73/><E17/><V52/><F70/><W58/><G69/><T54/><D54/><U83/><E83/><V78/><F78/><W12/><G77/><T88/><D88/><U97/><E36/><V90/><F131/><W68/><G68/><T103/><D103/><U33/><E33/><V31/><F31/><W71/><G71/><T126/><D42/><U29/><E29/><V3/><F90/><W57/><G76/><T67/><D67/><U72/><E79/><V123/><F91/><W18/><G66/><T110/><D110/><U120/><E120/><V8/><F123/><W7/><G65/><T59/><D59/><N who="3" m="22537" /><G75/><T109/><D109/><U119/><E119/><V96/><F16/><W11/><G18/><T99/><D99/><U61/><E97/><V101/><F101/><W34/><G34/><T15/><D15/><U62/><E87/><AGARI ba="2,0" hai="20,21,23,44,46,84,86,87,124,125,126" m="9323" machi="87" ten="40,5200,0" yaku="28,2,18,1" doraHai="127" who="0" fromWho="1" sc="303,58,313,-58,242,0,142,0" /><INIT seed="6,0,0,4,5,74" ten="361,255,242,142" oya="2" hai0="27,45,72,50,59,43,13,66,32,125,31,73,133" hai1="114,101,10,118,78,54,14,119,69,34,20,16,123" hai2="122,6,87,48,30,102,98,88,29,18,21,75,60" hai3="67,92,109,108,86,116,38,90,12,71,56,47,79"/><V64/><F122/><W124/><G71/><T106/><D106/><U113/><E69/><V94/><F75/><W22/><G116/><N who="1" m="44586" /><E101/><V11/><F48/><W117/><G124/><T44/><D125/><U39/><E39/><V89/><F89/><W128/><G128/><T23/><D133/><U42/><E42/><V130/><F130/><W52/><G67/><T131/><D131/><U62/><E54/><V97/><F97/><W135/><G135/><T37/><D66/><U111/><E62/><V51/><F51/><W61/><G117/><T96/><D96/><U80/><E34/><V19/><F19/><W107/><G107/><T81/><D59/><U28/><E111/><V3/><F18/><W120/><G120/><T41/><D81/><U58/><E58/><V53/><F21/><W134/><G134/><T1/><D1/><U17/><E78/><V121/><F53/><W68/><G68/><T126/><D126/><U77/><E77/><V49/><F49/><W95/><G95/><T15/><D32/><U104/><E80/><V46/><F46/><W132/><G132/><T82/><D82/><U85/><E85/><V9/><F9/><W57/><G57/><T55/><D55/><U7/><E104/><N who="2" m="63575" /><F121/><W83/><G47/><T110/><D110/><U115/><E123/><V127/><F127/><W8/><G38/><T24/><D27/><AGARI ba="0,0" hai="7,10,14,16,17,20,27,28,113,114,115" m="44586" machi="27" ten="40,8000,1" yaku="15,1,34,2,54,1" doraHai="74" who="1" fromWho="0" sc="361,-80,255,80,242,0,142,0" /><INIT seed="7,0,0,4,5,96" ten="281,335,242,142" oya="3" hai0="62,118,76,11,113,61,64,74,27,131,84,37,8" hai1="42,21,135,10,30,86,79,68,73,6,112,20,99" hai2="121,108,43,114,19,45,127,123,23,116,54,9,122" hai3="110,88,33,32,95,97,26,44,107,15,1,34,101"/><W133/><G1/><T12/><D37/><U0/><E68/><V49/><F108/><W82/><G110/><T92/><D118/><U111/><E30/><V125/><F116/><W98/><G133/><T129/><D74/><U90/><E99/><V134/><F134/><W77/><G15/><T100/><D27/><U5/><E5/><V89/><F114/><W48/><G26/><T120/><D120/><U57/><E112/><V47/><F9/><W67/><G67/><T60/><D64/><U29/><E29/><V78/><F78/><W117/><G117/><T130/><D113/><U105/><E105/><V14/><REACH who="2" step="1"/><F89/><REACH who="2" ten="281,335,232,142" step="2"/><W94/><G107/><T3/><D76/><U66/><E10/><V56/><F56/><W104/><G104/><T72/><D8/><U124/><E57/><V38/><AGARI ba="0,1" hai="14,19,23,38,43,45,47,49,54,121,122,123,125,127" machi="38" ten="40,8000,1" yaku="1,1,0,1,13,1,53,1" doraHai="96" doraHaiUra="16" who="2" fromWho="2" sc="281,-20,335,-20,232,90,142,-40" owari="261,-13.9,315,11.5,322,42.2,102,-39.8" /></mjloggm>