<mjloggm ver="2.3"><GO type="137" lobby="0"/><UN n0="%E2%93%9D%4C%75%63%6B%79%4A" n1="%E3%83%A9%E3%82%AA%E3%82%B5%E3%83%90%E3%82%AA" n2="%E3%83%A9%E3%83%A9" n3="%7A%78%79" dan="10,12,11,13" rate="1776.62,1682.49,1542.57,1771.09" sx="M,M,M,M"/><TAIKYOKU oya="0"/><INIT seed="0,0,0,3,2,125" ten="250,250,250,250" oya="0" hai0="69,32,43,59,13,50,108,23,124,130,38,89,94" hai1="14,41,107,24,92,110,22,114,26,104,95,97,31" hai2="47,103,20,4,86,45,128,58,105,106,82,29,71" hai3="93,119,123,51,63,60,8,36,99,76,98,62,90"/><T129/><D32/><U115/><E110/><V73/><F71/><W112/><G112/><N who="1" m="43050" /><E41/><V25/><F73/><W64/><G119/><T135/><D69/><U21/><E14/><V111/><F111/><W79/><G36/><T77/><D77/><U15/><E15/><V66/><F4/><W49/><G123/><T42/><D124/><U35/><E97/><V96/><F105/><N who="1" m="40521" /><E35/><V133/><F133/><W61/><G99/><T78/><D78/><N who="3" m="29737" /><G8/><T57/><D135/><U18/><E18/><V116/><F116/><W46/><G46/><T101/><D101/><U39/><E31/><V3/><F3/><W75/><G75/><T102/><D102/><U10/><E10/><V53/><F66/><W40/><G40/><T113/><D113/><U118/><E118/><V81/><F86/><W88/><G90/><T11/><D108/><U5/><E5/><V55/><F47/><W91/><G91/><T74/><D74/><U80/><E80/><V84/><F84/><W72/><G72/><T126/><D126/><U34/><E34/><V56/><F45/><W19/><G19/><N who="0" m="10735" /><D11/><U17/><E39/><V134/><F134/><W121/><G121/><T122/><D122/><U1/><E1/><V33/><F33/><W85/><G98/><N who="0" m="57679" /><D38/><U54/><E54/><V30/><F81/><W44/><G44/><N who="0" m="25887" /><D42/><U2/><E2/><V120/><F120/><W87/><G87/><T132/><D132/><U7/><E7/><V117/><F117/><W131/><G131/><AGARI ba="0,0" hai="57,59,129,130,131" m="25887,57679,10735" machi="131" ten="30,11600,0" yaku="19,1,52,3" doraHai="125" who="0" fromWho="3" sc="250,116,250,0,250,0,250,-116" /><INIT seed="0,1,0,1,2,49" ten="366,250,250,134" oya="0" hai0="26,21,34,125,101,1,53,116,130,135,96,85,127" hai1="84,36,69,68,35,62,73,20,93,91,6,121,95" hai2="120,78,16,31,32,12,58,106,77,51,5,48,72" hai3="99,28,9,86,56,63,100,37,39,102,18,97,113"/><T23/><D116/><U109/><E121/><V8/><F106/><W103/><G113/><T64/><D64/><U7/><E35/><V50/><F120/><W104/><G28/><T38/><D38/><U132/><E36/><V13/><F72/><W131/><G131/><T107/><D1/><U45/><E73/><V87/><F31/><W105/><G86/><T122/><D122/><U22/><E132/><V47/><F32/><W83/><G83/><T42/><D42/><U3/><E3/><V118/><F118/><W134/><G134/><T60/><D85/><U40/><E109/><V90/><F58/><W110/><G110/><T54/><D60/><U44/><E62/><V25/><F25/><W92/><G103/><T33/><D135/><U15/><E40/><V17/><F47/><W10/><G92/><T117/><D117/><U59/><E84/><V133/><F133/><W30/><G30/><N who="0" m="19799" /><D33/><U0/><E0/><V66/><F66/><W81/><G81/><T98/><D98/><U80/><E80/><V111/><F111/><W19/><G63/><T43/><D43/><U29/><E29/><V115/><F115/><W52/><REACH who="3" step="1"/><G56/><REACH who="3" ten="366,250,250,124" step="2"/><T65/><D130/><U61/><E59/><V108/><F108/><W27/><G27/><T41/><D65/><U76/><E61/><V123/><F123/><W67/><G67/><T94/><D94/><U24/><E24/><V129/><F129/><W119/><G119/><T70/><D101/><U88/><E76/><V74/><F77/><W114/><G114/><T11/><D107/><U75/><E75/><V46/><F74/><RYUUKYOKU ba="1,1" sc="366,-15,250,15,250,-15,124,15" hai1="6,7,15,20,22,44,45,68,69,88,91,93,95" hai3="9,10,18,19,37,39,52,97,99,100,102,104,105" /><INIT seed="1,2,1,4,4,106" ten="351,265,235,139" oya="1" hai0="35,93,132,98,134,65,10,49,119,69,24,97,26" hai1="114,74,121,73,105,125,4,123,83,37,120,100,102" hai2="52,36,82,3,116,58,130,34,12,22,16,27,14" hai3="57,25,42,124,8,64,111,9,63,104,89,71,107"/><U6/><E37/><V39/><F116/><W94/><G111/><T18/><D119/><U75/><E114/><V85/><F3/><W47/><G124/><T59/><D69/><U13/><E13/><V20/><F34/><W31/><G71/><T126/><D98/><U7/><E125/><V66/><F66/><W109/><G109/><T90/><D126/><U99/><REACH who="1" step="1"/><E102/><REACH who="1" ten="351,255,235,139" step="2"/><V62/><F36/><W43/><G107/><T68/><D134/><U81/><AGARI ba="2,2" hai="4,6,7,73,74,75,81,83,99,100,105,120,121,123" machi="81" ten="50,24000,3" yaku="1,1,2,1,0,1,29,2,52,3,53,0" doraHai="106" doraHaiUra="108" who="1" fromWho="1" sc="351,-82,255,266,235,-82,139,-82" /><INIT seed="1,3,0,4,4,46" ten="269,521,153,57" oya="1" hai0="62,58,27,132,71,113,124,35,74,70,107,16,96" hai1="9,117,88,18,43,56,63,134,95,19,68,45,114" hai2="29,69,118,116,128,86,75,135,100,51,32,52,103" hai3="123,48,20,64,94,49,80,67,14,23,13,93,101"/><U12/><E117/><V36/><F69/><W37/><G37/><T25/><D74/><U125/><E68/><V72/><F36/><W26/><G123/><T126/><D113/><U42/><E114/><V15/><F135/><W92/><G80/><T21/><D132/><U109/><E109/><V129/><F86/><W127/><G127/><N who="0" m="48683" /><D27/><U121/><E121/><V79/><F79/><W7/><G101/><N who="0" m="62887" /><D35/><U131/><E131/><N who="2" m="50251" /><F15/><N who="3" m="5643" /><G7/><T108/><D108/><U39/><E125/><V76/><F75/><W11/><G11/><T44/><D44/><U10/><E134/><V2/><F2/><W119/><G119/><N who="2" m="45609" /><F29/><W110/><G110/><T78/><D78/><U89/><E42/><V90/><F90/><W91/><G91/><T81/><D81/><U30/><E30/><V106/><F32/><W41/><G41/><T84/><D84/><U54/><E18/><V120/><F106/><W112/><G112/><T66/><AGARI ba="3,0" hai="16,21,25,58,62,66,70,71" m="62887,48683" machi="66" ten="30,2000,0" yaku="18,1,54,1" doraHai="46" who="0" fromWho="0" sc="269,29,521,-13,153,-8,57,-8" /><INIT seed="2,0,0,1,1,95" ten="298,508,145,49" oya="2" hai0="111,30,91,72,76,23,33,36,0,14,88,90,129" hai1="131,117,100,15,63,24,97,114,32,37,22,133,134" hai2="83,96,71,120,81,121,94,49,79,68,41,16,85" hai3="99,122,82,108,11,46,20,4,55,109,8,28,19"/><V34/><F34/><W118/><G122/><T45/><D0/><U64/><E117/><V116/><F116/><W73/><G118/><T66/><D33/><U77/><E77/><V56/><F121/><W18/><G109/><T112/><D112/><U12/><E37/><V1/><F1/><W7/><G108/><T89/><D111/><U58/><E114/><V60/><F83/><W104/><G73/><T107/><D66/><U61/><E61/><V48/><F120/><W74/><G74/><T128/><D107/><U47/><E47/><V26/><F71/><W43/><G104/><T40/><N who="0" m="22528" /><DORA hai="92" /><T69/><D69/><U98/><E32/><V93/><F68/><W115/><G115/><T10/><D23/><U54/><E64/><N who="2" m="38919" /><F93/><W123/><G123/><T106/><D106/><U2/><E2/><V65/><F65/><W84/><G43/><T35/><D72/><U29/><E131/><V57/><F41/><W31/><G82/><T102/><D129/><U70/><E100/><N who="2" m="60439" /><F57/><W21/><G84/><T6/><D128/><U17/><E70/><V38/><F38/><W9/><G46/><T110/><D110/><U44/><E44/><V51/><F51/><W50/><G50/><T75/><D75/><U119/><E119/><V135/><F135/><N who="1" m="51721" /><E29/><N who="3" m="11338" /><G55/><T5/><D35/><U130/><E130/><V62/><F62/><W105/><G99/><AGARI ba="0,0" hai="12,15,17,22,24,54,58,63,97,98,99" m="51721" machi="99" ten="30,12000,2" yaku="20,1,52,6" doraHai="95,92" who="1" fromWho="3" sc="298,0,508,120,145,0,49,-120" owari="298,9.8,628,72.8,145,-25.5,-71,-57.1" /></mjloggm>