<mjloggm ver="2.3"><GO type="41" lobby="0"/><UN n0="%E2%93%9D%4C%75%63%6B%79%4A" n1="%6B%69%6E%67%66%69%73%68" n2="%E3%81%BC%E3%81%86%E3%81%A1%E3%82%83%E3%82%93" n3="%73%74%61%6E%68%6F%70%65" dan="15,13,14,14" rate="2151.36,1845.02,1875.66,1955.49" sx="M,M,M,M"/><TAIKYOKU oya="0"/><INIT seed="0,0,0,5,0,96" ten="250,250,250,250" oya="0" hai0="83,104,77,105,133,129,13,118,27,33,72,51,49" hai1="47,14,48,115,78,31,88,79,29,90,18,71,74" hai2="4,103,25,8,62,1,39,7,70,107,52,120,122" hai3="84,12,28,99,50,43,113,111,40,126,123,131,117"/><T86/><D118/><U11/><E71/><V46/><F7/><W61/><G117/><T56/><D133/><U92/><E115/><V53/><F25/><W73/><G73/><T95/><D129/><U9/><E90/><V37/><F53/><W35/><G113/><T59/><D105/><U55/><E11/><V81/><F81/><W3/><G3/><T108/><D104/><U58/><E74/><V93/><F93/><W32/><G131/><T6/><D108/><U87/><REACH who="1" step="1"/><E47/><REACH who="1" ten="250,240,250,250" step="2"/><V64/><F52/><W17/><G111/><T134/><D72/><U125/><E125/><V54/><F54/><W75/><G75/><T15/><D59/><U2/><E2/><V121/><REACH who="2" step="1"/><F46/><REACH who="2" ten="250,240,240,250" step="2"/><W22/><G43/><T21/><D56/><U101/><E101/><V106/><F106/><W45/><G40/><T100/><D100/><U127/><E127/><V63/><F63/><W94/><G61/><T80/><D95/><U5/><E5/><V60/><F60/><W132/><G126/><T10/><D6/><U128/><E128/><V23/><F23/><W82/><G22/><T112/><D21/><U91/><E91/><V19/><F19/><W89/><G17/><T67/><D10/><U135/><E135/><V109/><F109/><W124/><G132/><T30/><D134/><U130/><E130/><V68/><F68/><W24/><G124/><T41/><D112/><U102/><E102/><V85/><F85/><W69/><G84/><T116/><D86/><U119/><E119/><V65/><F65/><W26/><G69/><T36/><D116/><U66/><E66/><RYUUKYOKU ba="0,2" sc="250,-15,240,15,240,15,250,-15" hai1="9,14,18,29,31,48,55,58,78,79,87,88,92" hai2="1,4,8,37,39,62,64,70,103,107,120,121,122" /><INIT seed="1,1,2,1,5,15" ten="235,255,255,235" oya="1" hai0="6,20,3,52,126,31,107,96,82,24,41,4,1" hai1="111,123,72,10,76,89,115,113,69,63,40,101,13" hai2="119,7,55,122,21,77,128,54,125,94,5,68,85" hai3="66,84,64,90,59,42,22,58,83,75,57,134,86"/><U120/><E89/><V23/><F68/><W26/><G75/><T12/><D41/><U98/><E13/><V34/><F34/><W102/><G42/><T70/><D70/><U92/><E10/><V67/><F67/><W33/><G33/><T53/><D126/><U25/><E40/><V2/><F2/><W30/><G134/><T45/><D107/><U106/><E92/><V46/><F122/><W91/><REACH who="3" step="1"/><G102/><REACH who="3" ten="235,255,255,225" step="2"/><T17/><D3/><U27/><E120/><V80/><F119/><W121/><G121/><T19/><D1/><U110/><E123/><V135/><F135/><W124/><G124/><T133/><D133/><U28/><E72/><V118/><F118/><W95/><AGARI ba="1,3" hai="22,26,30,57,58,59,64,66,83,84,86,90,91,95" machi="95" ten="30,4000,0" yaku="1,1,0,1,8,1,53,0" doraHai="15" doraHaiUra="112" who="3" fromWho="3" sc="235,-11,255,-21,255,-11,225,73" /><INIT seed="2,0,0,0,4,67" ten="224,234,244,298" oya="2" hai0="107,77,96,97,35,58,5,103,76,12,7,16,59" hai1="6,47,88,31,27,134,62,123,110,9,127,2,124" hai2="60,37,51,18,41,8,64,104,29,36,54,38,52" hai3="30,101,79,131,49,61,44,109,13,132,78,33,90"/><V108/><F104/><W48/><G101/><T72/><D35/><U126/><E110/><V119/><F29/><W99/><G109/><T81/><D77/><U50/><E134/><V125/><F18/><W118/><G132/><T102/><D7/><U93/><E123/><V23/><F23/><W25/><G118/><T115/><D5/><U65/><E50/><V117/><F8/><W17/><G48/><T4/><D115/><U21/><E47/><N who="2" m="26095" /><F108/><W66/><G90/><T83/><D83/><U46/><E46/><V34/><F34/><W69/><G99/><T71/><D71/><U84/><E62/><V74/><F74/><W91/><G91/><T0/><D0/><U24/><E24/><V105/><F105/><W111/><G111/><T114/><D4/><U135/><E135/><V32/><F32/><W121/><G121/><T98/><D114/><U68/><E65/><V129/><F129/><W116/><G131/><T19/><D19/><U3/><E2/><V70/><F125/><W11/><REACH who="3" step="1"/><G116/><AGARI ba="0,0" hai="36,37,38,52,54,60,64,70,116,117,119" m="26095" machi="116" ten="40,12000,1" yaku="34,2,52,1,54,1" doraHai="67" who="2" fromWho="3" sc="224,0,234,0,244,120,298,-120" /><INIT seed="2,1,0,0,0,58" ten="224,234,364,178" oya="2" hai0="47,56,11,6,36,81,111,97,26,68,110,122,99" hai1="88,134,49,37,54,66,51,116,85,43,78,95,39" hai2="105,82,86,102,24,48,59,28,120,112,55,5,41" hai3="44,14,33,76,91,92,109,124,123,117,130,31,77"/><V45/><F112/><W118/><G123/><T40/><D122/><U70/><E134/><V20/><F120/><W15/><G33/><T27/><D68/><U4/><E116/><V67/><F5/><W52/><G118/><T98/><D81/><U127/><E127/><V50/><F105/><W53/><G124/><T7/><D7/><U133/><E133/><V21/><F102/><W106/><G106/><T89/><D89/><U12/><E78/><V73/><F73/><W46/><G31/><T71/><D71/><U22/><E43/><V93/><F93/><W9/><G117/><T107/><D56/><U16/><E4/><V61/><F21/><W62/><G9/><T87/><D87/><U100/><E100/><V38/><REACH who="2" step="1"/><F67/><REACH who="2" ten="224,234,354,178" step="2"/><W1/><G92/><T72/><D72/><U3/><E66/><V90/><AGARI ba="1,1" hai="20,24,28,38,41,45,48,50,55,59,61,82,86,90" machi="90" ten="20,12000,1" yaku="1,1,2,1,0,1,7,1,52,1,53,0" doraHai="58" doraHaiUra="65" who="2" fromWho="2" sc="224,-41,234,-41,354,133,178,-41" /><INIT seed="2,2,0,0,2,35" ten="183,193,487,137" oya="2" hai0="90,11,59,20,25,1,72,99,106,36,24,64,33" hai1="55,116,9,28,17,75,112,39,49,60,62,76,119" hai2="93,91,16,85,122,7,79,128,89,124,41,66,113" hai3="48,101,97,22,47,65,68,129,125,83,8,74,10"/><V78/><F113/><W102/><G74/><T12/><D36/><U6/><E112/><V2/><F122/><W80/><G68/><T45/><D72/><U100/><E39/><V53/><F41/><W3/><G65/><T86/><D33/><U132/><E132/><V23/><F66/><W82/><G125/><T95/><D1/><U107/><E28/><V103/><F103/><W51/><G129/><T110/><D110/><U19/><E75/><V61/><F124/><W121/><G121/><T18/><D45/><U94/><E107/><V135/><F128/><W13/><G3/><T63/><D106/><U50/><E119/><V21/><F135/><W130/><G130/><T81/><REACH who="0" step="1"/><D20/><REACH who="0" ten="173,193,487,137" step="2"/><U123/><E123/><V58/><F23/><W34/><G34/><T44/><D44/><U46/><E116/><V133/><F133/><W40/><G51/><T118/><D118/><U54/><E49/><V108/><F108/><W43/><G43/><T71/><D71/><U0/><E62/><V70/><F70/><W26/><G8/><T126/><D126/><U52/><E60/><V109/><F109/><W87/><G87/><T96/><D96/><U88/><E46/><V56/><F2/><W92/><G92/><T37/><D37/><U131/><E131/><V120/><F120/><W117/><G97/><T15/><D15/><U67/><E50/><V4/><F85/><W14/><G14/><T69/><D69/><U57/><E0/><V38/><F38/><W31/><G117/><T105/><D105/><U111/><E111/><V5/><F79/><AGARI ba="2,1" hai="11,12,18,24,25,59,63,64,79,81,86,90,95,99" machi="79" ten="30,3900,0" yaku="1,1,7,1,8,1,53,0" doraHai="35" doraHaiUra="114" who="0" fromWho="2" sc="173,55,193,0,487,-45,137,0" /><INIT seed="3,0,0,3,1,88" ten="228,193,442,137" oya="3" hai0="116,24,35,128,118,100,99,129,54,11,133,83,23" hai1="1,19,7,30,49,113,42,48,65,70,82,39,104" hai2="105,121,3,21,85,93,27,75,89,2,56,80,25" hai3="44,43,101,5,117,63,34,84,58,102,97,8,125"/><W94/><G34/><T109/><D54/><U112/><E104/><V134/><F121/><W51/><G117/><T26/><D83/><U50/><E82/><V41/><F134/><W62/><G125/><T33/><D99/><U38/><E30/><V135/><F135/><W119/><G119/><N who="0" m="45611" /><D100/><U91/><E91/><V10/><F105/><W103/><G84/><T45/><D45/><U0/><E7/><V81/><F3/><W28/><G63/><T67/><D67/><U69/><E19/><V123/><F123/><W57/><G58/><T110/><D11/><U4/><E4/><V37/><F2/><N who="1" m="1129" /><E65/><V96/><F10/><W29/><G8/><T77/><D77/><U46/><E46/><V124/><F124/><W16/><G5/><T79/><D79/><U107/><E42/><V71/><F71/><N who="1" m="27145" /><E107/><V66/><F41/><W122/><G122/><T68/><D68/><U20/><E20/><V114/><F114/><AGARI ba="0,0" hai="38,39,48,49,50,112,113,114" m="27145,1129" machi="114" ten="40,2600,0" yaku="28,2" doraHai="88" who="1" fromWho="2" sc="228,0,193,26,442,-26,137,0" /><INIT seed="4,0,0,5,1,25" ten="228,219,416,137" oya="0" hai0="5,38,63,62,8,114,74,113,86,73,78,4,98" hai1="72,69,94,109,124,58,76,103,90,85,47,92,134" hai2="120,116,0,95,91,23,59,42,82,88,132,128,106" hai3="129,84,99,107,89,75,45,110,19,13,15,2,67"/><T71/><D38/><U135/><E69/><V49/><F0/><W10/><G75/><N who="0" m="28683" /><D71/><U33/><E33/><V48/><F116/><W34/><G67/><T26/><D98/><N who="1" m="59847" /><E58/><V52/><F132/><N who="1" m="50729" /><E47/><N who="2" m="25719" /><F128/><W101/><G2/><T12/><D26/><U64/><E64/><V108/><F108/><W22/><G110/><T117/><D117/><U133/><N who="1" m="50737" /><U66/><DORA hai="36" /><E66/><V41/><F120/><W24/><G129/><T37/><D37/><U100/><E109/><V29/><F106/><W122/><G122/><T35/><D35/><U28/><E28/><V104/><F104/><W50/><G34/><T61/><D63/><U43/><E43/><V102/><F41/><W11/><G15/><T40/><D62/><U21/><E21/><V126/><F29/><W96/><G13/><T87/><D61/><U14/><E14/><V123/><F23/><W56/><G56/><T39/><D39/><U119/><E119/><V7/><F59/><W31/><G19/><T118/><D40/><U30/><E30/><V80/><F7/><W1/><G1/><T131/><D5/><U46/><E46/><V6/><F6/><W65/><G65/><T53/><D118/><U127/><E100/><V17/><F102/><W3/><G3/><T51/><D131/><U16/><E16/><V115/><F17/><W57/><G45/><N who="0" m="27887" /><D78/><U121/><E121/><V9/><F123/><W55/><REACH who="3" step="1"/><G96/><REACH who="3" ten="228,219,416,127" step="2"/><T81/><D4/><U97/><E97/><V125/><F9/><W112/><G112/><T130/><D130/><U27/><E27/><V70/><F70/><W68/><G68/><RYUUKYOKU ba="0,1" sc="228,-15,219,15,416,-15,127,15" hai1="72,76,85,90,94,124,127" hai3="10,11,22,24,31,50,55,57,84,89,99,101,107" /><INIT seed="5,1,1,2,2,67" ten="213,234,401,142" oya="1" hai0="109,14,20,100,97,75,33,53,55,80,87,89,59" hai1="17,50,82,98,64,0,84,9,77,104,132,26,13" hai2="117,114,3,11,48,6,34,35,125,134,45,127,15" hai3="1,85,135,81,51,25,121,73,128,74,49,123,70"/><U8/><E132/><V2/><F48/><W10/><G135/><T86/><D33/><N who="2" m="12298" /><F45/><W113/><G25/><T30/><D109/><U111/><E111/><V47/><F47/><W22/><G22/><T126/><D75/><U101/><E64/><V102/><F102/><W106/><G10/><T61/><D126/><N who="2" m="48138" /><F134/><W116/><G1/><N who="2" m="9" /><F114/><W68/><G81/><T129/><D87/><U110/><E110/><V36/><F36/><W105/><G85/><T124/><D124/><U69/><E69/><V19/><F19/><W107/><G107/><T57/><D100/><U37/><E37/><V62/><F62/><W31/><G31/><T65/><D97/><U91/><E50/><V94/><F94/><W42/><G42/><T119/><D61/><U76/><REACH who="1" step="1"/><E26/><REACH who="1" ten="213,224,401,142" step="2"/><V122/><F122/><W41/><G41/><T56/><D65/><U4/><AGARI ba="1,2" hai="0,4,8,9,13,17,76,77,82,84,91,98,101,104" machi="4" ten="30,11700,0" yaku="1,1,2,1,0,1,53,1" doraHai="67" doraHaiUra="12" who="1" fromWho="1" sc="213,-40,224,140,401,-40,142,-40" /><INIT seed="5,2,0,0,3,126" ten="173,364,361,102" oya="1" hai0="86,16,101,104,70,14,27,25,91,102,135,66,84" hai1="131,12,8,119,124,49,76,123,1,106,24,99,121" hai2="3,59,122,116,67,18,47,103,95,65,63,0,19" hai3="15,53,35,10,96,23,28,68,83,38,93,82,74"/><U79/><E119/><V87/><F116/><W109/><G35/><T22/><D135/><U97/><E124/><V73/><F73/><W100/><G38/><T108/><D108/><U52/><E1/><V26/><F122/><W37/><G37/><T51/><D104/><U133/><E133/><V40/><F65/><W69/><G109/><T120/><D86/><U29/><E123/><V110/><F110/><W13/><G74/><T48/><D70/><U58/><E121/><V62/><F63/><W77/><G77/><N who="1" m="29770" /><E131/><V39/><F19/><W46/><G68/><T44/><D51/><U43/><E43/><V11/><F87/><W61/><G69/><T78/><D78/><U98/><E106/><V115/><F115/><W113/><G113/><T2/><D2/><U4/><E24/><N who="0" m="9289" /><D66/><U94/><E29/><V36/><F36/><W20/><G28/><T41/><D120/><U55/><E55/><V111/><F111/><W72/><G72/><T42/><D42/><U75/><E75/><V33/><F33/><W134/><G134/><T54/><D41/><U9/><E9/><V30/><F30/><W92/><G61/><T112/><D112/><U57/><E57/><V88/><F26/><W21/><G10/><T32/><D32/><U31/><E31/><V105/><F11/><W7/><G7/><T118/><D118/><U130/><E130/><V60/><F60/><W17/><G17/><T81/><AGARI ba="2,0" hai="14,16,22,44,48,54,81,84,91,101,102" m="9289" machi="81" ten="30,2000,0" yaku="8,1,54,1" doraHai="126" who="0" fromWho="0" sc="173,26,364,-12,361,-7,102,-7" /><INIT seed="6,0,0,4,4,88" ten="199,352,354,95" oya="2" hai0="77,46,48,12,73,135,112,80,104,55,24,128,120" hai1="106,130,108,134,109,125,30,21,63,22,5,82,85" hai2="10,124,17,64,72,15,114,81,45,122,118,33,132" hai3="116,38,96,56,13,119,71,6,115,35,3,52,70"/><V27/><F64/><W62/><G3/><T98/><D120/><U49/><E106/><V75/><F81/><W4/><G35/><T1/><D135/><U65/><E134/><V8/><F45/><W44/><G4/><T117/><D112/><U14/><E130/><V76/><F76/><W16/><G6/><T105/><D1/><U84/><E125/><V23/><F75/><W126/><G126/><T86/><D117/><U59/><E84/><V87/><F87/><W9/><G115/><T129/><D24/><U127/><E127/><V102/><F102/><W78/><G78/><T111/><D111/><U110/><E30/><N who="2" m="19679" /><F72/><W2/><G2/><T93/><D12/><U113/><E113/><V68/><F68/><W91/><G71/><T121/><D121/><U34/><E34/><V42/><F42/><W11/><G70/><T18/><D18/><U26/><E49/><V131/><F124/><W40/><REACH who="3" step="1"/><G11/><REACH who="3" ten="199,352,354,85" step="2"/><N who="2" m="4137" /><F114/><W0/><G0/><T36/><D129/><U50/><E110/><V54/><F122/><W7/><G7/><T60/><D128/><U101/><E109/><V89/><F131/><W28/><G28/><T100/><D73/><U95/><E108/><V41/><F132/><W20/><G20/><T19/><D19/><U67/><E22/><V69/><F69/><W39/><G39/><T133/><D36/><U99/><E5/><V31/><F23/><W51/><G51/><T47/><D133/><U61/><E50/><V123/><F31/><W97/><G97/><T58/><D47/><U107/><E21/><V79/><F123/><W66/><G66/><AGARI ba="0,1" hai="46,48,55,58,60,66,77,80,86,93,98,100,104,105" machi="66" ten="30,3900,0" yaku="6,1,7,1,52,1" doraHai="88" who="0" fromWho="3" sc="199,49,352,0,354,0,85,-39" /><INIT seed="7,0,0,2,5,116" ten="248,352,354,46" oya="3" hai0="67,25,93,7,107,5,10,20,16,29,99,48,15" hai1="2,130,21,77,105,13,102,84,26,14,45,61,114" hai2="121,125,33,129,55,79,78,110,54,86,53,62,41" hai3="58,39,0,90,66,117,22,97,95,49,19,100,131"/><W34/><G0/><T11/><D107/><U63/><E2/><V120/><F33/><W134/><G39/><T35/><D67/><U119/><E119/><V3/><F110/><W101/><G34/><T44/><D93/><U126/><E126/><V50/><F3/><W112/><G117/><T96/><D99/><U106/><E106/><V124/><F129/><W4/><G131/><T69/><D96/><U1/><E1/><V76/><F86/><W68/><G4/><N who="0" m="1611" /><D69/><U40/><E130/><V123/><F62/><N who="1" m="23561" /><E102/><V43/><REACH who="2" step="1"/><F50/><REACH who="2" ten="248,352,344,46" step="2"/><W36/><G68/><T56/><D56/><U133/><E133/><V27/><F27/><N who="3" m="14815" /><G134/><T83/><D83/><N who="1" m="47215" /><E114/><V82/><F82/><W24/><G112/><T127/><D48/><N who="1" m="26663" /><E105/><V57/><F57/><W31/><G36/><T81/><D81/><U60/><E60/><V17/><F17/><AGARI ba="0,1" hai="13,14,17,21,26" m="26663,47215,23561" machi="17" ten="30,1000,0" yaku="8,1" doraHai="116" who="1" fromWho="2" sc="248,0,352,20,344,-10,46,0" owari="248,-15.2,372,47.2,334,13.4,46,-45.4" /></mjloggm>