<mjloggm ver="2.3"><GO type="41" lobby="0"/><UN n0="%68%61%6E%64%79%31%30%30" n1="%7A%68%75%6A%6F%6B%65%72" n2="%74%79%6F%6E%6D%61%72%75" n3="%E2%93%9D%4C%75%63%6B%79%4A" dan="14,14,15,18" rate="1886.96,1984.20,1955.81,2159.83" sx="M,M,M,M"/><TAIKYOKU oya="0"/><INIT seed="0,0,0,2,3,21" ten="250,250,250,250" oya="0" hai0="92,133,83,29,35,19,101,41,94,112,132,53,58" hai1="96,106,87,69,76,6,111,13,42,103,113,131,78" hai2="84,0,130,39,77,129,28,2,68,38,75,26,59" hai3="109,110,43,85,17,52,91,48,4,119,72,9,95"/><T18/><D112/><U60/><E111/><V51/><F84/><W100/><G119/><T121/><D121/><U105/><E131/><N who="2" m="50187" /><F68/><W63/><G72/><T30/><D41/><U24/><E113/><V16/><F59/><W125/><G125/><T47/><D47/><U115/><E105/><V54/><F77/><W45/><G17/><T34/><D83/><U5/><E115/><V128/><F75/><W61/><G100/><T8/><D58/><U104/><E106/><V32/><N who="2" m="50195" /><V20/><DORA hai="56" /><F54/><W62/><REACH who="3" step="1"/><G43/><REACH who="3" ten="250,250,250,240" step="2"/><T93/><D101/><U31/><E42/><V49/><F39/><W79/><G79/><T22/><D53/><U99/><E76/><V11/><F38/><W82/><G82/><T88/><D93/><U36/><E36/><V37/><F37/><W81/><G81/><T97/><D97/><U64/><E99/><V89/><F89/><W123/><G123/><T23/><REACH who="0" step="1"/><D8/><REACH who="0" ten="240,250,250,240" step="2"/><U10/><E78/><V55/><F11/><W3/><AGARI ba="0,2" hai="3,4,9,45,48,52,61,62,63,85,91,95,109,110" machi="3" ten="30,12000,2" yaku="1,1,0,1,52,3,54,1,53,0" doraHai="21,56" doraHaiUra="135,107" who="3" fromWho="3" sc="240,-60,250,-30,250,-30,240,140" /><INIT seed="1,0,0,0,1,125" ten="180,220,220,380" oya="1" hai0="38,72,32,60,56,85,74,111,35,44,105,12,130" hai1="114,129,34,86,95,116,21,107,103,117,73,109,110" hai2="108,96,100,93,92,26,122,54,133,4,1,119,59" hai3="132,104,6,27,8,121,66,76,67,58,134,36,16"/><U15/><E34/><N who="0" m="12841" /><D56/><U46/><E114/><V87/><F119/><W78/><G104/><T18/><D18/><U25/><E15/><V70/><F122/><W89/><G36/><T37/><D85/><U42/><E73/><N who="0" m="28265" /><D12/><U10/><E10/><V71/><F4/><W127/><G127/><T33/><N who="0" m="12849" /><T62/><DORA hai="99" /><D44/><U0/><E0/><V81/><F26/><W51/><G89/><T65/><D105/><U43/><E107/><V131/><F1/><W19/><G58/><T20/><D20/><U17/><E46/><V64/><F59/><W22/><G121/><T79/><D79/><N who="3" m="30249" /><G51/><T123/><D123/><U52/><E86/><V135/><F87/><W94/><G94/><T90/><D90/><U13/><E25/><V120/><F120/><W47/><G47/><T7/><D7/><U97/><E116/><V112/><F93/><W28/><G19/><T128/><D111/><N who="1" m="42507" /><E117/><V48/><F92/><W3/><G16/><T68/><D62/><U77/><E77/><V40/><F48/><W49/><G49/><T2/><D2/><U41/><E52/><V63/><F108/><W80/><G3/><T84/><D84/><U115/><E115/><V124/><F63/><W31/><G6/><T102/><D102/><U30/><E30/><V14/><F100/><W126/><G31/><T69/><D69/><U98/><E98/><V83/><F71/><W61/><G28/><T55/><D55/><U75/><E75/><V29/><F70/><W106/><G61/><T118/><D118/><U11/><E21/><V39/><F29/><W9/><G22/><RYUUKYOKU ba="0,0" sc="180,15,220,15,220,-15,380,-15" hai0="37,38,60,65,68,128,130" hai1="11,13,17,41,42,43,95,97,103,129" /><INIT seed="1,1,0,0,3,109" ten="195,235,205,365" oya="1" hai0="105,28,32,25,90,111,45,14,12,10,29,68,3" hai1="8,21,56,62,83,131,63,70,73,37,129,65,58" hai2="119,26,121,93,59,16,60,77,0,100,18,130,85" hai3="41,125,78,74,117,52,81,94,42,35,1,87,69"/><U116/><E116/><V47/><F121/><W76/><G35/><N who="0" m="20879" /><D90/><U82/><E8/><V103/><F119/><W7/><G69/><T40/><D45/><U72/><E21/><V5/><F130/><N who="1" m="49673" /><E37/><V54/><F0/><W134/><G134/><T61/><D40/><U135/><E135/><V98/><F5/><W126/><G78/><T115/><D12/><U15/><E15/><V122/><F122/><W43/><G117/><T120/><D14/><U114/><E114/><V19/><F103/><W20/><G20/><T31/><D120/><U102/><E102/><V53/><F77/><W55/><G7/><N who="0" m="1407" /><D29/><U9/><E9/><V30/><F85/><W46/><G1/><T128/><D128/><U99/><E99/><V132/><F132/><W51/><REACH who="3" step="1"/><G55/><REACH who="3" ten="195,235,205,355" step="2"/><T127/><D111/><U57/><E70/><V33/><F53/><W107/><G107/><T106/><D127/><U118/><E118/><V44/><AGARI ba="1,1" hai="16,18,19,26,30,33,44,47,54,59,60,93,98,100" machi="44" ten="30,2000,0" yaku="0,1,54,1" doraHai="109" who="2" fromWho="2" sc="195,-6,235,-11,205,33,355,-6" /><INIT seed="2,0,0,5,3,111" ten="189,224,238,349" oya="2" hai0="62,50,52,6,110,35,75,25,91,48,0,20,59" hai1="130,54,23,133,95,29,16,107,70,8,78,106,132" hai2="93,65,77,49,118,14,96,134,26,53,81,113,104" hai3="5,2,40,66,37,84,79,121,114,98,109,60,122"/><V10/><F118/><W71/><G84/><T31/><D75/><U86/><E70/><V76/><F134/><N who="1" m="51817" /><E130/><V94/><F104/><W115/><G79/><T92/><D35/><U127/><E127/><V126/><F126/><W58/><G98/><N who="0" m="57631" /><D6/><U46/><E29/><V56/><F65/><W82/><G82/><T7/><D7/><U32/><E8/><V11/><F11/><N who="3" m="2487" /><G58/><T116/><D0/><U131/><E32/><V22/><F77/><W123/><G109/><T112/><D112/><N who="3" m="43049" /><G40/><T38/><D38/><AGARI ba="0,0" hai="37,38,60,66,71,121,122,123" m="43049,2487" machi="38" ten="40,8000,1" yaku="11,1,23,1,52,3" doraHai="111" who="3" fromWho="0" sc="189,-80,224,0,238,0,349,80" /><INIT seed="3,0,0,5,1,80" ten="109,224,238,429" oya="3" hai0="49,8,112,12,21,6,114,89,71,61,50,33,133" hai1="115,46,87,58,0,127,108,91,7,51,117,85,70" hai2="74,81,25,128,79,15,102,132,62,41,92,52,99" hai3="17,40,69,35,9,39,43,104,122,134,96,63,66"/><W1/><G122/><T60/><D33/><U124/><E115/><V129/><F132/><W75/><G134/><T113/><D133/><U53/><E70/><V45/><F25/><W56/><G75/><T109/><D109/><U76/><E108/><V13/><F62/><W107/><G56/><T36/><D36/><U82/><E117/><V120/><F120/><W97/><G17/><T38/><D38/><U78/><E7/><V83/><F83/><W27/><G97/><T105/><D105/><U106/><E0/><V3/><F3/><W111/><G111/><T67/><D60/><U10/><E10/><V93/><F93/><W116/><G116/><T5/><D5/><U16/><E106/><V118/><F118/><W34/><G35/><T90/><D21/><U100/><E100/><V88/><F102/><N who="3" m="62919" /><G39/><T94/><REACH who="0" step="1"/><D89/><REACH who="0" ten="99,224,238,429" step="2"/><U31/><E78/><V130/><F41/><W86/><G43/><T18/><D18/><U59/><E16/><V68/><F68/><W125/><G69/><T119/><D119/><U103/><E31/><V55/><F55/><W126/><G40/><T64/><D64/><U84/><E103/><V32/><F32/><W42/><G34/><T37/><D37/><U101/><E101/><V121/><F121/><W65/><G104/><T24/><D24/><U54/><E54/><V47/><F47/><W2/><G27/><T23/><D23/><U131/><E76/><V98/><F79/><W123/><G123/><T4/><D4/><U44/><E46/><V22/><F22/><W73/><G42/><T26/><D26/><U28/><E28/><RYUUKYOKU ba="0,1" sc="99,30,224,-10,238,-10,429,-10" hai0="6,8,12,49,50,61,67,71,90,94,112,113,114" /><INIT seed="4,1,1,5,0,98" ten="129,214,228,419" oya="0" hai0="13,4,14,71,103,19,11,41,133,99,32,73,78" hai1="52,15,5,76,9,16,36,121,39,2,51,90,116" hai2="110,132,65,24,126,69,105,68,91,107,55,93,114" hai3="37,74,42,96,92,53,95,10,57,28,50,101,7"/><T86/><D133/><U47/><E116/><V124/><F110/><W21/><G74/><T83/><D71/><U34/><E121/><V70/><F132/><W17/><G28/><T6/><D32/><U122/><E122/><V102/><F114/><W25/><G37/><T100/><D73/><U26/><E76/><V45/><F24/><W117/><G42/><T130/><D99/><U88/><E36/><V94/><F65/><W135/><G135/><T127/><D130/><U33/><E39/><V84/><F93/><W123/><G123/><T87/><D127/><N who="2" m="48682" /><F102/><N who="0" m="38954" /><D87/><U131/><E131/><V80/><F80/><W60/><G117/><T63/><D63/><U48/><E33/><V115/><F115/><W58/><G95/><T22/><D41/><U54/><E26/><V112/><F112/><W106/><G106/><T128/><D128/><U56/><E34/><V108/><F108/><W30/><G30/><T125/><D125/><U27/><E27/><V79/><F79/><W3/><REACH who="3" step="1"/><G60/><REACH who="3" ten="129,214,228,409" step="2"/><T49/><D49/><AGARI ba="1,2" hai="45,49,55,68,69,70,84,91,94,105,107" m="48682" machi="49" ten="40,1300,0" yaku="18,1" doraHai="98" who="2" fromWho="0" sc="129,-16,214,0,228,36,409,0" /><INIT seed="5,0,0,2,5,37" ten="113,214,264,409" oya="1" hai0="22,119,51,91,46,111,9,55,6,103,100,15,40" hai1="84,25,110,36,47,102,35,43,130,38,122,120,86" hai2="16,115,39,72,90,79,49,131,12,118,56,30,53" hai3="69,75,66,32,81,52,7,92,99,2,98,64,83"/><U5/><E130/><V33/><F118/><W126/><G32/><T42/><D111/><U123/><E110/><V73/><F39/><W19/><G69/><T71/><D71/><U18/><E102/><V88/><F131/><W20/><G2/><T29/><D119/><U109/><E109/><V112/><F30/><W82/><G7/><T26/><REACH who="0" step="1"/><D91/><REACH who="0" ten="103,214,264,409" step="2"/><U1/><E123/><V78/><F90/><W116/><G116/><T106/><D106/><U135/><E122/><V34/><F88/><W94/><G94/><T80/><D80/><U24/><E120/><V8/><F33/><W101/><G83/><T57/><D57/><U127/><E35/><V61/><F34/><W54/><G82/><T107/><D107/><U133/><E135/><V41/><F112/><W125/><G81/><T117/><D117/><U108/><E133/><V114/><F79/><W31/><G92/><T76/><D76/><U63/><E108/><V77/><F78/><W48/><G126/><T4/><D4/><U65/><E5/><V62/><F77/><W87/><G125/><T58/><D58/><U60/><E127/><V97/><F114/><W21/><G101/><AGARI ba="0,1" hai="6,9,15,22,26,29,40,42,46,51,55,100,101,103" machi="101" ten="40,8000,1" yaku="1,1,8,1,52,2,53,0" doraHai="37" doraHaiUra="121" who="0" fromWho="3" sc="103,90,214,0,264,0,409,-80" /><INIT seed="6,0,0,4,0,104" ten="193,214,264,329" oya="2" hai0="90,135,42,79,32,86,4,87,11,13,52,118,94" hai1="75,102,6,121,122,113,2,116,93,81,68,97,80" hai2="67,8,103,128,62,101,5,7,119,131,133,54,26" hai3="48,91,38,47,106,117,124,65,85,73,31,95,109"/><V89/><F119/><W112/><G117/><T33/><D135/><U34/><E68/><V71/><F133/><W74/><G109/><T78/><D42/><U30/><E116/><V123/><F123/><N who="1" m="47113" /><E113/><V49/><F89/><W64/><G106/><T127/><D127/><U84/><E6/><V114/><F26/><W43/><G31/><T28/><D118/><U66/><E66/><V115/><F101/><W21/><G124/><T35/><D28/><U45/><E2/><V9/><F103/><W82/><G21/><T46/><REACH who="0" step="1"/><D87/><REACH who="0" ten="183,214,264,329" step="2"/><U110/><E30/><V15/><F115/><W61/><G112/><T51/><AGARI ba="0,1" hai="4,11,13,32,33,35,46,51,52,78,79,86,90,94" machi="51" ten="40,8000,1" yaku="1,1,2,1,0,1,54,1,53,0" doraHai="104" doraHaiUra="111" who="0" fromWho="0" sc="183,90,214,-20,264,-40,329,-20" /><INIT seed="7,0,0,0,5,9" ten="273,194,224,309" oya="3" hai0="67,38,54,20,3,40,23,97,8,107,0,83,26" hai1="98,52,99,35,104,21,29,115,28,82,102,133,24" hai2="121,100,85,50,106,119,36,118,112,77,31,25,6" hai3="128,109,68,13,33,132,110,12,108,27,63,93,75"/><W5/><G75/><T127/><D127/><U42/><E115/><V66/><F50/><W111/><G111/><T73/><D0/><U131/><E131/><V56/><F56/><W61/><G128/><T15/><D54/><U74/><E133/><V39/><F85/><W114/><G114/><T95/><D67/><U78/><E42/><V89/><F89/><W86/><G5/><T105/><D23/><U62/><E99/><N who="2" m="61727" /><F112/><W91/><G132/><T113/><D113/><U69/><E29/><V124/><F124/><W88/><G91/><T34/><D34/><U64/><E21/><V135/><F135/><W134/><G134/><T43/><D43/><U103/><E103/><V1/><F77/><W84/><G86/><T92/><D92/><U37/><REACH who="1" step="1"/><E52/><REACH who="1" ten="273,184,224,309" step="2"/><V94/><F121/><W51/><G110/><T59/><D40/><U4/><E4/><V60/><F39/><AGARI ba="0,1" hai="24,28,35,37,39,62,64,69,74,78,82,98,102,104" machi="39" ten="40,12000,2" yaku="1,1,25,2,33,3,53,0" doraHai="9" doraHaiUra="2" who="1" fromWho="2" sc="273,0,184,130,224,-120,309,0" owari="273,-12.7,314,41.4,104,-39.6,309,10.9" /></mjloggm>