<mjloggm ver="2.3"><GO type="137" lobby="0"/><UN n0="%E5%BA%83%E5%91%8A%E3%81%AE%E5%93%81" n1="%E2%93%9D%4C%75%63%6B%79%4A" n2="%E3%83%92%E3%82%B7" n3="%E3%83%9B%E3%83%AD%E3%83%9B%E3%83%AD%E9%B3%B3" dan="11,10,13,12" rate="1517.15,1784.87,1740.03,1678.90" sx="M,M,M,M"/><TAIKYOKU oya="0"/><INIT seed="0,0,0,3,0,56" ten="250,250,250,250" oya="0" hai0="108,29,100,34,78,135,4,3,103,62,15,0,20" hai1="92,118,22,23,98,83,86,134,72,79,69,128,117" hai2="10,8,7,132,46,61,38,67,115,2,102,47,30" hai3="82,25,24,44,11,85,95,42,17,32,58,120,54"/><T73/><D135/><U88/><E69/><V1/><F38/><W109/><G109/><T123/><D123/><U111/><E23/><V33/><F115/><W127/><G127/><T5/><D108/><U49/><E111/><V6/><F132/><W89/><G120/><T28/><D73/><U70/><E70/><V81/><F81/><W43/><G32/><T57/><D78/><U97/><E22/><V121/><F121/><W68/><G68/><T131/><D34/><U26/><E26/><V37/><F37/><W14/><G42/><T125/><D125/><U48/><E49/><V65/><F102/><W55/><G55/><T130/><D20/><U101/><E48/><V40/><F40/><W80/><G80/><T9/><D29/><U91/><E128/><N who="0" m="49193" /><D28/><U133/><E134/><V64/><F61/><N who="3" m="36055" /><G44/><T107/><D107/><N who="1" m="63927" /><E133/><V106/><REACH who="2" step="1"/><F106/><REACH who="2" ten="250,250,240,250" step="2"/><W53/><G43/><T105/><D105/><U12/><E12/><V51/><F51/><W21/><G24/><AGARI ba="0,1" hai="1,2,6,7,8,10,24,30,33,46,47,64,65,67" machi="24" ten="40,2600,0" yaku="1,1,9,1,53,0" doraHai="56" doraHaiUra="74" who="2" fromWho="3" sc="250,0,250,0,240,36,250,-26" /><INIT seed="1,0,0,1,0,73" ten="250,250,276,224" oya="1" hai0="113,19,133,58,63,80,1,100,41,57,33,90,121" hai1="87,108,66,124,31,46,119,23,117,18,129,131,72" hai2="88,97,118,21,127,49,74,3,79,101,2,53,62" hai3="126,7,69,10,6,5,4,70,71,54,45,114,122"/><U8/><E72/><V26/><F118/><N who="1" m="45065" /><E66/><V55/><F127/><W134/><G126/><T16/><D33/><U128/><E46/><V83/><F62/><W15/><G114/><T135/><D1/><U99/><E99/><V30/><F55/><W91/><G122/><T24/><D41/><U116/><N who="1" m="45073" /><U25/><DORA hai="132" /><E87/><V123/><F123/><W110/><G134/><T107/><D107/><U51/><E51/><V38/><F38/><W47/><G110/><T42/><D42/><U60/><E60/><V130/><F130/><W105/><G105/><T85/><D121/><U98/><E98/><V82/><F101/><W93/><REACH who="3" step="1"/><G54/><REACH who="3" ten="250,250,276,214" step="2"/><T96/><D113/><U11/><E124/><V76/><F97/><AGARI ba="0,1" hai="4,5,6,7,10,15,45,47,69,70,71,91,93,97" machi="97" ten="50,6400,0" yaku="1,1,2,1,53,1" doraHai="73,132" doraHaiUra="95,75" who="3" fromWho="2" sc="250,0,250,0,276,-64,214,74" /><INIT seed="2,0,0,0,1,26" ten="250,250,212,288" oya="2" hai0="129,40,60,118,67,51,95,50,127,48,77,82,124" hai1="49,123,134,97,80,128,6,52,2,53,71,23,126" hai2="44,10,99,73,74,57,39,30,76,0,63,37,21" hai3="65,101,46,28,121,90,72,66,91,98,84,107,14"/><V41/><F99/><W106/><G121/><T12/><D118/><U9/><E71/><V105/><F105/><W34/><G106/><T100/><D129/><U31/><E126/><N who="0" m="48169" /><D100/><U122/><E134/><V111/><F111/><W78/><G14/><T55/><D95/><U43/><E43/><V7/><F37/><W93/><G90/><T38/><D12/><U27/><E128/><V89/><F89/><W81/><G46/><N who="0" m="23831" /><D82/><U13/><E97/><V110/><F110/><W87/><REACH who="3" step="1"/><G84/><REACH who="3" ten="250,250,212,278" step="2"/><T22/><D77/><U17/><E80/><N who="2" m="45071" /><F74/><W109/><G109/><T112/><D112/><U1/><E2/><V47/><F47/><W79/><G79/><T133/><D133/><U62/><E123/><V61/><F57/><W25/><AGARI ba="0,1" hai="25,28,34,65,66,72,78,81,87,91,93,98,101,107" machi="25" ten="30,8000,1" yaku="1,1,0,1,24,2,52,1,53,0" doraHai="26" doraHaiUra="8" who="3" fromWho="3" sc="250,-20,250,-20,212,-40,278,90" /><INIT seed="3,0,0,1,2,83" ten="230,230,172,368" oya="3" hai0="26,115,80,66,135,58,73,38,23,25,44,2,82" hai1="124,9,86,110,20,53,16,51,6,59,106,0,68" hai2="54,89,13,87,77,128,28,46,31,94,100,129,123" hai3="127,92,104,67,62,33,112,131,70,96,21,126,52"/><W35/><G112/><T120/><D2/><U32/><E124/><V103/><F123/><W18/><G104/><T111/><D73/><U74/><E74/><V125/><F77/><W27/><G131/><N who="2" m="50249" /><F125/><N who="3" m="47627" /><G52/><T97/><D23/><U107/><E32/><V40/><F54/><W45/><G45/><T72/><D97/><U75/><E110/><V24/><F13/><W39/><G39/><T99/><D72/><U36/><E68/><V29/><F24/><W37/><G37/><AGARI ba="0,0" hai="28,29,31,37,40,46,87,89,94,100,103" m="50249" machi="37" ten="30,2000,0" yaku="19,1,52,1" doraHai="83" who="2" fromWho="3" sc="230,0,230,0,172,20,368,-20" /><INIT seed="4,0,0,1,5,117" ten="230,230,192,348" oya="0" hai0="17,33,15,130,43,84,66,28,77,62,129,124,115" hai1="9,101,2,112,65,34,94,128,85,39,83,24,73" hai2="40,111,81,107,110,114,31,126,0,35,30,118,41" hai3="59,68,37,20,96,75,54,86,134,106,109,102,38"/><T132/><D115/><U52/><E39/><V19/><F107/><W93/><G109/><N who="2" m="41481" /><F81/><W3/><G134/><T99/><D43/><U48/><E128/><V121/><F40/><W47/><G68/><T103/><D132/><U100/><E73/><V49/><F49/><W36/><G3/><T122/><D124/><U12/><E2/><V46/><F46/><W135/><G135/><T58/><D84/><U29/><E65/><V1/><F41/><W123/><G47/><T108/><D77/><U113/><E94/><V70/><F70/><W5/><G5/><T56/><D108/><U27/><E27/><N who="2" m="18911" /><F126/><W72/><G59/><T10/><D28/><U78/><E113/><V125/><F125/><W8/><G54/><T79/><D33/><U74/><E74/><V87/><F87/><W22/><G86/><T55/><D79/><U89/><E78/><V64/><F64/><W50/><G50/><N who="0" m="30839" /><D103/><U42/><E42/><V90/><F90/><W61/><G106/><T133/><D133/><U131/><E131/><N who="0" m="50185" /><D99/><U44/><REACH who="1" step="1"/><E112/><REACH who="1" ten="230,220,192,348" step="2"/><V7/><F114/><W53/><G75/><T69/><D69/><U71/><E71/><V14/><F118/><W119/><G72/><T67/><D67/><U4/><AGARI ba="0,1" hai="4,9,12,24,29,34,44,48,52,83,85,89,100,101" machi="4" ten="20,8000,1" yaku="1,1,0,1,7,1,54,1,53,1" doraHai="117" doraHaiUra="80" who="1" fromWho="1" sc="230,-40,220,90,192,-20,348,-20" /><INIT seed="5,0,0,3,2,9" ten="190,310,172,328" oya="1" hai0="80,51,123,90,56,85,24,118,102,15,135,47,105" hai1="117,57,55,130,133,35,115,109,21,75,52,60,73" hai2="129,49,77,14,34,116,13,71,83,25,38,36,1" hai3="125,8,127,100,39,107,10,37,43,124,97,58,132"/><U99/><E35/><V48/><F71/><W111/><G111/><T30/><D135/><U16/><E117/><V96/><F116/><W89/><G132/><T61/><D123/><U114/><E133/><V94/><F1/><W62/><G89/><T68/><D68/><U46/><E109/><V103/><F129/><W41/><G43/><T120/><D120/><U20/><E21/><V50/><F36/><W131/><G131/><T86/><D105/><U28/><E28/><V128/><F38/><W7/><G10/><T87/><D102/><U18/><E99/><V72/><REACH who="2" step="1"/><F128/><REACH who="2" ten="190,310,162,328" step="2"/><W134/><G134/><T33/><D118/><U63/><E130/><V119/><F119/><W91/><G37/><T2/><D2/><U54/><E46/><V122/><F122/><W110/><G110/><T26/><D26/><U95/><E57/><V92/><F92/><W32/><G39/><T11/><D11/><U113/><E95/><V17/><F17/><N who="1" m="6761" /><E20/><V44/><F44/><W98/><G32/><T31/><D80/><U101/><E101/><V12/><F12/><N who="3" m="5151" /><G100/><T6/><D6/><U40/><E40/><V84/><F84/><W5/><G107/><T112/><D31/><AGARI ba="0,1" hai="13,14,25,31,34,48,49,50,72,77,83,94,96,103" machi="31" ten="40,12000,2" yaku="1,1,52,2,53,3" doraHai="9" doraHaiUra="45" who="2" fromWho="0" sc="190,-120,310,0,162,130,328,0" /><INIT seed="6,0,0,5,4,3" ten="70,310,292,328" oya="2" hai0="60,103,24,73,28,34,54,61,85,134,27,100,80" hai1="78,44,4,17,128,114,98,127,119,53,55,31,135" hai2="104,39,126,37,123,67,124,2,75,111,22,26,110" hai3="113,94,71,89,79,5,42,0,65,108,66,101,97"/><V8/><F75/><W7/><G108/><N who="2" m="41513" /><F104/><W132/><G0/><T76/><D134/><U68/><E31/><N who="2" m="17879" /><F123/><W90/><G71/><T50/><D27/><U77/><E68/><V69/><F69/><W95/><G132/><T35/><D73/><U47/><E98/><V120/><F67/><N who="3" m="25611" /><G79/><T109/><D35/><U15/><E78/><V130/><F120/><W14/><G113/><T74/><D74/><U64/><E77/><V122/><F122/><W58/><G95/><T33/><D33/><U87/><E64/><V41/><F41/><W131/><G131/><T133/><D133/><U125/><E114/><V99/><F99/><W20/><G58/><T118/><D118/><U12/><E119/><V62/><F62/><W52/><G52/><T105/><D105/><U29/><E55/><V13/><F2/><W72/><G42/><T25/><D109/><U82/><E53/><V51/><F51/><W107/><G107/><T16/><D61/><U121/><E121/><V84/><F84/><W30/><G72/><T92/><D60/><U93/><E87/><V19/><F130/><W40/><G40/><T32/><D50/><U1/><E1/><V70/><F70/><W86/><G86/><T11/><D54/><U117/><E128/><V96/><F96/><W116/><G116/><T18/><D103/><U23/><E117/><V46/><F46/><W43/><G43/><T6/><D100/><U91/><E47/><V38/><AGARI ba="0,0" hai="8,13,19,37,38,39,124,126" m="17879,41513" machi="38" ten="40,2100,0" yaku="10,1" doraHai="3" who="2" fromWho="2" sc="70,-7,310,-7,292,21,328,-7" /><INIT seed="6,1,0,0,5,116" ten="63,303,313,321" oya="2" hai0="42,1,44,2,122,37,81,14,102,135,55,15,123" hai1="106,107,83,111,80,27,108,76,87,91,60,109,68" hai2="131,71,72,17,90,95,33,4,54,132,36,25,19" hai3="97,9,22,103,121,128,18,69,85,30,100,59,56"/><V13/><F36/><W126/><G126/><T129/><D102/><U0/><E0/><V50/><F72/><W112/><G128/><T65/><D55/><U120/><E27/><V52/><F71/><W124/><G124/><T114/><D65/><U58/><E68/><V78/><F78/><W134/><G69/><T43/><D15/><U12/><E12/><V26/><F33/><W57/><G134/><T74/><D14/><U115/><E115/><V32/><F32/><W127/><G127/><T104/><D114/><U16/><E16/><N who="2" m="6219" /><F132/><W23/><G18/><T28/><D135/><U21/><E21/><V70/><F70/><W98/><G9/><T89/><D89/><U35/><E35/><V7/><F131/><W119/><G85/><T61/><D28/><U5/><E5/><N who="2" m="2123" /><F50/><W39/><G30/><T96/><D61/><U110/><E111/><V46/><F13/><W51/><G51/><T38/><D129/><U118/><E118/><V101/><F101/><N who="3" m="38987" /><G39/><T125/><D2/><U117/><E117/><V93/><F46/><W48/><G48/><T63/><D63/><U92/><E60/><V88/><F26/><W11/><G112/><T8/><D8/><U82/><E76/><V62/><F62/><W3/><G11/><T29/><D29/><U84/><E110/><V41/><F41/><W10/><G10/><T75/><D1/><U133/><E109/><V79/><F79/><W45/><G3/><T24/><D24/><U113/><E108/><V67/><F25/><W6/><G45/><N who="0" m="23759" /><D125/><U86/><E113/><V31/><F31/><W64/><G119/><RYUUKYOKU ba="1,0" sc="63,0,303,0,313,0,321,0" /><INIT seed="7,2,0,1,2,64" ten="63,303,313,321" oya="3" hai0="29,25,44,96,24,32,65,92,31,10,110,90,117" hai1="2,72,66,45,127,107,133,5,78,16,100,88,104" hai2="80,38,79,101,13,116,105,111,11,93,112,86,21" hai3="69,83,73,8,0,120,18,109,130,23,119,85,132"/><W20/><G120/><T15/><D110/><U47/><E66/><V76/><F38/><W7/><G119/><T135/><D135/><U43/><E100/><V42/><F42/><W81/><G132/><T74/><D74/><U17/><E133/><V58/><F105/><W9/><G130/><T99/><D44/><U84/><E72/><V63/><F111/><W126/><G73/><T26/><D99/><U67/><E67/><N who="2" m="39415" /><F116/><W55/><G55/><T49/><D49/><U22/><E78/><N who="2" m="46359" /><F112/><W134/><G134/><T122/><D65/><U106/><E127/><V103/><F21/><W30/><G109/><T1/><D92/><U121/><E121/><V87/><F87/><W77/><G126/><T113/><D90/><U128/><E128/><V108/><F108/><W52/><G85/><T57/><D57/><U56/><E56/><V27/><F27/><W82/><G0/><T91/><D91/><U125/><E125/><V95/><F95/><W124/><G124/><T50/><D50/><U59/><E59/><V54/><F54/><W28/><G52/><T68/><D96/><U89/><E89/><V33/><F33/><W131/><G82/><T37/><D37/><N who="1" m="21999" /><E45/><V61/><F61/><W14/><G131/><T102/><D102/><N who="2" m="38922" /><F93/><W53/><G53/><T123/><D113/><U19/><E22/><V98/><F98/><W118/><G118/><T34/><D117/><U41/><E41/><V6/><AGARI ba="2,0" hai="6,11,13,76,79" m="38922,46359,39415" machi="6" ten="30,1100,0" yaku="8,1" doraHai="64" who="2" fromWho="2" sc="63,-5,303,-5,313,17,321,-7" owari="58,-44.2,298,-10.2,330,43.0,314,11.4" /></mjloggm>