<mjloggm ver="2.3"><GO type="137" lobby="0"/><UN n0="%62%61%6E%74%65%31" n1="%E3%81%9F%E3%81%BE%E3%81%8B%E3%82%93" n2="%4B%7A%30%35%31" n3="%E2%93%9D%4C%75%63%6B%79%4A" dan="13,12,11,12" rate="1733.37,1704.42,1564.77,1810.13" sx="M,M,M,M"/><TAIKYOKU oya="0"/><INIT seed="0,0,0,5,2,34" ten="250,250,250,250" oya="0" hai0="20,11,10,127,129,6,102,40,132,135,23,126,107" hai1="9,18,106,109,29,39,12,83,120,131,51,67,88" hai2="134,8,36,54,64,73,45,77,22,7,31,68,35" hai3="30,0,110,82,59,63,97,41,103,116,49,66,121"/><T2/><D40/><U122/><E39/><V119/><F134/><N who="0" m="51242" /><D102/><U94/><E106/><V79/><F119/><W44/><G110/><T84/><D84/><U95/><E109/><V15/><F35/><W1/><G116/><T69/><D69/><U21/><E131/><V32/><F32/><W48/><G121/><T47/><D47/><U52/><E67/><V113/><F113/><W81/><G30/><T118/><D107/><U55/><E55/><V65/><F68/><W60/><G49/><T71/><D71/><U124/><E124/><N who="0" m="47657" /><D118/><U100/><E100/><V89/><F65/><W117/><G117/><T25/><D25/><N who="1" m="16559" /><E122/><V61/><F89/><W87/><G63/><T115/><D115/><U80/><E120/><V108/><F73/><W58/><G59/><T111/><D111/><U70/><E70/><V26/><F108/><W27/><G27/><T92/><D92/><U46/><E83/><V128/><F36/><W90/><REACH who="3" step="1"/><G82/><REACH who="3" ten="250,250,250,240" step="2"/><T42/><D42/><U85/><AGARI ba="0,1" hai="9,12,18,46,51,52,80,85,88,94,95" m="16559" machi="85" ten="30,7900,0" yaku="25,1,8,1,54,2" doraHai="34" who="1" fromWho="1" sc="250,-39,250,89,250,-20,240,-20" /><INIT seed="1,0,0,3,5,59" ten="211,339,230,220" oya="1" hai0="121,15,54,90,106,129,114,128,85,132,112,99,4" hai1="122,70,68,17,40,69,46,65,111,10,96,66,9" hai2="74,22,118,104,28,101,18,26,127,113,98,89,5" hai3="43,13,110,73,123,116,78,2,51,42,0,58,100"/><U36/><E96/><V12/><F118/><W93/><G123/><T53/><D4/><U67/><E122/><V23/><F74/><W29/><G29/><T48/><D15/><U34/><E34/><V119/><F119/><W75/><G110/><T72/><D72/><U41/><E111/><V107/><F113/><W108/><G100/><N who="0" m="62751" /><D121/><U11/><REACH who="1" step="1"/><E41/><REACH who="1" ten="211,329,230,220" step="2"/><V124/><F98/><W82/><G43/><T92/><D132/><U49/><E49/><V81/><F127/><W109/><G51/><T19/><D19/><AGARI ba="0,1" hai="9,10,11,17,19,36,40,46,65,66,67,68,69,70" machi="19" ten="50,9600,0" yaku="1,1,29,2,53,0" doraHai="59" doraHaiUra="44" who="1" fromWho="0" sc="211,-96,329,106,230,0,220,0" /><INIT seed="1,1,0,3,3,100" ten="115,435,230,220" oya="1" hai0="42,111,41,120,134,11,75,133,51,77,49,69,123" hai1="130,107,23,29,17,91,78,87,129,0,85,106,19" hai2="109,76,79,135,47,103,8,22,65,93,39,86,114" hai3="53,5,89,127,30,40,110,83,7,45,18,101,44"/><U48/><E0/><V68/><F109/><W1/><G30/><T12/><D75/><U28/><E78/><V113/><F135/><N who="0" m="51722" /><D77/><U3/><E3/><V72/><F68/><W26/><G101/><T50/><D12/><U97/><E97/><V10/><F65/><W115/><G115/><T61/><D11/><U108/><E108/><V57/><F57/><W124/><G53/><T71/><D111/><U112/><E112/><N who="2" m="43115" /><F72/><W6/><G1/><T20/><D20/><U59/><E59/><V38/><F22/><N who="3" m="13655" /><G40/><N who="0" m="15467" /><D61/><U60/><E60/><V90/><F103/><W73/><G73/><T36/><D36/><N who="2" m="13866" /><F47/><W102/><G45/><T21/><D21/><U70/><E23/><V121/><F121/><AGARI ba="1,0" hai="49,50,51,69,71,120,121,123" m="15467,51722" machi="121" ten="40,12000,2" yaku="28,2,13,1,20,1,34,2" doraHai="100" who="0" fromWho="2" sc="115,123,435,0,230,-123,220,0" /><INIT seed="2,0,0,5,1,133" ten="238,435,107,220" oya="2" hai0="2,123,40,115,83,63,6,14,104,112,18,74,124" hai1="47,32,61,91,50,81,107,3,113,76,42,64,105" hai2="131,0,80,85,127,34,37,7,73,98,65,57,77" hai3="79,28,66,125,111,129,38,119,45,56,97,117,89"/><V92/><F34/><W102/><G79/><T114/><D104/><U69/><E113/><V95/><F37/><W29/><G89/><T70/><D123/><U25/><E3/><V54/><F131/><W68/><G56/><T9/><D40/><U4/><E4/><V48/><F0/><W8/><G8/><T78/><D124/><U13/><E13/><V101/><F7/><W35/><G29/><T53/><D115/><U62/><E62/><V122/><F122/><W33/><G111/><T110/><D110/><U84/><E91/><V55/><F127/><W16/><G28/><T36/><D36/><U24/><E32/><V88/><REACH who="2" step="1"/><F55/><REACH who="2" ten="238,435,97,220" step="2"/><W72/><G35/><T116/><D116/><U86/><E25/><V126/><F126/><W135/><G125/><T118/><D118/><U20/><E24/><V17/><F17/><W94/><G33/><T67/><REACH who="0" step="1"/><D53/><REACH who="0" ten="228,435,97,220" step="2"/><U51/><E42/><V71/><F71/><W59/><G68/><T15/><D15/><U100/><E69/><V30/><F30/><W93/><G119/><T26/><D26/><U12/><E12/><V39/><F39/><W108/><G38/><T90/><D90/><U5/><E5/><V134/><F134/><W75/><G135/><T44/><D44/><U46/><E46/><V11/><F11/><AGARI ba="0,2" hai="2,6,9,11,14,18,63,67,70,74,78,83,112,114" machi="11" ten="30,2000,0" yaku="1,1,7,1,53,0" doraHai="133" doraHaiUra="22" who="0" fromWho="2" sc="228,40,435,0,97,-20,220,0" /><INIT seed="3,0,0,1,2,51" ten="268,435,77,220" oya="3" hai0="28,41,17,131,19,130,128,24,33,96,105,110,103" hai1="124,54,119,55,116,10,94,61,59,134,75,84,89" hai2="7,13,100,87,106,99,40,80,15,90,95,39,120" hai3="93,132,29,14,46,38,126,8,43,2,107,91,45"/><W42/><G107/><T98/><D110/><U60/><E75/><V22/><F120/><W37/><G126/><T68/><D68/><U81/><E124/><V57/><F40/><W6/><G132/><T111/><D111/><U0/><E134/><V118/><F39/><W117/><G29/><T31/><D31/><U25/><E25/><V112/><F112/><W5/><G117/><N who="1" m="45130" /><E10/><V1/><F1/><W16/><REACH who="3" step="1"/><G2/><REACH who="3" ten="268,435,77,210" step="2"/><T63/><D105/><U48/><E0/><V79/><F118/><W69/><G69/><T133/><D133/><U62/><E94/><V92/><F7/><W30/><G30/><T78/><D28/><U70/><E70/><V109/><F109/><W73/><G73/><T67/><D33/><U135/><E135/><V121/><F121/><W50/><G50/><T34/><D34/><U32/><E32/><V66/><F106/><W44/><G44/><AGARI ba="0,1" hai="44,48,54,55,59,60,61,62,81,84,89" m="45130" machi="44" ten="30,3900,0" yaku="12,1,52,2" doraHai="51" who="1" fromWho="3" sc="268,0,435,49,77,0,210,-39" /><INIT seed="4,0,0,1,5,105" ten="268,484,77,171" oya="0" hai0="74,81,63,94,121,71,8,135,31,106,83,1,4" hai1="68,129,37,48,76,33,16,119,62,89,3,26,92" hai2="6,9,72,43,110,66,30,52,45,130,11,103,12" hai3="101,107,10,38,13,27,20,122,53,35,133,134,17"/><T120/><D106/><U59/><E37/><V18/><F110/><W128/><G38/><T58/><D71/><U70/><E3/><V55/><F72/><W125/><G53/><T108/><D135/><N who="3" m="51721" /><G101/><T49/><D108/><U44/><E119/><V7/><F30/><N who="3" m="19935" /><G107/><T2/><D2/><U124/><E129/><V23/><F103/><W77/><G77/><T95/><D31/><U90/><E124/><V14/><F66/><W75/><G75/><T117/><D117/><U88/><E92/><V57/><F130/><W0/><G128/><T50/><D95/><U131/><E76/><V97/><F97/><W102/><G102/><T98/><D83/><U21/><E33/><V79/><F79/><W51/><G51/><T114/><D81/><U80/><E80/><V64/><F64/><W67/><G67/><T104/><D104/><U85/><E85/><V78/><F78/><W115/><G115/><T87/><D87/><U112/><E112/><V111/><F57/><W127/><G122/><T29/><D29/><U82/><E82/><V28/><F28/><W42/><G42/><T86/><D86/><U46/><E131/><V123/><F123/><W100/><G100/><T5/><D74/><U84/><E84/><V69/><F69/><W73/><G73/><T109/><D109/><U32/><E70/><V47/><F111/><W91/><G91/><T96/><D114/><U132/><E68/><V93/><F93/><W116/><G116/><T24/><D121/><U22/><E132/><V15/><F47/><W34/><G34/><T99/><D120/><U61/><E32/><RYUUKYOKU ba="0,0" sc="268,-15,484,-15,77,15,171,15" hai2="6,7,9,11,12,14,15,18,23,43,45,52,55" hai3="0,10,13,17,20,125,127" /><INIT seed="5,1,0,5,0,106" ten="253,469,92,186" oya="1" hai0="91,87,43,60,56,4,15,120,18,44,26,19,70" hai1="107,135,122,52,49,12,13,46,25,125,105,85,3" hai2="109,2,108,96,101,115,134,33,90,9,29,57,110" hai3="121,103,34,130,62,11,123,32,41,95,48,31,59"/><U114/><E3/><V22/><F134/><W55/><G31/><T126/><D70/><U75/><E135/><V132/><F132/><W97/><G130/><T1/><D1/><U54/><E114/><V98/><F57/><W24/><G41/><T51/><D126/><U61/><E125/><V37/><F37/><W40/><G40/><T38/><D38/><U119/><E119/><V102/><F33/><W53/><G11/><N who="0" m="4583" /><D26/><U35/><E75/><V118/><F118/><W67/><G55/><N who="0" m="33823" /><D120/><U17/><E122/><V45/><F45/><W113/><G113/><T124/><D124/><U94/><E35/><V117/><F117/><W129/><G129/><T63/><D63/><U92/><E105/><V127/><F127/><W81/><G34/><T74/><D74/><U66/><E54/><V73/><F73/><W50/><G50/><T39/><D39/><U14/><E107/><V104/><F115/><W69/><G32/><T64/><D64/><U72/><E85/><V8/><F2/><W78/><REACH who="3" step="1"/><G24/><REACH who="3" ten="253,469,92,176" step="2"/><T21/><D21/><N who="1" m="13487" /><E72/><AGARI ba="1,1" hai="48,53,59,62,67,69,72,78,81,95,97,103,121,123" machi="72" ten="30,7700,0" yaku="1,1,7,1,52,1,53,1" doraHai="106" doraHaiUra="47" who="3" fromWho="1" sc="253,0,469,-80,92,0,176,90" /><INIT seed="6,0,0,1,0,14" ten="253,389,92,266" oya="2" hai0="131,101,15,75,86,32,97,62,118,47,93,107,113" hai1="80,105,115,104,112,1,55,11,52,103,17,119,5" hai2="61,87,2,24,89,54,135,10,102,6,92,66,106" hai3="82,27,78,116,84,128,77,109,37,60,108,30,91"/><V94/><F106/><W132/><G37/><T21/><D32/><U19/><E119/><V39/><F135/><W68/><G116/><T100/><D75/><U125/><E125/><V123/><F123/><W114/><G132/><T51/><D118/><U63/><E80/><V7/><F39/><W124/><G124/><T65/><D131/><U12/><E103/><V120/><F120/><W13/><G13/><T56/><D113/><N who="1" m="43595" /><E63/><V74/><F74/><W25/><G27/><T71/><D86/><U126/><E126/><V46/><F7/><W129/><G60/><T96/><D15/><U111/><E111/><N who="3" m="42570" /><G68/><T16/><D71/><U43/><E43/><V35/><F35/><N who="3" m="20943" /><G114/><T23/><D16/><N who="1" m="6219" /><E1/><V49/><F24/><W33/><G33/><T45/><D45/><U85/><E85/><V44/><F102/><W117/><G117/><T48/><D48/><U69/><E69/><V90/><F44/><W98/><G129/><T3/><D3/><U134/><E134/><V41/><F41/><AGARI ba="0,0" hai="21,23,41,47,51,56,62,65,93,96,97,100,101,107" machi="41" ten="30,1000,0" yaku="7,1" doraHai="14" who="0" fromWho="2" sc="253,10,389,0,92,-10,266,0" /><INIT seed="7,0,0,1,3,12" ten="263,389,82,266" oya="3" hai0="127,2,49,43,77,47,44,91,0,96,82,133,50" hai1="78,85,59,105,40,115,5,131,16,100,34,121,103" hai2="3,9,11,21,41,112,75,66,13,101,129,99,55" hai3="118,60,76,74,46,14,97,36,102,71,122,27,22"/><W6/><G122/><T130/><D133/><U72/><E121/><V95/><F112/><W32/><G118/><T89/><D130/><U111/><E115/><V4/><F129/><W52/><G32/><T81/><D127/><U110/><E131/><V37/><F75/><W54/><G74/><T125/><D125/><U45/><E103/><V58/><F66/><W123/><G123/><T116/><D116/><U65/><E34/><V124/><F124/><W109/><G76/><T128/><D128/><U10/><E16/><V84/><F37/><W114/><G114/><T70/><D70/><U24/><E24/><V20/><F41/><W64/><G109/><T87/><D96/><U68/><E68/><V86/><F86/><W61/><G61/><T57/><D57/><U88/><E100/><V98/><F98/><W135/><G135/><T113/><D113/><U31/><E31/><V79/><F79/><W1/><G1/><T106/><D106/><U51/><E105/><V107/><F107/><W7/><G14/><T23/><D23/><U19/><E78/><V26/><F84/><W134/><G134/><T38/><D38/><U90/><E72/><V28/><F20/><W63/><G63/><T93/><D93/><N who="1" m="54415" /><E111/><V62/><REACH who="2" step="1"/><F3/><REACH who="2" ten="263,389,72,266" step="2"/><W39/><G39/><T73/><D91/><U80/><E90/><V30/><F30/><N who="3" m="17783" /><G97/><T17/><D0/><U117/><E117/><V29/><F29/><W48/><G102/><T94/><D2/><U25/><E110/><V92/><F92/><W18/><G36/><T104/><D94/><U33/><E33/><V15/><F15/><RYUUKYOKU ba="0,1" sc="263,-10,389,-10,72,30,266,-10" hai2="4,9,11,13,21,26,28,55,58,62,95,99,101" owari="253,-14.7,389,48.9,102,-39.8,256,5.6" /></mjloggm>