<mjloggm ver="2.3"><GO type="41" lobby="0"/><UN n0="%E4%B8%80%E8%97%A4" n1="%E2%93%9D%4C%75%63%6B%79%4A" n2="%79%75%6E%6F" n3="%E3%81%82%E3%81%AA%E3%81%9F%E3%81%AE%E3%81%98%E3%82%83%E3%82%93" dan="13,15,13,14" rate="1836.82,2155.07,1820.99,2003.80" sx="M,M,M,M"/><TAIKYOKU oya="0"/><INIT seed="0,0,0,5,3,92" ten="250,250,250,250" oya="0" hai0="29,81,53,57,62,67,116,44,36,49,30,52,102" hai1="14,21,95,47,83,89,45,78,131,80,7,63,85" hai2="105,60,128,50,117,64,75,1,127,8,97,34,107" hai3="77,35,58,108,5,33,90,74,51,106,25,3,111"/><T103/><D116/><U132/><E132/><V84/><F127/><W79/><G106/><T94/><D81/><U16/><E131/><V4/><F75/><W6/><G90/><T120/><D120/><U123/><E123/><V114/><F128/><W86/><G74/><T73/><D73/><U93/><E7/><V91/><F34/><W39/><G39/><T48/><D36/><U20/><E63/><V9/><F117/><W42/><G86/><T27/><D94/><U46/><REACH who="1" step="1"/><E21/><REACH who="1" ten="250,240,250,250" step="2"/><V135/><F135/><W55/><G6/><T69/><D30/><U88/><E88/><V104/><F60/><W56/><G5/><T99/><D29/><U125/><E125/><V41/><F4/><W100/><G35/><T113/><D113/><U115/><E115/><V32/><F32/><W23/><G33/><T18/><D103/><U59/><E59/><V130/><F130/><W12/><G100/><T76/><D102/><U118/><E118/><V72/><F114/><W31/><G58/><T17/><D76/><U71/><E71/><V11/><F1/><W68/><G3/><T98/><D18/><U122/><E122/><V70/><F70/><W15/><G68/><T54/><D69/><U96/><E96/><N who="0" m="36905" /><D44/><U38/><E38/><V112/><F97/><W61/><G79/><T22/><AGARI ba="0,1" hai="17,22,27,48,49,52,53,54,57,62,67" m="36905" machi="22" ten="30,12000,1" yaku="8,1,52,3,54,1" doraHai="92" who="0" fromWho="0" sc="250,130,240,-40,250,-40,250,-40" /><INIT seed="0,1,0,3,2,53" ten="380,200,210,210" oya="0" hai0="2,96,109,130,22,131,89,42,38,31,127,57,120" hai1="78,30,37,73,105,104,13,69,93,39,26,132,32" hai2="111,50,122,124,64,7,28,92,135,117,9,5,74" hai3="75,34,87,114,29,102,103,33,79,46,56,126,110"/><T66/><D120/><U51/><E51/><V58/><F111/><W129/><G114/><T3/><D127/><U80/><E93/><V83/><F124/><W20/><G126/><T116/><D116/><U27/><E13/><V17/><F135/><W23/><G110/><T41/><D109/><U119/><E119/><V24/><F117/><W90/><G46/><T35/><D35/><U61/><E27/><V60/><F74/><W118/><G118/><T43/><D38/><N who="1" m="14347" /><E132/><V134/><F134/><W0/><G0/><T67/><D22/><U70/><E61/><V6/><F122/><W49/><G75/><T106/><D31/><U40/><E40/><V72/><F72/><W82/><G129/><N who="0" m="49163" /><D89/><U84/><E84/><V52/><F83/><W10/><G10/><T101/><D67/><U85/><E85/><V107/><F107/><AGARI ba="1,0" hai="26,30,32,69,70,73,78,80,104,105,107" m="14347" machi="107" ten="30,2000,0" yaku="33,2" doraHai="53" who="1" fromWho="2" sc="380,0,200,23,210,-23,210,0" /><INIT seed="1,0,0,4,1,15" ten="380,223,187,210" oya="1" hai0="42,121,88,117,94,2,87,98,8,59,32,95,106" hai1="28,48,122,60,63,37,9,69,51,33,70,73,19" hai2="118,16,45,101,65,96,127,76,78,53,72,64,126" hai3="62,99,97,119,135,103,108,130,31,131,85,29,123"/><U86/><E73/><V12/><F118/><W11/><G123/><T112/><D32/><U83/><E122/><V89/><F72/><W115/><G115/><T129/><D112/><U14/><E37/><V125/><F89/><W30/><G119/><T80/><D117/><U100/><E33/><V46/><F53/><W107/><G108/><T109/><D109/><U124/><E124/><V104/><F46/><W92/><G135/><T7/><D129/><N who="3" m="49161" /><G62/><T67/><D42/><U17/><E28/><V3/><F3/><W43/><G43/><T10/><D106/><U56/><E100/><V58/><F45/><W110/><G110/><T39/><D39/><U71/><E19/><V47/><F47/><W13/><G85/><T4/><D121/><U116/><E116/><V79/><REACH who="2" step="1"/><F58/><REACH who="2" ten="380,223,177,210" step="2"/><W75/><G75/><T55/><D67/><U52/><REACH who="1" step="1"/><E63/><REACH who="1" ten="380,213,177,210" step="2"/><V93/><F93/><W81/><G81/><T35/><D80/><U57/><E57/><V114/><F114/><W50/><G92/><T54/><D95/><U84/><E84/><V21/><AGARI ba="0,2" hai="12,16,21,64,65,76,78,79,96,101,104,125,126,127" machi="21" ten="40,8000,1" yaku="1,1,0,1,18,1,52,1,54,1,53,0" doraHai="15" doraHaiUra="22" who="2" fromWho="2" sc="380,-20,213,-40,177,100,210,-20" /><INIT seed="2,0,0,1,4,118" ten="360,173,277,190" oya="2" hai0="37,66,54,109,114,50,108,29,111,43,22,21,51" hai1="86,44,93,67,6,26,122,72,73,1,95,41,116" hai2="70,115,85,8,12,47,87,3,63,38,101,48,33" hai3="129,83,97,19,23,128,131,82,126,5,64,127,40"/><V32/><F115/><W134/><G40/><T18/><D114/><U107/><E107/><V91/><F3/><W68/><G5/><T117/><D117/><U60/><E116/><V27/><F101/><W88/><G64/><T104/><D104/><U84/><E26/><V25/><F38/><W24/><G68/><T125/><D125/><N who="3" m="47625" /><G97/><T100/><D100/><U57/><E6/><V105/><F105/><W30/><G88/><T11/><D66/><U112/><E1/><V74/><F74/><W56/><G56/><T123/><D29/><U13/><E13/><V94/><F85/><W45/><G45/><T46/><D37/><U9/><E9/><V102/><F102/><W10/><G83/><T90/><D90/><U121/><E112/><V17/><F70/><W79/><G10/><T124/><D124/><U103/><E86/><V71/><F63/><W2/><G2/><T28/><D28/><U92/><E84/><V113/><F71/><W120/><G120/><N who="1" m="46186" /><E103/><V42/><REACH who="2" step="1"/><F113/><REACH who="2" ten="360,173,267,190" step="2"/><W119/><G119/><T36/><D123/><U80/><E80/><V99/><F99/><W59/><G82/><T89/><D36/><AGARI ba="0,1" hai="36,41,44,57,60,67,72,73,92,93,95" m="46186" machi="36" ten="30,7700,0" yaku="13,1,52,3" doraHai="118" who="1" fromWho="0" sc="360,-77,173,87,267,0,190,0" /><INIT seed="3,0,0,2,4,78" ten="283,260,267,190" oya="3" hai0="126,12,75,51,28,23,104,125,128,74,93,15,4" hai1="109,11,84,48,3,92,20,1,77,21,72,54,118" hai2="60,120,6,114,55,115,5,80,81,101,45,19,105" hai3="113,59,87,7,14,119,132,49,9,106,112,130,42"/><W98/><G119/><T31/><D104/><U95/><E118/><V50/><F120/><W85/><G132/><T67/><D67/><U127/><E72/><V40/><F105/><W34/><G34/><T57/><D128/><U41/><E41/><V135/><F135/><W30/><G30/><T91/><D75/><U133/><E109/><V52/><F101/><W25/><G130/><T116/><D116/><U16/><E127/><V53/><F60/><W111/><G111/><T121/><D121/><U17/><E11/><V44/><F114/><W29/><G106/><T117/><D74/><U69/><E69/><V43/><F115/><W8/><G98/><T71/><D71/><U97/><E3/><V88/><F55/><N who="3" m="32239" /><G112/><T56/><D117/><U63/><E1/><V47/><F45/><W103/><G103/><T94/><D51/><U65/><E48/><N who="2" m="28679" /><F19/><N who="3" m="8647" /><G42/><N who="2" m="15913" /><F81/><W90/><G113/><T83/><D83/><U70/><E133/><V76/><F76/><W108/><G108/><T134/><D134/><U37/><E77/><V61/><F61/><W86/><G25/><T64/><D125/><U89/><E63/><V38/><F38/><W123/><G123/><T35/><D126/><U96/><E37/><V0/><F0/><W131/><G131/><T18/><D35/><U68/><E70/><V102/><F102/><W22/><G22/><T2/><D2/><U129/><E129/><V10/><F10/><W33/><G33/><T66/><D23/><U46/><E21/><V58/><F47/><W24/><G24/><T82/><D82/><N who="1" m="49303" /><E20/><V27/><F27/><W62/><G9/><RYUUKYOKU ba="0,0" sc="283,-10,260,-10,267,30,190,-10" hai2="5,6,50,53,58,80,88" /><INIT seed="4,1,0,3,0,64" ten="273,250,297,180" oya="0" hai0="120,77,127,7,42,30,105,31,9,97,100,116,75" hai1="32,69,20,109,23,58,27,4,135,79,45,65,81" hai2="122,40,5,98,22,110,92,18,37,71,99,132,133" hai3="84,21,124,85,52,55,8,82,107,39,128,61,17"/><T87/><D116/><U49/><E109/><V11/><F110/><W72/><G107/><T131/><D120/><U48/><E32/><V13/><F122/><W15/><G39/><T57/><D127/><U66/><E4/><V53/><F37/><W0/><G124/><T43/><D131/><U38/><E38/><V104/><F40/><W68/><G128/><T25/><D75/><U3/><E3/><V125/><F125/><W106/><G106/><T102/><D100/><U96/><E23/><V41/><F41/><W78/><G0/><T76/><D57/><U46/><E96/><V126/><F126/><W10/><G10/><T24/><D24/><U59/><E135/><N who="2" m="51787" /><F104/><W51/><G8/><T88/><D43/><U29/><E59/><V34/><F34/><W70/><G61/><T63/><D42/><U129/><E58/><V62/><F92/><W56/><REACH who="3" step="1"/><G55/><REACH who="3" ten="273,250,297,170" step="2"/><T36/><D63/><U14/><E129/><V123/><F123/><W112/><G112/><T103/><D36/><U19/><E49/><V47/><F53/><W121/><G121/><T113/><D113/><U35/><E48/><V118/><F118/><W95/><G95/><T90/><D105/><U6/><E66/><N who="2" m="41431" /><F47/><W80/><G80/><T114/><D114/><U91/><E81/><V54/><F54/><W74/><G74/><T2/><D2/><AGARI ba="1,1" hai="2,5,11,13,18,22,98,99" m="41431,51787" machi="2" ten="30,2000,0" yaku="20,1,52,1" doraHai="64" who="2" fromWho="0" sc="273,-23,250,0,297,33,170,0" /><INIT seed="5,0,0,1,4,111" ten="250,250,330,170" oya="1" hai0="54,2,62,85,25,38,134,104,79,16,119,73,92" hai1="33,24,69,77,84,53,90,12,34,58,132,130,22" hai2="21,86,30,57,60,81,97,1,91,107,99,66,122" hai3="17,50,70,94,117,49,113,18,43,45,76,96,55"/><U46/><E69/><V56/><F1/><W51/><G117/><T44/><D134/><U116/><E116/><V128/><F128/><W133/><G70/><T71/><D104/><U114/><E77/><V125/><F125/><W112/><G76/><T115/><D73/><U5/><E46/><V95/><F122/><W109/><G109/><T9/><D119/><U131/><E5/><V39/><F39/><W74/><G74/><T98/><D85/><U67/><E67/><V101/><F30/><W93/><G133/><T61/><D79/><U63/><E12/><V135/><F135/><W8/><G94/><T29/><D71/><U110/><E110/><V3/><F3/><W72/><G72/><T78/><D78/><U65/><E65/><V32/><F32/><W15/><G18/><T118/><D118/><U64/><E64/><V37/><F37/><W124/><G124/><T13/><D2/><U41/><E41/><V89/><REACH who="2" step="1"/><F21/><REACH who="2" ten="250,250,320,170" step="2"/><W14/><G14/><T23/><D38/><U52/><E34/><V48/><F48/><W59/><REACH who="3" step="1"/><G51/><REACH who="3" ten="250,250,320,160" step="2"/><T27/><D27/><U10/><E24/><V28/><F28/><W127/><G127/><T6/><D29/><U0/><E132/><V7/><F7/><W120/><G120/><T126/><D126/><U26/><E33/><V42/><F42/><W108/><G108/><T68/><D25/><U83/><E26/><V19/><F19/><W20/><G20/><T106/><D23/><U103/><E22/><V87/><F87/><W31/><G31/><T11/><D16/><U88/><E84/><V35/><F35/><RYUUKYOKU ba="0,2" sc="250,-15,250,-15,320,15,160,15" hai2="56,57,60,66,81,86,89,91,95,97,99,101,107" hai3="8,15,17,43,45,49,50,55,59,93,96,112,113" /><INIT seed="6,1,2,5,4,58" ten="235,235,335,175" oya="2" hai0="34,130,101,86,64,76,49,65,99,48,90,17,68" hai1="46,123,27,132,16,4,71,30,67,15,92,93,56" hai2="104,24,66,26,40,19,51,81,116,117,125,52,82" hai3="103,100,1,29,79,37,21,131,127,28,77,6,74"/><V73/><F104/><W83/><G127/><T80/><D130/><U91/><E71/><V120/><F125/><W12/><G131/><T38/><D38/><U135/><E4/><V50/><F120/><W113/><G113/><T42/><D34/><U63/><E46/><V85/><F73/><W70/><G70/><T53/><D42/><U32/><E123/><V128/><F128/><W62/><G79/><T97/><D76/><U96/><REACH who="1" step="1"/><E93/><REACH who="1" ten="235,225,335,175" step="2"/><V45/><F116/><W3/><G3/><T112/><D68/><U47/><E47/><V18/><F117/><W41/><G12/><T107/><D107/><U10/><AGARI ba="1,3" hai="10,15,16,27,30,32,56,63,67,91,92,96,132,135" machi="10" ten="30,8000,1" yaku="1,1,0,1,52,1,54,1,53,1" doraHai="58" doraHaiUra="94" who="1" fromWho="1" sc="235,-21,225,113,335,-41,175,-21" /><INIT seed="7,0,0,0,1,68" ten="214,338,294,154" oya="3" hai0="110,8,21,65,51,32,111,53,25,123,71,109,81" hai1="43,20,56,77,62,9,1,52,103,94,85,42,97" hai2="117,70,82,0,118,131,24,30,69,86,28,121,108" hai3="19,10,73,45,113,31,124,58,87,22,17,88,15"/><W134/><G73/><T12/><D71/><U133/><E133/><V67/><F108/><W75/><G75/><T74/><D65/><U63/><E1/><V39/><F131/><W104/><G104/><T47/><D123/><U44/><E9/><V27/><F0/><W126/><G134/><T36/><D32/><U132/><E132/><V59/><F121/><W127/><G113/><T107/><D107/><U98/><E98/><V57/><F39/><W54/><G45/><T13/><D8/><U33/><E33/><V120/><F120/><W135/><G135/><T125/><D125/><U90/><E77/><V76/><F117/><W37/><G37/><T100/><D100/><U80/><E20/><V48/><F118/><W61/><G31/><T114/><D114/><U64/><E44/><V72/><F59/><AGARI ba="0,0" hai="42,43,52,56,59,62,63,64,80,85,90,94,97,103" machi="59" ten="30,3900,0" yaku="7,1,8,1,54,1" doraHai="68" who="1" fromWho="2" sc="214,0,338,39,294,-39,154,0" owari="214,-18.6,377,47.7,255,5.5,154,-34.6" /></mjloggm>