<mjloggm ver="2.3"><GO type="41" lobby="0"/><UN n0="%E3%83%9F%E3%83%A5%E3%83%9F%E3%83%A5" n1="%E7%A7%81%E3%81%AF%E6%B5%B7" n2="%E2%93%9D%4C%75%63%6B%79%4A" n3="%E3%81%B8%E3%81%B8%E3%81%B8%E3%81%A3" dan="14,13,17,13" rate="1880.69,1871.61,2151.50,2005.09" sx="M,F,M,M"/><TAIKYOKU oya="0"/><INIT seed="0,0,0,5,4,54" ten="250,250,250,250" oya="0" hai0="114,112,121,97,125,52,119,1,4,41,32,115,50" hai1="100,20,134,87,38,123,16,130,2,84,80,13,65" hai2="110,73,39,26,64,21,9,116,91,36,107,131,78" hai3="5,109,43,122,33,111,82,128,30,12,11,74,53"/><T28/><D121/><U63/><E38/><V129/><F107/><W29/><G43/><T61/><D119/><U35/><E2/><V55/><F64/><W127/><G128/><N who="2" m="49225" /><F91/><W67/><G127/><T72/><D72/><U92/><E134/><V46/><F9/><W45/><G67/><T88/><D125/><U118/><E123/><V24/><F26/><W47/><G33/><T19/><D41/><U105/><E118/><V81/><F110/><N who="3" m="41995" /><G122/><T59/><D4/><U117/><E117/><V108/><F108/><W40/><G53/><T132/><D1/><U135/><E135/><V27/><F27/><W48/><G47/><T6/><D6/><U7/><E105/><V93/><F93/><W90/><G74/><T133/><D28/><U49/><E130/><V98/><F98/><W95/><G82/><T104/><D32/><U77/><E35/><V124/><F124/><W3/><G3/><T106/><D106/><U22/><E100/><V15/><F15/><W94/><G94/><T17/><D50/><U101/><E7/><V103/><F103/><W0/><G0/><T86/><D133/><U69/><E101/><V10/><F116/><W56/><G56/><T83/><REACH who="0" step="1"/><D132/><REACH who="0" ten="240,250,250,250" step="2"/><U58/><E49/><N who="2" m="29111" /><F39/><W75/><G75/><T85/><D85/><AGARI ba="0,1" hai="5,11,12,29,30,40,45,48,85,90,95" m="41995" machi="85" ten="30,1000,0" yaku="14,1" doraHai="54" who="3" fromWho="0" sc="240,-10,250,0,250,0,250,20" /><INIT seed="1,0,0,0,1,55" ten="230,250,250,270" oya="1" hai0="88,133,95,40,109,73,115,31,98,43,130,49,120" hai1="1,81,63,51,111,33,106,127,71,27,110,113,122" hai2="101,77,30,4,116,66,104,96,12,90,26,92,78" hai3="59,83,35,46,91,68,100,97,128,125,54,82,69"/><U10/><E122/><V47/><F116/><W80/><G35/><T131/><D73/><U108/><E113/><V39/><F4/><W2/><G2/><T9/><D109/><U52/><E106/><V34/><F12/><W105/><G128/><T99/><D115/><U61/><E71/><V107/><F107/><W53/><G125/><T60/><D133/><U15/><E1/><V22/><F34/><W84/><G46/><T114/><D114/><U7/><E127/><V5/><F5/><W64/><G53/><T102/><D31/><N who="1" m="19711" /><E81/><V41/><REACH who="2" step="1"/><F66/><REACH who="2" ten="230,250,240,270" step="2"/><W44/><G64/><T3/><D120/><U67/><E67/><V72/><F72/><W89/><G69/><T28/><D3/><U32/><E32/><V65/><F65/><W17/><G68/><T21/><D130/><U87/><E87/><AGARI ba="0,1" hai="22,26,30,39,41,47,77,78,87,90,92,96,101,104" machi="87" ten="30,2000,0" yaku="1,1,7,1,53,0" doraHai="55" doraHaiUra="11" who="2" fromWho="1" sc="230,0,250,-20,240,30,270,0" /><INIT seed="2,0,0,1,4,47" ten="230,230,270,270" oya="2" hai0="54,48,104,29,35,61,7,45,79,96,108,126,27" hai1="110,72,115,94,2,125,77,93,71,31,57,91,120" hai2="21,75,84,51,52,5,131,59,95,8,28,17,102" hai3="40,26,82,107,92,69,132,19,81,24,114,130,116"/><V113/><F113/><W128/><G107/><T68/><D108/><U32/><E2/><V9/><F75/><W14/><G69/><T65/><D7/><U18/><E115/><V58/><F131/><W124/><G116/><T78/><REACH who="0" step="1"/><D126/><REACH who="0" ten="220,230,270,270" step="2"/><U119/><E119/><V106/><F5/><W25/><G124/><T30/><D30/><U1/><E125/><V118/><F28/><W109/><G114/><T135/><D135/><U44/><E110/><V101/><F118/><W41/><G132/><T36/><D36/><U46/><E120/><V60/><F106/><W70/><G109/><T50/><D50/><U83/><E31/><V87/><F9/><W64/><G128/><T6/><D6/><U43/><E1/><V105/><F8/><W121/><G130/><T74/><D74/><U38/><E38/><V88/><F105/><W15/><G121/><T85/><D85/><U73/><E73/><V76/><F87/><W133/><G133/><T67/><D67/><U62/><E72/><V111/><F111/><W99/><G64/><T98/><D98/><U16/><E32/><V112/><F112/><W11/><G99/><T129/><D129/><U134/><E134/><V63/><F76/><W12/><G70/><T66/><D66/><U3/><E3/><V39/><F39/><W103/><G11/><T37/><D37/><U10/><E77/><V80/><F80/><N who="3" m="30827" /><G19/><T86/><D86/><U20/><E18/><V97/><F84/><W122/><G122/><T13/><D13/><U89/><E83/><V90/><F17/><W34/><G34/><T23/><D23/><RYUUKYOKU ba="0,1" sc="220,15,230,-15,270,-15,270,15" hai0="27,29,35,45,48,54,61,65,68,78,79,96,104" hai3="12,14,15,24,25,26,40,41,92,103" /><INIT seed="3,1,1,1,5,121" ten="235,215,255,285" oya="3" hai0="4,56,77,110,63,21,103,40,98,112,131,65,78" hai1="89,107,28,100,93,5,15,118,97,129,16,62,8" hai2="27,33,81,133,22,90,130,125,43,104,60,132,39" hai3="92,0,24,119,101,117,31,17,57,86,38,83,74"/><W1/><G38/><T37/><D112/><U87/><E118/><V91/><F33/><W66/><G74/><T124/><D124/><U3/><E129/><V79/><F104/><W11/><G17/><T20/><D131/><U12/><E28/><V53/><F43/><W34/><G117/><T52/><D4/><U109/><E109/><V70/><F39/><W50/><G11/><T9/><D110/><U95/><E107/><V41/><F41/><W68/><G68/><T42/><D9/><U85/><E3/><V46/><F46/><W29/><G29/><T120/><D120/><U113/><E113/><V127/><F53/><W45/><G57/><T99/><D99/><N who="1" m="57775" /><E62/><V80/><F60/><W51/><G66/><T105/><D42/><U7/><E7/><V123/><F123/><W135/><G51/><T49/><D20/><AGARI ba="1,1" hai="5,8,12,15,16,20,85,87,95,97,100" m="57775" machi="20" ten="30,2000,0" yaku="8,1,54,1" doraHai="121" who="1" fromWho="0" sc="235,-23,215,33,255,0,285,0" /><INIT seed="4,0,0,3,0,119" ten="212,248,255,285" oya="0" hai0="96,8,10,15,47,20,17,88,11,85,98,114,92" hai1="21,86,113,135,1,77,104,58,99,61,14,55,68" hai2="71,50,106,7,43,91,87,105,70,49,103,33,123" hai3="84,117,54,52,39,45,41,18,26,38,75,46,111"/><T133/><D114/><U57/><E1/><V74/><F74/><W51/><G75/><T42/><REACH who="0" step="1"/><D133/><REACH who="0" ten="202,248,255,285" step="2"/><U120/><E135/><V16/><F106/><W25/><G117/><T101/><D101/><U19/><E113/><V9/><F103/><W36/><G111/><T90/><D90/><U23/><E120/><V24/><F123/><W82/><G54/><T116/><D116/><U34/><E104/><V130/><F91/><W107/><G107/><T115/><D115/><U121/><E121/><V40/><F105/><W73/><G73/><T110/><D110/><U132/><E132/><V100/><F100/><W5/><G52/><T72/><D72/><U6/><E99/><V0/><F87/><W76/><G84/><T102/><D102/><U29/><E77/><V94/><F43/><W95/><G41/><T127/><D127/><U81/><E86/><V78/><F40/><W112/><G76/><T89/><D89/><U67/><E81/><V28/><F78/><W64/><G82/><T118/><D118/><U134/><E134/><V32/><F94/><W65/><G95/><T108/><D108/><U37/><E37/><AGARI ba="0,1" hai="8,10,11,15,17,20,37,42,47,85,88,92,96,98" machi="37" ten="40,3900,0" yaku="1,1,54,1,53,0" doraHai="119" doraHaiUra="35" who="0" fromWho="1" sc="202,49,248,-39,255,0,285,0" /><INIT seed="4,1,0,1,0,1" ten="251,209,255,285" oya="0" hai0="80,20,126,99,125,70,64,59,97,65,43,129,86" hai1="115,37,51,26,123,17,87,62,13,53,6,135,0" hai2="96,133,14,8,7,25,98,52,108,105,54,132,28" hai3="31,109,85,67,11,35,61,48,100,134,71,15,55"/><T103/><D70/><U77/><E123/><V91/><F108/><W23/><G35/><T72/><D72/><U83/><E37/><V46/><F46/><W130/><G109/><T50/><D129/><U78/><E135/><N who="2" m="51787" /><F91/><W4/><G130/><T21/><D43/><U60/><E115/><V92/><F105/><W57/><G134/><T112/><D112/><U34/><E77/><V45/><F45/><W5/><G100/><T9/><D9/><U122/><E122/><V39/><F39/><W117/><G117/><T121/><D121/><U124/><E124/><V73/><F73/><W82/><G23/><T27/><D97/><N who="2" m="37482" /><F92/><W47/><G31/><T16/><D20/><AGARI ba="1,0" hai="7,8,14,20,25,28,52,54" m="37482,51787" machi="20" ten="30,3900,0" yaku="20,1,52,1,54,1" doraHai="1" who="2" fromWho="0" sc="251,-42,209,0,255,42,285,0" /><INIT seed="5,0,0,1,5,42" ten="209,209,297,285" oya="1" hai0="49,63,43,62,72,81,84,99,134,124,92,22,13" hai1="107,91,67,66,37,39,129,2,103,93,89,108,104" hai2="127,33,30,73,10,113,111,87,9,115,71,70,32" hai3="101,44,82,3,130,116,14,110,45,21,26,119,128"/><U12/><E2/><V75/><F30/><N who="3" m="17743" /><G110/><T24/><D72/><N who="2" m="27722" /><F87/><W94/><G3/><T96/><D134/><U122/><E108/><V109/><F111/><W48/><G48/><T106/><D106/><U36/><E122/><V51/><F51/><W1/><G1/><T40/><D124/><U74/><E74/><V15/><F15/><W135/><G135/><T80/><D13/><U125/><E125/><V64/><F64/><N who="1" m="24617" /><E12/><V123/><F109/><W118/><G82/><T60/><D40/><U65/><N who="1" m="24625" /><U54/><DORA hai="88" /><E54/><V121/><F127/><W59/><G59/><T8/><D8/><N who="2" m="3178" /><F123/><W100/><G14/><T117/><D117/><U4/><E4/><V85/><F121/><W27/><G27/><T114/><D114/><N who="2" m="43530" /><F85/><W0/><G0/><T77/><D80/><U41/><E41/><V31/><F31/><W55/><G55/><T133/><D133/><U98/><E129/><N who="3" m="49770" /><G101/><N who="0" m="60551" /><D99/><AGARI ba="0,0" hai="44,45,94,99,100,116,118,119" m="49770,17743" machi="99" ten="40,8000,1" yaku="12,1,19,1,52,3" doraHai="42,88" who="3" fromWho="0" sc="209,-80,209,0,297,0,285,80" /><INIT seed="6,0,0,5,1,106" ten="129,209,297,365" oya="2" hai0="61,45,10,8,94,121,89,67,48,16,32,35,42" hai1="82,118,124,33,52,29,87,128,76,126,72,95,14" hai2="99,44,84,102,46,66,13,70,127,57,19,9,43" hai3="93,51,131,120,59,81,109,75,86,63,24,5,36"/><V123/><F123/><W101/><G36/><T77/><D121/><U27/><E118/><V88/><F70/><W30/><G109/><T22/><D35/><U96/><E128/><V104/><F127/><W80/><G131/><T110/><D32/><U83/><E14/><V107/><F107/><W2/><G75/><T135/><D77/><U39/><E39/><V55/><F66/><W105/><G105/><T23/><D23/><U56/><E83/><V133/><F133/><W134/><G134/><T65/><D110/><U78/><E78/><V71/><F71/><W90/><G51/><T60/><D60/><U111/><E111/><V85/><F85/><W17/><G17/><T132/><D132/><U92/><E92/><V38/><F43/><W26/><G26/><T31/><D31/><U64/><E64/><V41/><F41/><W125/><G101/><T40/><D42/><U117/><E117/><V119/><F38/><W122/><G125/><N who="1" m="48234" /><E95/><V3/><F3/><W74/><G122/><T58/><D65/><U129/><E96/><V54/><F55/><W91/><G81/><T112/><D112/><U68/><E68/><V116/><F119/><W15/><G93/><T50/><D48/><N who="1" m="30727" /><E129/><V20/><F116/><W108/><G80/><T130/><D130/><U98/><E98/><V34/><F34/><W0/><G108/><T114/><D114/><U62/><E62/><N who="2" m="36151" /><F20/><W28/><G0/><T69/><D69/><U115/><E115/><V53/><F53/><W6/><G2/><T37/><D135/><U25/><E25/><V100/><F102/><W49/><G120/><RYUUKYOKU ba="0,0" sc="129,-15,209,15,297,15,365,-15" hai1="27,29,33,72,76,82,87" hai2="9,13,19,44,46,84,88,99,100,104" /><INIT seed="6,1,0,1,0,5" ten="114,224,312,350" oya="2" hai0="122,48,87,91,68,106,4,121,62,132,35,28,128" hai1="96,16,73,55,130,84,105,81,22,118,59,113,112" hai2="123,18,135,98,53,131,63,26,37,32,86,109,34" hai3="124,56,133,116,58,107,11,3,92,72,57,12,50"/><V1/><F123/><W67/><G107/><T0/><D128/><U44/><E118/><V25/><F37/><W74/><G3/><T75/><D48/><U104/><E73/><V85/><F1/><W99/><G133/><T33/><D87/><U97/><E130/><V71/><F71/><W82/><G124/><T115/><D91/><U114/><E44/><V103/><F135/><W88/><G116/><T70/><D132/><U90/><E104/><V2/><F2/><W52/><G67/><T79/><D115/><U51/><REACH who="1" step="1"/><E105/><REACH who="1" ten="114,214,312,350" step="2"/><V39/><F131/><W31/><G72/><T29/><D106/><U64/><E64/><V100/><F109/><W49/><G74/><T89/><D89/><U15/><AGARI ba="1,1" hai="15,16,22,51,55,59,81,84,90,96,97,112,113,114" machi="15" ten="30,7900,0" yaku="1,1,0,1,15,1,54,1,53,0" doraHai="5" doraHaiUra="42" who="1" fromWho="1" sc="114,-21,214,92,312,-40,350,-21" /><INIT seed="7,0,0,1,0,116" ten="93,306,272,329" oya="3" hai0="4,131,122,97,20,104,59,34,133,114,13,9,29" hai1="31,91,1,117,40,2,110,127,74,14,120,11,118" hai2="109,87,107,102,71,96,112,126,43,98,94,26,30" hai3="17,50,78,39,58,38,54,24,37,49,15,61,95"/><W35/><G78/><T19/><D114/><U3/><E74/><V5/><F109/><W123/><G123/><T65/><D104/><U70/><E70/><V62/><F112/><W106/><G106/><T115/><D97/><U42/><E110/><V124/><F5/><W77/><G77/><T66/><D59/><U111/><E111/><V72/><F43/><N who="1" m="16425" /><E31/><V88/><F72/><W92/><G24/><T105/><D105/><U27/><E27/><V90/><F62/><W128/><G128/><T32/><D66/><U41/><N who="1" m="16433" /><U48/><DORA hai="73" /><E48/><V0/><F0/><N who="1" m="1" /><U67/><DORA hai="57" /><E67/><V46/><F46/><W8/><REACH who="3" step="1"/><G35/><REACH who="3" ten="93,306,272,319" step="2"/><T56/><D65/><U64/><E64/><V89/><F71/><W44/><G44/><T21/><D56/><U6/><E91/><V83/><REACH who="2" step="1"/><F90/><REACH who="2" ten="93,306,262,319" step="2"/><W18/><G18/><T22/><D115/><U68/><E68/><V16/><F16/><W119/><G119/><N who="1" m="45578" /><E127/><V85/><F85/><W28/><G28/><T82/><D122/><AGARI ba="0,2" hai="6,11,14,120,122" m="45578,1,16433" machi="122" ten="50,6400,0" yaku="12,1,52,2" doraHai="116,73,57" who="1" fromWho="0" sc="93,-64,306,84,262,0,319,0" owari="29,-47.1,390,49.0,262,-13.8,319,11.9" /></mjloggm>