<mjloggm ver="2.3"><GO type="41" lobby="0"/><UN n0="%E3%81%82%E3%81%A3%E3%81%8F%E3%82%93%E3%81%B5%E3%81%BF%E3%81%8F%E3%82%93" n1="%E2%93%9D%4C%75%63%6B%79%4A" n2="%E3%83%AD%E3%83%B3%E3%81%94%E3%81%A8%E3%81%8D" n3="%6D%69%7A%37%32" dan="14,18,15,14" rate="1940.67,2211.56,2070.57,1967.08" sx="M,M,M,M"/><TAIKYOKU oya="0"/><INIT seed="0,0,0,2,2,5" ten="250,250,250,250" oya="0" hai0="35,19,68,4,94,27,50,112,120,64,135,127,105" hai1="53,47,69,12,132,110,17,109,42,101,30,54,91" hai2="61,62,88,130,124,10,115,133,9,6,106,123,131" hai3="22,93,85,44,98,43,75,114,86,56,82,96,14"/><T7/><D120/><U11/><E69/><V95/><F123/><W16/><G114/><T26/><D112/><U29/><E101/><V31/><F115/><W55/><G75/><T21/><D105/><U57/><E91/><V125/><F106/><W89/><G43/><T59/><D68/><U118/><E118/><V99/><F31/><N who="1" m="11785" /><E57/><V39/><F39/><W24/><G44/><T100/><D35/><U34/><E34/><V102/><F102/><W117/><G117/><T1/><D64/><U46/><E47/><V45/><F45/><W116/><G116/><T97/><D59/><U128/><E128/><N who="2" m="49195" /><F133/><W33/><G24/><T37/><D37/><U18/><E18/><V73/><F73/><W83/><G33/><T80/><D135/><U121/><E121/><V40/><F40/><W134/><G134/><T78/><D50/><N who="1" m="26967" /><E132/><V113/><F113/><W90/><REACH who="3" step="1"/><G83/><REACH who="3" ten="250,250,250,240" step="2"/><T38/><D38/><U111/><AGARI ba="0,1" hai="11,12,17,53,54,109,110,111" m="26967,11785" machi="111" ten="40,2700,0" yaku="14,1,52,1" doraHai="5" who="1" fromWho="1" sc="250,-13,250,37,250,-7,240,-7" /><INIT seed="1,0,0,0,5,73" ten="237,287,243,233" oya="1" hai0="87,45,132,49,103,99,96,116,125,58,44,41,90" hai1="43,8,1,75,76,133,42,115,80,28,57,82,55" hai2="122,46,32,124,111,95,36,70,50,83,112,22,81" hai3="9,29,118,30,66,12,135,14,26,65,109,114,129"/><U33/><E115/><V16/><F32/><W19/><G114/><T127/><D116/><U61/><E133/><V48/><F122/><W56/><G118/><T15/><D132/><U31/><E82/><V68/><F112/><W92/><G135/><T104/><D96/><U39/><E33/><V78/><F111/><W121/><G109/><T120/><D120/><U86/><E86/><V67/><F124/><N who="0" m="47690" /><D15/><U105/><E105/><V117/><F83/><W21/><G121/><T47/><D58/><U3/><E43/><V20/><F20/><W53/><G129/><T134/><D134/><U106/><E106/><V126/><F95/><AGARI ba="0,0" hai="41,44,45,47,49,87,90,95,99,103,104" m="47690" machi="95" ten="30,1000,0" yaku="18,1" doraHai="73" who="0" fromWho="2" sc="237,10,287,0,243,-10,233,0" /><INIT seed="2,0,0,4,4,53" ten="247,287,233,233" oya="2" hai0="77,118,31,98,92,37,95,32,60,112,11,79,52" hai1="42,114,93,88,68,48,41,76,28,34,57,102,129" hai2="55,85,39,3,46,89,65,94,45,17,107,74,120" hai3="131,75,90,62,128,40,8,84,132,113,22,27,133"/><V124/><F120/><W49/><G75/><T80/><D112/><U0/><E68/><V91/><F74/><W47/><G113/><T125/><D125/><U103/><E0/><V83/><F107/><W18/><G8/><T100/><D118/><U4/><E34/><V35/><F35/><W117/><G117/><T25/><D37/><U51/><E28/><V30/><F30/><W5/><G5/><T86/><D11/><U21/><E76/><V20/><F3/><W101/><G101/><N who="1" m="38410" /><E129/><N who="3" m="49738" /><G62/><T64/><D95/><AGARI ba="0,0" hai="18,22,27,40,47,49,84,90,95,132,133" m="49738" machi="95" ten="30,1000,0" yaku="19,1" doraHai="53" who="3" fromWho="0" sc="247,-10,287,0,233,0,233,10" /><INIT seed="3,0,0,5,5,68" ten="237,287,233,243" oya="3" hai0="117,100,103,111,93,9,33,0,126,132,16,55,122" hai1="120,6,63,125,118,73,54,44,115,60,56,76,43" hai2="92,67,13,32,34,37,27,66,46,69,12,36,83" hai3="87,81,52,130,61,4,119,71,133,135,101,85,40"/><W95/><G119/><T19/><D117/><U51/><E118/><V97/><F83/><W20/><G130/><T48/><D122/><U5/><E120/><V47/><F27/><W114/><G114/><T18/><D111/><U127/><E73/><V77/><F97/><W131/><G131/><T22/><D126/><N who="1" m="48139" /><E76/><V28/><F92/><W108/><G4/><N who="1" m="1642" /><E115/><V105/><F28/><W75/><G108/><T106/><D0/><U74/><E74/><V104/><F69/><W17/><G40/><T1/><D1/><U88/><E88/><V41/><F41/><W8/><G8/><T129/><D129/><U86/><E86/><V116/><F116/><W53/><G75/><T15/><D106/><U35/><E35/><V7/><F7/><W109/><G109/><T80/><D33/><U65/><E65/><V31/><F31/><W10/><G10/><T49/><D80/><U2/><E2/><V58/><F58/><W14/><G87/><T79/><D79/><AGARI ba="0,0" hai="12,13,32,34,36,37,46,47,66,67,77,79,104,105" machi="79" ten="25,6400,0" yaku="22,2,52,2" doraHai="68" who="2" fromWho="0" sc="237,-64,287,0,233,64,243,0" /><INIT seed="4,0,0,1,0,132" ten="173,287,297,243" oya="0" hai0="41,115,34,33,65,30,31,104,112,69,26,10,71" hai1="96,87,95,80,27,9,14,118,117,111,120,93,70" hai2="61,94,77,19,48,106,83,97,134,45,56,55,50" hai3="35,51,63,78,17,22,84,114,25,44,90,105,52"/><T86/><D41/><U123/><E27/><V29/><F106/><W81/><G114/><N who="0" m="43563" /><D104/><U58/><E70/><N who="0" m="26633" /><D65/><U43/><E14/><V3/><F3/><W102/><G35/><T40/><D40/><U129/><E9/><V88/><F134/><W126/><G126/><T38/><D38/><U119/><E58/><V6/><F6/><W42/><G105/><T116/><D116/><U66/><E66/><V1/><F1/><W110/><G102/><T130/><D130/><U124/><E43/><V18/><F29/><W20/><G110/><T103/><D10/><U121/><E111/><V68/><F68/><W107/><G107/><T99/><D86/><U47/><E47/><V23/><F23/><W62/><G42/><T128/><D128/><U60/><E60/><V59/><F59/><W73/><REACH who="3" step="1"/><G22/><REACH who="3" ten="173,287,297,233" step="2"/><N who="0" m="15703" /><D31/><U100/><E129/><V98/><F98/><W101/><G101/><T54/><D103/><U108/><E108/><V79/><F50/><W133/><G133/><T39/><D39/><U91/><E124/><V2/><F97/><W125/><G125/><T15/><D99/><U0/><E0/><V92/><F2/><W36/><G36/><T5/><D33/><U16/><E119/><V135/><F135/><W53/><G53/><T11/><D54/><U4/><E118/><V72/><F55/><W127/><G127/><T12/><D34/><U122/><E123/><V28/><F48/><W57/><G57/><T49/><D49/><U13/><E117/><V76/><F56/><W37/><G37/><T21/><D21/><N who="1" m="11407" /><E122/><V7/><F45/><W109/><G109/><RYUUKYOKU ba="0,1" sc="173,15,287,-15,297,-15,233,15" hai0="5,11,12,15" hai3="17,20,25,44,51,52,62,63,73,78,81,84,90" /><INIT seed="4,1,1,4,2,13" ten="188,272,282,248" oya="0" hai0="11,24,134,26,58,62,68,128,57,78,109,54,41" hai1="90,126,52,19,3,35,131,50,72,28,133,32,132" hai2="93,92,125,102,70,18,9,120,25,8,110,101,69" hai3="64,10,104,6,2,36,117,122,23,48,45,88,82"/><T89/><D134/><N who="1" m="51819" /><E28/><V119/><F25/><W100/><G117/><T118/><D118/><U94/><E72/><V85/><F119/><W130/><G130/><T66/><D128/><U12/><E3/><V99/><F85/><W113/><G113/><T135/><D135/><U79/><E79/><V115/><F99/><W59/><G122/><T77/><D109/><U46/><E126/><V80/><F80/><W96/><G36/><T22/><D41/><U42/><E42/><V65/><F65/><W76/><G59/><T20/><D11/><N who="1" m="6559" /><E131/><V60/><F60/><W108/><G64/><T121/><D121/><U38/><E38/><V86/><F86/><AGARI ba="1,1" hai="32,35,46,50,52,86,90,94" m="6559,51819" machi="86" ten="30,3900,0" yaku="20,1,52,1,54,1" doraHai="13" who="1" fromWho="2" sc="188,0,272,52,282,-42,248,0" /><INIT seed="5,0,0,5,1,66" ten="188,324,240,248" oya="1" hai0="91,108,69,68,101,135,76,94,116,38,89,120,48" hai1="95,35,7,60,71,1,83,0,51,132,37,70,20" hai2="134,109,6,29,98,93,28,9,63,27,126,21,115" hai3="13,58,67,117,118,113,12,125,30,72,42,121,78"/><U44/><E35/><V61/><F109/><W62/><G121/><T65/><D108/><U15/><E37/><V49/><F134/><W79/><G42/><T47/><D116/><N who="3" m="44649" /><G30/><T84/><D38/><U33/><E33/><V133/><F133/><W24/><G24/><T25/><D135/><U34/><E95/><V16/><F126/><W17/><G125/><T110/><D110/><U97/><E97/><V104/><F104/><W36/><G36/><T90/><D120/><U86/><E34/><V46/><F115/><W4/><G113/><T129/><D129/><U64/><E132/><V52/><F29/><W45/><G45/><T130/><D130/><U55/><E71/><V131/><F28/><W59/><G72/><T122/><D25/><U14/><E20/><V82/><F82/><W81/><G4/><T39/><D39/><U119/><E119/><V124/><F124/><W53/><G81/><T123/><D76/><N who="3" m="29225" /><G17/><T56/><D101/><U54/><E55/><V41/><F41/><W87/><G87/><T74/><D74/><U10/><REACH who="1" step="1"/><E1/><REACH who="1" ten="188,314,240,248" step="2"/><V111/><F131/><W26/><G53/><N who="0" m="29855" /><D123/><U40/><E40/><V102/><F111/><W23/><G23/><T80/><D122/><U85/><E85/><V96/><F96/><W88/><G67/><T105/><D105/><U5/><E5/><V3/><AGARI ba="0,1" hai="3,6,9,16,21,27,46,49,52,61,63,93,98,102" machi="3" ten="20,5200,0" yaku="0,1,7,1,54,2" doraHai="66" who="2" fromWho="2" sc="188,-13,314,-26,240,62,248,-13" /><INIT seed="6,0,0,3,3,100" ten="175,288,302,235" oya="2" hai0="94,72,10,87,128,93,86,16,23,69,15,97,118" hai1="27,35,79,85,57,107,13,77,115,25,26,89,9" hai2="70,1,5,66,43,44,96,71,48,117,103,46,4" hai3="64,98,123,84,20,129,63,60,104,113,52,135,116"/><V65/><F117/><W67/><G123/><T132/><D118/><U119/><E119/><V19/><F19/><W31/><G116/><T49/><D72/><U7/><E35/><V22/><F22/><W130/><G135/><T111/><D111/><U24/><N who="1" m="6144" /><DORA hai="21" /><U82/><E107/><V36/><F66/><W12/><G31/><T51/><D132/><U133/><E133/><V91/><F91/><W80/><G113/><T92/><D69/><U28/><E115/><V17/><F17/><W56/><G12/><N who="0" m="9607" /><D97/><U38/><E38/><V39/><F39/><W90/><G20/><T68/><D68/><U37/><E37/><V6/><F65/><W59/><G52/><T122/><D122/><U8/><E28/><V78/><F78/><N who="1" m="29705" /><E9/><V41/><REACH who="2" step="1"/><F1/><REACH who="2" ten="175,288,292,235" step="2"/><W83/><G83/><T120/><D120/><U106/><E106/><AGARI ba="0,1" hai="4,5,6,36,41,43,44,46,48,70,71,96,103,106" machi="106" ten="40,12000,1" yaku="1,1,2,1,52,1,53,2" doraHai="100,21" doraHaiUra="102,99" who="2" fromWho="1" sc="175,0,288,-120,292,130,235,0" /><INIT seed="6,1,0,2,0,100" ten="175,168,422,235" oya="2" hai0="87,125,120,15,25,81,23,98,99,37,82,18,75" hai1="14,46,42,8,113,13,119,80,93,26,10,128,105" hai2="20,111,89,117,110,0,53,45,60,67,97,27,116" hai3="29,50,72,126,21,85,34,57,68,124,114,108,127"/><V83/><F0/><W96/><G72/><T66/><D120/><U52/><E119/><V86/><F97/><N who="0" m="36874" /><D37/><U28/><E113/><V102/><F102/><W48/><G108/><N who="2" m="41513" /><F53/><W91/><G68/><T104/><D104/><U22/><E128/><V123/><F45/><W132/><G34/><T88/><D75/><U129/><E129/><V107/><F107/><W3/><G3/><T106/><D106/><U36/><E105/><V71/><F123/><W6/><G6/><T5/><D125/><U38/><E93/><V69/><F69/><W103/><G114/><T58/><D81/><U90/><E38/><V33/><F33/><W35/><G35/><T49/><D5/><U62/><E80/><V131/><F131/><W24/><G96/><T64/><D25/><U130/><E130/><V76/><F76/><W79/><G79/><T2/><D2/><U78/><E78/><V55/><F55/><AGARI ba="1,0" hai="15,18,23,49,55,58,64,66,82,87,88" m="36874" machi="55" ten="30,2000,0" yaku="8,1,54,1" doraHai="100" who="0" fromWho="2" sc="175,23,168,0,422,-23,235,0" /><INIT seed="7,0,0,5,2,15" ten="198,168,399,235" oya="3" hai0="61,108,88,51,32,130,65,78,40,28,1,111,53" hai1="41,45,4,42,10,113,18,60,64,11,134,110,25" hai2="14,67,127,133,20,58,82,46,131,57,86,43,35" hai3="93,39,95,30,109,102,33,98,31,62,100,123,7"/><W0/><G123/><T94/><D1/><U97/><E110/><V91/><F35/><W125/><G109/><T107/><D107/><U56/><E134/><V117/><F133/><W6/><G125/><T16/><D130/><U55/><E113/><V126/><F117/><W3/><G39/><T116/><D116/><U129/><E129/><V115/><F115/><W38/><G38/><T66/><D78/><U75/><E75/><V120/><F120/><W29/><G33/><T84/><D32/><U21/><E97/><V12/><F131/><W135/><G135/><T81/><D28/><U104/><E104/><V122/><F122/><W69/><G69/><T128/><D128/><U17/><E11/><V19/><F12/><W80/><G62/><T105/><D105/><U68/><E45/><V22/><F22/><W44/><G44/><N who="0" m="25991" /><D111/><U70/><E70/><V37/><F67/><W72/><G72/><T132/><D132/><U48/><REACH who="1" step="1"/><E18/><REACH who="1" ten="198,158,399,235" step="2"/><V2/><F2/><AGARI ba="0,1" hai="2,4,10,17,21,25,41,42,48,55,56,60,64,68" machi="2" ten="30,7700,0" yaku="1,1,2,1,7,1,52,1,53,0" doraHai="15" doraHaiUra="121" who="1" fromWho="2" sc="198,0,158,87,399,-77,235,0" owari="198,-30.2,245,4.5,322,42.2,235,-16.5" /></mjloggm>