<mjloggm ver="2.3"><GO type="41" lobby="0"/><UN n0="%E3%81%84%E3%81%88%E3%81%84%E3%81%8D%E3%81%97%E3%81%B0%E3%81%8F" n1="%E3%82%A4%E3%83%8E%E3%82%B7%E3%82%B7%28%E6%9C%AC%E7%89%A9%29" n2="%E2%93%9D%4C%75%63%6B%79%4A" n3="%53%48%49%47%45%5A%4F" dan="13,13,15,15" rate="1861.78,1825.63,2162.35,2010.55" sx="M,M,M,M"/><TAIKYOKU oya="0"/><INIT seed="0,0,0,5,5,92" ten="250,250,250,250" oya="0" hai0="129,6,73,80,95,60,30,66,34,45,112,88,111" hai1="7,96,126,64,46,72,2,42,35,134,105,107,79" hai2="10,87,15,65,121,47,54,53,18,90,32,76,69" hai3="57,97,56,123,127,110,119,41,55,26,37,108,113"/><T71/><D112/><U14/><E64/><V25/><F121/><W120/><G113/><T104/><D129/><U128/><E14/><V38/><F76/><W85/><G85/><T81/><D104/><U58/><E58/><V19/><F38/><W130/><G119/><T102/><D102/><N who="1" m="62663" /><E128/><V132/><F132/><W59/><G26/><T36/><D73/><U125/><E134/><V31/><F19/><W40/><G130/><T99/><D111/><N who="3" m="42537" /><G127/><T1/><D30/><U8/><E35/><V93/><REACH who="2" step="1"/><F47/><REACH who="2" ten="250,250,240,250" step="2"/><W100/><G37/><T116/><D116/><U133/><E133/><V22/><F22/><W20/><G20/><T109/><D34/><U13/><E125/><V16/><F16/><W131/><G131/><T33/><D33/><U124/><E107/><V86/><F86/><W11/><G11/><T117/><D117/><U52/><E126/><V21/><F21/><W9/><G9/><T28/><D28/><U44/><E124/><V51/><F51/><W103/><G123/><T75/><D109/><U77/><E44/><V17/><F17/><W70/><G120/><T83/><D6/><U39/><E79/><V23/><F23/><W5/><G5/><T84/><D1/><U49/><E49/><V48/><F48/><W50/><G40/><T62/><D62/><AGARI ba="0,1" hai="10,15,18,25,31,32,53,54,62,65,69,87,90,93" machi="62" ten="40,1300,0" yaku="1,1,53,0" doraHai="92" doraHaiUra="94" who="2" fromWho="0" sc="250,-13,250,0,240,23,250,0" /><INIT seed="1,0,0,1,0,66" ten="237,250,263,250" oya="1" hai0="17,5,37,53,86,115,91,124,27,39,74,132,92" hai1="59,67,117,31,34,32,52,7,85,118,88,127,28" hai2="4,125,128,23,1,95,47,110,108,0,46,55,42" hai3="30,22,97,90,96,120,2,89,80,116,87,130,43"/><U72/><E127/><V57/><F4/><W29/><G2/><N who="2" m="1129" /><F42/><W68/><G120/><T14/><D115/><U73/><E7/><V64/><F64/><W21/><G130/><T61/><D74/><U3/><E3/><V105/><F105/><W94/><G116/><T71/><D132/><U35/><E67/><V65/><F65/><W122/><G122/><T19/><D124/><U15/><E15/><V69/><F95/><N who="3" m="56431" /><G68/><T18/><D71/><U8/><E8/><V24/><F69/><W12/><G43/><T103/><D39/><U121/><E121/><V11/><F11/><W9/><G22/><T13/><D37/><U54/><E85/><V40/><F40/><W45/><G45/><T129/><D129/><U106/><E106/><V75/><F75/><W56/><G56/><N who="0" m="34959" /><D103/><U134/><E35/><V81/><F125/><W84/><G21/><N who="0" m="13743" /><D5/><U62/><E62/><V98/><F128/><W100/><G84/><T36/><D36/><U25/><E59/><V6/><F6/><AGARI ba="0,0" hai="6,9,12,29,30,80,87,90,94,97,100" m="56431" machi="6" ten="30,1000,0" yaku="8,1" doraHai="66" who="3" fromWho="2" sc="237,0,250,0,263,-10,250,10" /><INIT seed="2,0,0,1,1,107" ten="237,250,253,260" oya="2" hai0="48,131,0,14,114,77,95,55,63,27,43,17,46" hai1="68,79,18,64,127,96,44,7,56,39,60,30,86" hai2="123,113,11,78,66,9,6,118,94,33,126,122,74" hai3="29,91,3,111,25,59,47,16,1,40,13,69,61"/><V129/><F113/><W75/><G111/><T52/><D114/><U24/><E127/><V26/><F66/><W45/><G69/><T121/><D121/><U36/><E7/><V70/><F70/><W50/><G75/><T4/><D131/><U53/><E96/><V42/><F42/><W130/><G91/><T124/><D124/><U98/><E18/><V35/><F126/><W19/><G130/><T103/><D0/><U84/><E98/><V22/><F94/><W110/><G47/><T108/><D108/><U76/><E79/><V101/><F101/><W99/><G99/><T109/><D109/><U100/><E100/><V104/><F104/><W97/><G97/><T83/><D103/><U112/><E112/><V2/><F118/><W116/><G19/><T88/><D63/><U20/><E76/><V120/><F11/><W23/><G110/><T134/><D27/><U58/><E58/><V32/><F129/><W81/><G81/><T87/><D4/><U128/><E128/><V105/><F105/><W106/><G116/><T115/><D134/><U62/><E39/><V12/><F78/><W89/><G89/><T15/><D115/><U132/><E132/><V90/><F90/><W38/><G38/><T71/><D71/><U57/><REACH who="1" step="1"/><E68/><REACH who="1" ten="237,240,253,260" step="2"/><V21/><F74/><W135/><G135/><T65/><D17/><U85/><E85/><V28/><F2/><W8/><REACH who="3" step="1"/><G106/><REACH who="3" ten="237,240,253,250" step="2"/><T5/><D5/><U80/><E80/><V102/><F102/><W67/><AGARI ba="0,2" hai="1,3,8,13,16,23,25,29,40,45,50,59,61,67" machi="67" ten="20,8000,1" yaku="1,1,2,1,0,1,7,1,54,1,53,0" doraHai="107" doraHaiUra="51" who="3" fromWho="3" sc="237,-20,240,-20,253,-40,250,100" /><INIT seed="3,0,0,3,5,11" ten="217,220,213,350" oya="3" hai0="43,122,4,116,56,13,130,90,106,61,119,74,84" hai1="83,124,86,110,18,36,100,98,45,53,62,102,108" hai2="65,82,9,37,93,17,131,129,104,15,49,111,76" hai3="132,92,41,107,25,0,96,46,70,73,109,34,39"/><W112/><RYUUKYOKU type="yao9" ba="0,0" sc="217,0,220,0,213,0,350,0" hai3="0,25,34,39,41,46,70,73,92,96,107,109,112,132" /><INIT seed="3,1,0,5,1,0" ten="217,220,213,350" oya="3" hai0="61,135,115,111,113,10,108,76,29,129,102,45,36" hai1="30,85,2,27,41,55,48,120,18,22,62,123,117" hai2="93,90,105,109,20,104,54,23,83,15,24,119,14" hai3="42,51,43,114,72,16,32,49,66,1,47,127,67"/><W19/><G114/><N who="0" m="43531" /><D102/><U40/><E117/><V37/><F37/><W130/><G32/><T116/><D76/><U75/><E2/><V101/><F109/><W44/><G1/><T96/><D96/><U95/><E75/><V64/><F64/><W68/><G130/><T56/><D10/><U78/><E62/><V79/><F54/><W71/><REACH who="3" step="1"/><G72/><REACH who="3" ten="217,220,213,340" step="2"/><T89/><D129/><U58/><E123/><V121/><F121/><W35/><G35/><T124/><D116/><U12/><E120/><V99/><F119/><W91/><G91/><T17/><D89/><N who="1" m="53679" /><E78/><V107/><F90/><W103/><G103/><T5/><D111/><U38/><E38/><V50/><F101/><W69/><G69/><T92/><D36/><U98/><E98/><V118/><F99/><W4/><G4/><T77/><D5/><U82/><E82/><V13/><F83/><W28/><G28/><T125/><D29/><U106/><E106/><V133/><F107/><W59/><G59/><T86/><D56/><U88/><E88/><V74/><F105/><W46/><G46/><T39/><D45/><U112/><E112/><V128/><F104/><W100/><G100/><T94/><D39/><U132/><E132/><V126/><F133/><W134/><G134/><T8/><D135/><U6/><E6/><V63/><F118/><W53/><G53/><T84/><D77/><U25/><E30/><V33/><F79/><W60/><G60/><T81/><D61/><U73/><E73/><V70/><F74/><W21/><G21/><T110/><D110/><U31/><E31/><V9/><F33/><RYUUKYOKU ba="1,1" sc="217,-15,220,15,213,-15,340,15" hai1="12,18,22,25,27,40,41,48,55,58" hai3="16,19,42,43,44,47,49,51,66,67,68,71,127" /><INIT seed="3,2,1,5,0,43" ten="202,235,198,355" oya="3" hai0="107,93,114,108,105,63,61,4,27,41,7,125,26" hai1="19,14,51,12,124,134,126,116,118,49,6,99,113" hai2="29,60,135,36,33,0,22,130,101,91,23,50,117" hai3="30,75,35,55,42,18,133,9,2,10,5,94,95"/><W13/><G133/><T40/><D93/><U38/><E99/><V65/><F36/><W89/><G75/><T109/><REACH who="0" step="1"/><D125/><REACH who="0" ten="192,235,198,355" step="2"/><N who="1" m="48235" /><E38/><V132/><F135/><W58/><G95/><T69/><D69/><U57/><E134/><V73/><F132/><W70/><G70/><T86/><D86/><U102/><E113/><AGARI ba="2,2" hai="4,7,26,27,40,41,61,63,105,107,108,109,113,114" machi="113" ten="25,3200,0" yaku="1,1,22,2,53,0" doraHai="43" doraHaiUra="45" who="0" fromWho="1" sc="192,58,235,-38,198,0,355,0" /><INIT seed="4,0,0,2,1,104" ten="250,197,198,355" oya="0" hai0="123,0,107,108,74,11,84,64,28,117,65,35,83" hai1="57,13,52,9,110,113,86,90,26,59,80,46,21" hai2="32,15,38,76,48,97,31,101,122,50,120,127,91" hai3="94,99,75,40,39,77,24,58,51,23,3,17,100"/><T73/><D117/><U114/><E110/><V22/><F38/><W53/><G3/><T55/><D123/><U78/><E78/><V41/><F32/><W18/><G39/><T103/><D108/><U95/><E26/><V42/><F76/><W69/><G69/><T12/><D0/><U111/><E21/><V16/><F127/><W61/><G75/><T43/><D43/><U87/><E111/><V14/><F31/><N who="3" m="17823" /><G77/><T29/><D29/><U85/><E85/><V4/><F91/><W63/><G63/><T27/><D55/><U88/><E113/><V45/><F4/><W125/><G125/><T132/><D132/><U134/><E134/><V7/><F7/><W54/><G40/><T8/><D103/><U112/><E112/><V71/><F71/><W92/><G94/><T44/><D44/><AGARI ba="0,0" hai="17,18,44,51,53,54,58,61,92,99,100" m="17823" machi="44" ten="30,1000,0" yaku="8,1" doraHai="104" who="3" fromWho="0" sc="250,-10,197,0,198,0,355,10" /><INIT seed="5,0,0,2,5,88" ten="240,197,198,365" oya="1" hai0="118,71,28,11,81,54,37,128,7,91,72,92,44" hai1="69,127,31,98,39,82,57,109,65,89,76,101,6" hai2="29,74,40,5,121,124,22,46,62,63,61,129,2" hai3="52,114,79,110,125,134,49,123,116,100,17,66,117"/><U97/><E39/><V3/><F121/><W24/><G110/><T42/><D128/><U33/><E69/><V36/><F129/><W47/><G123/><T15/><D118/><U16/><E109/><V73/><F124/><W55/><G125/><T90/><D71/><U103/><E127/><V32/><F22/><W111/><G111/><T75/><D28/><U12/><E33/><V67/><F67/><W30/><G114/><T13/><D54/><U83/><E31/><V64/><F64/><W9/><G79/><T18/><D91/><U78/><E6/><V19/><F19/><W0/><G100/><N who="1" m="38474" /><E65/><V80/><F5/><W115/><G115/><T45/><D45/><U23/><E57/><V122/><F122/><W120/><G120/><T14/><D81/><N who="1" m="30731" /><E98/><V106/><F32/><W50/><G66/><T87/><REACH who="0" step="1"/><D15/><REACH who="0" ten="230,197,198,365" step="2"/><U108/><E108/><V58/><F29/><W126/><G30/><T60/><D60/><U26/><E12/><V43/><F63/><W131/><G131/><T34/><D34/><U96/><E96/><V102/><F62/><W21/><G126/><T68/><D68/><U38/><E38/><V135/><F36/><W107/><G117/><T27/><D27/><U86/><E97/><V113/><F61/><W35/><G35/><T119/><D119/><U105/><E105/><V8/><F106/><W41/><G107/><T56/><D56/><U20/><E20/><AGARI ba="0,1" hai="7,11,13,14,18,20,37,42,44,72,75,87,90,92" machi="20" ten="30,3900,0" yaku="1,1,7,1,52,1,53,0" doraHai="88" doraHaiUra="51" who="0" fromWho="1" sc="230,49,197,-39,198,0,365,0" /><INIT seed="6,0,0,0,4,11" ten="279,158,198,365" oya="2" hai0="63,130,87,82,31,54,86,121,71,60,78,80,96" hai1="48,93,18,120,23,135,9,2,12,89,61,40,133" hai2="119,116,10,128,7,5,85,95,0,103,1,106,100" hai3="75,124,14,97,36,117,45,77,38,91,26,17,3"/><V67/><F67/><W65/><G3/><N who="2" m="1097" /><F95/><W83/><G117/><N who="2" m="45129" /><F10/><W129/><G124/><T20/><D130/><U123/><E61/><V25/><F85/><W72/><G129/><T102/><D121/><N who="1" m="46667" /><E48/><V104/><F25/><W66/><G26/><T134/><D134/><N who="1" m="51211" /><E40/><V109/><F109/><W58/><G75/><T125/><D125/><U6/><E93/><V27/><F27/><W49/><G65/><T57/><D71/><U56/><E56/><V42/><F42/><W64/><G58/><T62/><D20/><U127/><E89/><V115/><F115/><W81/><G64/><T68/><D31/><U29/><E29/><V30/><F30/><W76/><G91/><T41/><D68/><U55/><E55/><V8/><F128/><W28/><G66/><T44/><D102/><N who="2" m="38954" /><F8/><W34/><G28/><T79/><REACH who="0" step="1"/><D96/><REACH who="0" ten="269,158,198,365" step="2"/><U15/><E127/><V92/><F92/><W90/><G97/><T53/><D53/><U37/><E37/><AGARI ba="0,1" hai="37,41,44,54,57,60,62,63,78,79,80,82,86,87" machi="37" ten="30,3900,0" yaku="1,1,7,1,9,1,53,0" doraHai="11" doraHaiUra="13" who="0" fromWho="1" sc="269,49,158,-39,198,0,365,0" /><INIT seed="7,0,0,4,4,29" ten="318,119,198,365" oya="3" hai0="88,15,130,121,22,65,53,21,4,106,63,84,27" hai1="102,7,25,78,101,95,1,112,36,103,3,26,19" hai2="89,30,100,23,33,8,6,66,5,9,59,113,60" hai3="107,117,76,99,57,125,54,119,12,83,31,135,92"/><W32/><G107/><T85/><D121/><U75/><E36/><V131/><F100/><W96/><G125/><T122/><D122/><U35/><E75/><V40/><F40/><W18/><G32/><T11/><D130/><U45/><E78/><V43/><F43/><W51/><G31/><T90/><D106/><U72/><E45/><V116/><F89/><W93/><G99/><T115/><D115/><U105/><E72/><V97/><F23/><W50/><G50/><T74/><D74/><U0/><E105/><V94/><F116/><W91/><G93/><T38/><D38/><U86/><E7/><V80/><F80/><W127/><G135/><T42/><D53/><U81/><E19/><V46/><F46/><W39/><G127/><T108/><D42/><U47/><E47/><V28/><F113/><W82/><G39/><T16/><D108/><U79/><E112/><V67/><F67/><W49/><G49/><T58/><D22/><U87/><E35/><V104/><F131/><W24/><G54/><T111/><D111/><U110/><E110/><V55/><F55/><W120/><G119/><T20/><D20/><U109/><E109/><V128/><F128/><W62/><G51/><T48/><D48/><U37/><E37/><V17/><F17/><W56/><G18/><T34/><D34/><U129/><E129/><V2/><F33/><W64/><G117/><T14/><D27/><U114/><E114/><V52/><F52/><N who="3" m="34055" /><G24/><T124/><D124/><U132/><REACH who="1" step="1"/><E132/><REACH who="1" ten="318,109,198,365" step="2"/><V68/><F104/><W61/><G120/><T118/><D118/><U98/><E98/><RYUUKYOKU ba="0,1" sc="318,15,109,15,198,-15,365,-15" hai0="4,11,14,15,16,21,58,63,65,84,85,88,90" hai1="0,1,3,25,26,79,81,86,87,95,101,102,103" owari="333,13.3,124,-37.6,183,-21.7,360,46.0" /></mjloggm>