<mjloggm ver="2.3"><GO type="41" lobby="0"/><UN n0="%E2%93%9D%4C%75%63%6B%79%4A" n1="%E5%B0%8F%E5%AE%AE%E7%95%B3%E5%BA%97" n2="%E3%82%BF%E3%82%B3%E4%B8%AD%E3%81%AE%E3%82%BF%E3%82%B3" n3="%E3%82%B7%E3%83%8E%E3%83%8E%E3%83%A1%E3%82%AD%E3%83%A7%E3%83%BC%E3%82%B3" dan="18,15,14,14" rate="2158.15,2019.65,1979.33,1919.18" sx="M,M,M,M"/><TAIKYOKU oya="0"/><INIT seed="0,0,0,3,4,24" ten="250,250,250,250" oya="0" hai0="117,121,28,75,111,60,20,31,38,68,0,10,109" hai1="110,99,49,2,91,29,58,118,54,66,82,83,1" hai2="43,57,18,48,112,34,128,104,115,131,94,19,84" hai3="15,78,102,100,67,129,59,21,74,50,4,113,30"/><T3/><D121/><U93/><E118/><V101/><F34/><W61/><G113/><N who="2" m="43593" /><F104/><W132/><G132/><T70/><D117/><U96/><E110/><N who="0" m="41993" /><D38/><U73/><E66/><V26/><F101/><W77/><G129/><N who="2" m="49737" /><F26/><N who="3" m="16719" /><G74/><T79/><D20/><U71/><E71/><N who="0" m="27177" /><D60/><U65/><E65/><V116/><F116/><W6/><G50/><T114/><D114/><U56/><E73/><V63/><F48/><W14/><G100/><T125/><D125/><U127/><E127/><V133/><F133/><W52/><G102/><T45/><D45/><U25/><E58/><V12/><F43/><W85/><G67/><T103/><D103/><U23/><REACH who="1" step="1"/><E96/><REACH who="1" ten="250,240,250,250" step="2"/><V46/><F46/><W16/><G59/><T44/><D44/><U107/><E107/><V108/><F108/><W64/><G64/><T40/><D40/><U33/><E33/><V62/><F57/><W11/><G61/><T13/><D75/><U39/><E39/><V47/><F47/><W17/><G85/><T41/><D41/><U86/><E86/><V9/><F62/><W76/><G52/><T98/><D98/><U81/><AGARI ba="0,1" hai="1,2,23,25,29,49,54,56,81,82,83,91,93,99" machi="81" ten="30,4000,0" yaku="1,1,0,1,52,1,53,0" doraHai="24" doraHaiUra="134" who="1" fromWho="1" sc="250,-20,240,50,250,-10,250,-10" /><INIT seed="1,0,0,0,2,111" ten="230,290,240,240" oya="1" hai0="38,33,113,70,4,26,100,10,23,95,66,78,98" hai1="72,123,31,128,102,24,74,117,15,82,45,37,86" hai2="110,75,35,53,87,125,133,109,88,41,131,11,44" hai3="34,97,12,76,42,39,114,73,129,25,8,57,5"/><U63/><E123/><V71/><F71/><W1/><G129/><T135/><D38/><U27/><E117/><V32/><F131/><W80/><G97/><T101/><D33/><U90/><E128/><V121/><F121/><W84/><G57/><T36/><D36/><U50/><E102/><V99/><F125/><W69/><G84/><T68/><D135/><U28/><E37/><V14/><F133/><W61/><G12/><T64/><D78/><U52/><E15/><V58/><F75/><W112/><G25/><T22/><D113/><U104/><E104/><V46/><F99/><W67/><G34/><T94/><D26/><U124/><E124/><V93/><F35/><W18/><G18/><T13/><D70/><U65/><E27/><V89/><F32/><W9/><G8/><T105/><D68/><U59/><REACH who="1" step="1"/><E24/><REACH who="1" ten="230,280,240,240" step="2"/><V30/><F110/><W126/><G126/><T79/><D101/><U17/><E17/><V56/><F109/><W2/><REACH who="3" step="1"/><G1/><REACH who="3" ten="230,280,240,230" step="2"/><T55/><D13/><U62/><E62/><V107/><F14/><W91/><G91/><T115/><D100/><U47/><E47/><AGARI ba="0,2" hai="2,5,9,39,42,47,61,67,69,73,76,80,112,114" machi="47" ten="40,12000,2" yaku="1,1,25,2,23,2,52,2,53,0" doraHai="111" doraHaiUra="134" who="3" fromWho="1" sc="230,0,280,-120,240,0,230,140" /><INIT seed="2,0,0,2,3,131" ten="230,160,240,370" oya="2" hai0="9,63,34,24,60,84,6,127,26,61,126,0,70" hai1="43,32,47,37,103,51,80,38,18,30,109,98,44" hai2="64,4,71,40,58,118,99,133,2,123,107,54,13" hai3="121,85,105,29,3,21,101,39,36,66,125,76,78"/><V27/><F123/><W111/><G3/><T132/><D70/><U49/><E109/><V8/><F118/><W83/><G111/><T17/><D84/><U11/><E32/><V128/><F128/><W48/><G66/><T45/><D45/><U86/><E30/><V104/><F133/><W81/><G125/><N who="0" m="47627" /><D34/><U15/><E98/><V79/><F79/><W90/><G121/><T28/><D17/><U42/><REACH who="1" step="1"/><E103/><REACH who="1" ten="230,150,240,370" step="2"/><V1/><F99/><W68/><G101/><T74/><D28/><U23/><E23/><V130/><F130/><W72/><G21/><T14/><D132/><U16/><E16/><V87/><F107/><W25/><G29/><T56/><D74/><U114/><E114/><V119/><F104/><W113/><G72/><T10/><D10/><U100/><E100/><V135/><F119/><W129/><G105/><T97/><D97/><U35/><E35/><V82/><F135/><W59/><G113/><T96/><D96/><U62/><E62/><N who="0" m="23593" /><D0/><U117/><E117/><V115/><F115/><W7/><G129/><T55/><AGARI ba="0,1" hai="6,9,14,24,26,55,56,61" m="23593,47627" machi="55" ten="30,1100,0" yaku="18,1" doraHai="131" who="0" fromWho="0" sc="230,21,150,-3,240,-5,370,-3" /><INIT seed="3,0,0,2,0,20" ten="251,147,235,367" oya="3" hai0="99,64,107,102,32,127,98,128,7,21,24,14,121" hai1="53,2,47,132,15,112,106,109,120,46,1,49,80" hai2="60,4,18,6,42,45,67,55,130,13,71,82,84" hai3="22,62,134,39,29,108,5,56,74,30,110,38,94"/><W68/><G74/><T41/><D121/><U51/><E120/><V8/><F130/><W54/><G68/><T93/><D128/><U119/><E112/><V92/><F92/><W33/><G134/><T23/><D41/><U52/><E106/><V50/><REACH who="2" step="1"/><F42/><REACH who="2" ten="251,147,225,367" step="2"/><W36/><G94/><T88/><D127/><U103/><E132/><V72/><F72/><W126/><G126/><T44/><D107/><U59/><E103/><V123/><F123/><W16/><G5/><T124/><D7/><U133/><E133/><V79/><AGARI ba="0,1" hai="4,6,8,13,18,45,50,55,60,67,71,79,82,84" machi="79" ten="20,5200,0" yaku="1,1,0,1,7,1,53,1" doraHai="20" doraHaiUra="58" who="2" fromWho="2" sc="251,-13,147,-13,225,62,367,-26" /><INIT seed="4,0,0,1,1,108" ten="238,134,287,341" oya="0" hai0="60,31,41,101,80,70,12,1,66,10,64,79,34" hai1="120,23,65,51,62,26,97,39,13,14,133,134,16" hai2="2,55,100,46,29,107,104,95,125,24,119,0,99" hai3="56,4,20,77,121,44,75,81,50,110,93,69,85"/><T21/><D66/><U78/><E39/><V45/><F125/><W32/><G110/><T73/><D21/><U53/><E120/><V131/><F131/><W71/><G32/><T57/><D1/><U47/><E78/><V11/><F119/><W72/><G4/><T116/><D116/><U98/><E134/><V115/><F115/><W91/><G72/><T90/><D101/><U38/><E38/><V128/><F128/><W17/><G56/><T36/><D90/><U59/><E133/><V105/><F11/><W58/><G58/><T86/><D34/><U94/><REACH who="1" step="1"/><E97/><REACH who="1" ten="238,124,287,341" step="2"/><V123/><F123/><W35/><G121/><T19/><D36/><U49/><E49/><V7/><F99/><W25/><G35/><T126/><D126/><U27/><E27/><V88/><F24/><W124/><G124/><T112/><D73/><U63/><E63/><V103/><F104/><W22/><G25/><T37/><D37/><U5/><E5/><V109/><F7/><W135/><G135/><T83/><D79/><U106/><E106/><V117/><F107/><W130/><G130/><T43/><D60/><U40/><E40/><V54/><F105/><W102/><G50/><T15/><D43/><U96/><E96/><V28/><F109/><W127/><G77/><T76/><D41/><U67/><E67/><V6/><F6/><W33/><G75/><T129/><D129/><U84/><E84/><V113/><F117/><W9/><G33/><T61/><D76/><U114/><E114/><V68/><F113/><W87/><G127/><T18/><D112/><U89/><AGARI ba="0,1" hai="13,14,16,23,26,47,51,53,59,62,65,89,94,98" machi="89" ten="20,12000,2" yaku="1,1,5,1,0,1,7,1,8,1,54,1,53,0" doraHai="108" doraHaiUra="30" who="1" fromWho="1" sc="238,-60,124,130,287,-30,341,-30" /><INIT seed="5,0,0,1,3,35" ten="178,254,257,311" oya="1" hai0="12,67,118,131,29,11,43,23,42,4,0,25,98" hai1="40,111,126,48,66,52,26,107,100,128,68,130,20" hai2="32,37,82,21,16,55,114,117,132,99,53,15,125" hai3="105,133,3,34,97,75,22,92,1,103,30,74,104"/><U122/><E122/><V18/><F117/><W41/><G133/><T77/><D118/><U10/><E126/><V89/><F132/><W110/><G110/><T83/><D131/><U5/><E40/><V6/><F125/><W95/><G34/><T124/><D124/><U60/><E111/><V2/><F37/><W102/><G41/><T123/><D123/><U19/><E100/><V33/><F114/><W115/><G115/><T9/><D67/><U135/><E135/><V63/><F18/><W94/><G30/><T78/><D78/><U7/><E107/><V27/><F2/><W93/><G22/><T91/><D91/><U73/><E73/><V51/><F63/><W38/><G38/><T71/><D71/><U69/><E69/><V129/><F129/><N who="1" m="49769" /><E10/><V84/><F99/><W85/><G3/><T62/><D98/><U50/><E50/><V65/><F65/><W70/><G70/><T81/><D62/><U17/><E19/><V127/><F127/><W116/><G116/><T44/><D43/><U96/><E96/><V86/><F84/><W57/><G97/><T108/><D108/><U61/><E61/><V31/><F6/><W120/><G120/><T106/><D106/><U90/><E90/><V47/><REACH who="2" step="1"/><F55/><REACH who="2" ten="178,254,247,311" step="2"/><W59/><G85/><T72/><D72/><U109/><E109/><V80/><F80/><W8/><G75/><T112/><D112/><U13/><E13/><V58/><F58/><AGARI ba="0,1" hai="5,7,17,20,26,48,52,58,60,66,68" m="49769" machi="58" ten="30,2900,0" yaku="19,1,54,1" doraHai="35" who="1" fromWho="2" sc="178,0,254,39,247,-29,311,0" /><INIT seed="5,1,0,4,4,25" ten="178,293,218,311" oya="1" hai0="38,115,23,103,88,131,77,69,15,8,2,18,97" hai1="34,57,5,117,51,58,49,39,64,105,37,111,73" hai2="61,130,107,90,1,124,127,98,42,60,20,78,92" hai3="74,125,56,32,123,118,104,44,11,102,68,14,84"/><U128/><E117/><V62/><F1/><W89/><G32/><T9/><D38/><U129/><E34/><V100/><F130/><N who="1" m="50281" /><E73/><V121/><F121/><W30/><G68/><T43/><D131/><U94/><E105/><V113/><F113/><W24/><G74/><T85/><D69/><U91/><E5/><V17/><F42/><W132/><G123/><T71/><D71/><U116/><E116/><V6/><F6/><W108/><G108/><T96/><D115/><U55/><E111/><V54/><F78/><W79/><G79/><T72/><D43/><U59/><E64/><V134/><F134/><W31/><G132/><T112/><D112/><U3/><E3/><V95/><F54/><W80/><G118/><T10/><D2/><U0/><E0/><V52/><F52/><W86/><G102/><T93/><D72/><U46/><E51/><V82/><F82/><W33/><G104/><T65/><D65/><U114/><E114/><V66/><F66/><W19/><G80/><T13/><D77/><U41/><E41/><V48/><F48/><W50/><G50/><T29/><D29/><U76/><E76/><V119/><F119/><W99/><G31/><T45/><D45/><U28/><E28/><V27/><REACH who="2" step="1"/><F90/><REACH who="2" ten="178,293,208,311" step="2"/><W70/><G89/><T36/><D36/><U53/><E55/><V35/><F35/><W81/><G33/><T122/><D122/><U26/><E39/><V135/><F135/><W22/><G81/><N who="0" m="49199" /><D97/><N who="1" m="57567" /><E37/><V67/><F67/><W21/><G99/><T7/><AGARI ba="1,1" hai="7,8,9,10,13,15,18,23,93,96,103" m="49199" machi="7" ten="30,2000,0" yaku="8,1,54,1" doraHai="25" who="0" fromWho="0" sc="178,33,293,-11,208,-6,311,-6" /><INIT seed="6,0,0,1,3,41" ten="211,282,202,305" oya="2" hai0="121,29,6,22,96,46,60,99,25,135,79,117,87" hai1="62,45,12,67,76,66,40,73,113,84,17,110,59" hai2="123,111,3,69,49,114,105,30,58,34,106,72,52" hai3="27,64,97,18,115,91,36,101,80,74,16,126,128"/><V93/><F123/><W39/><G128/><T116/><D121/><U28/><E110/><V1/><F114/><W133/><G133/><T86/><D6/><U131/><E113/><V43/><F111/><W54/><G126/><T65/><D135/><U51/><E131/><V94/><F72/><W70/><G115/><T98/><D79/><U9/><E73/><V53/><F69/><W32/><G54/><N who="2" m="21097" /><F43/><W95/><G64/><T124/><D124/><U108/><E108/><V21/><F49/><W0/><G0/><N who="2" m="73" /><F21/><W109/><G70/><T90/><D46/><U104/><E104/><N who="2" m="40043" /><F58/><W35/><G109/><T61/><D61/><U57/><E28/><V2/><N who="2" m="81" /><V77/><DORA hai="47" /><F77/><W132/><G132/><T75/><D75/><U83/><E66/><V81/><F81/><W107/><G35/><T48/><D48/><U20/><E59/><V15/><F15/><W10/><G107/><T92/><REACH who="0" step="1"/><D87/><REACH who="0" ten="201,282,202,305" step="2"/><U24/><E76/><V134/><F134/><W23/><G74/><T11/><D11/><U85/><E83/><V7/><F30/><W88/><G80/><T55/><D55/><U100/><E85/><V120/><F120/><W103/><G10/><T5/><D5/><N who="1" m="3119" /><E84/><V102/><F7/><W118/><G36/><T37/><D37/><U127/><E127/><V78/><F78/><W68/><G39/><T122/><D122/><U42/><E40/><V89/><F34/><W82/><G32/><T31/><D31/><U56/><E57/><AGARI ba="0,1" hai="22,25,29,57,60,65,86,90,92,96,98,99,116,117" machi="57" ten="40,5200,0" yaku="1,1,53,2" doraHai="41,47" doraHaiUra="112,8" who="0" fromWho="1" sc="201,62,282,-52,202,0,305,0" /><INIT seed="7,0,0,0,5,97" ten="263,230,202,305" oya="3" hai0="25,14,33,38,56,34,58,135,60,72,79,9,53" hai1="40,75,123,64,94,71,70,120,21,100,49,10,28" hai2="68,30,29,102,84,95,115,92,1,91,126,63,129" hai3="104,16,4,87,8,133,0,74,125,112,83,88,99"/><W73/><G112/><T50/><D38/><U41/><E75/><V103/><F115/><W54/><G133/><T13/><D14/><U127/><E127/><V26/><F126/><W23/><G125/><T89/><D89/><U2/><E71/><V31/><F129/><W44/><G104/><T111/><D111/><U110/><E110/><V46/><F1/><W7/><G7/><T134/><D25/><U76/><E76/><V55/><F68/><W113/><G99/><T114/><D79/><U128/><E128/><V11/><F11/><W61/><G113/><T24/><D24/><U65/><E70/><V78/><F78/><W69/><G69/><T32/><D72/><U39/><E39/><V20/><F92/><W22/><G22/><T57/><D114/><U130/><E130/><V35/><F35/><W51/><G61/><T101/><D60/><U37/><E37/><V27/><F63/><W108/><G108/><T106/><D106/><U116/><E116/><V121/><F121/><W105/><G105/><T18/><REACH who="0" step="1"/><D101/><REACH who="0" ten="253,230,202,305" step="2"/><N who="2" m="38410" /><F27/><AGARI ba="0,1" hai="0,4,8,16,23,27,44,51,54,73,74,83,87,88" machi="27" ten="30,5800,0" yaku="7,1,54,2" doraHai="97" who="3" fromWho="2" sc="253,0,230,0,202,-58,305,68" owari="253,5.3,230,-17.0,144,-35.6,373,47.3" /></mjloggm>