<mjloggm ver="2.3"><GO type="41" lobby="0"/><UN n0="%42%6F%6E%64%72%69%76%65" n1="%E2%93%9D%4C%75%63%6B%79%4A" n2="%E3%83%8F%E3%83%AB%E3%82%AB%E3%83%8A%E3%82%A4%E3%83%81%E3%82%B4" n3="%5A%43" dan="16,17,15,13" rate="2075.24,2175.99,2021.81,1919.88" sx="M,M,F,M"/><TAIKYOKU oya="0"/><INIT seed="0,0,0,0,3,81" ten="250,250,250,250" oya="0" hai0="115,57,46,34,77,18,45,122,69,33,124,126,123" hai1="74,91,31,134,121,5,44,35,111,56,109,104,30" hai2="12,59,0,75,76,108,52,103,88,37,14,132,107" hai3="96,38,98,19,92,72,67,100,64,26,2,125,131"/><T22/><D77/><U66/><E104/><V13/><F37/><W50/><G38/><T133/><D69/><U84/><E121/><V55/><F0/><W95/><G72/><T24/><D57/><U73/><E5/><V127/><F76/><W68/><G2/><T41/><D46/><U7/><E7/><V8/><F75/><N who="1" m="28681" /><E35/><N who="0" m="13321" /><D115/><U32/><E32/><V48/><F103/><W10/><G131/><T42/><D42/><U36/><E134/><V11/><F107/><W53/><G125/><N who="0" m="48235" /><D133/><U6/><E6/><V49/><F108/><N who="1" m="41545" /><E56/><N who="2" m="32775" /><F132/><W51/><G68/><T99/><D99/><U90/><E91/><V116/><F116/><W83/><G98/><T63/><D63/><U28/><E66/><V118/><F118/><W23/><G67/><T16/><D18/><U39/><E44/><V87/><F127/><W78/><G64/><T130/><D130/><U21/><E39/><AGARI ba="0,0" hai="16,22,24,39,41,45,122,123" m="48235,13321" machi="39" ten="30,2900,0" yaku="18,1,54,1" doraHai="81" who="0" fromWho="1" sc="250,29,250,-29,250,0,250,0" /><INIT seed="0,1,0,3,0,1" ten="279,221,250,250" oya="0" hai0="0,38,128,10,32,35,90,131,93,92,33,4,13" hai1="54,67,48,71,133,83,112,107,132,9,78,105,70" hai2="88,75,80,89,46,16,100,72,134,36,55,73,20" hai3="69,34,103,44,2,56,61,113,21,62,129,45,118"/><T39/><D0/><U52/><E67/><V81/><F134/><N who="1" m="51817" /><E112/><V77/><F100/><W18/><G34/><T63/><D63/><U57/><E54/><V30/><F30/><W65/><G113/><T43/><D93/><U110/><E110/><V117/><F117/><W28/><G118/><T84/><REACH who="0" step="1"/><D43/><REACH who="0" ten="269,221,250,250" step="2"/><U126/><E126/><V74/><F81/><W14/><G2/><T97/><D97/><U95/><E95/><V12/><REACH who="2" step="1"/><F55/><REACH who="2" ten="269,221,240,250" step="2"/><W114/><G114/><T115/><D115/><U98/><E98/><V91/><F91/><W31/><G103/><T50/><D50/><U7/><E107/><V5/><F5/><W15/><G62/><T108/><D108/><U60/><E60/><V119/><F119/><W41/><G41/><AGARI ba="1,2" hai="12,16,20,36,41,46,72,73,74,75,77,80,88,89" machi="41" ten="40,8000,1" yaku="1,1,54,2,53,2" doraHai="1" doraHaiUra="87" who="2" fromWho="3" sc="269,0,221,0,240,103,250,-83" /><INIT seed="1,0,0,4,5,44" ten="269,221,343,167" oya="1" hai0="64,52,100,94,120,88,41,36,38,67,96,122,87" hai1="19,73,31,121,76,103,71,77,4,40,48,97,21" hai2="53,46,63,113,17,74,24,22,43,30,83,20,69" hai3="84,32,123,9,5,89,112,11,107,60,62,95,116"/><U0/><E121/><N who="0" m="46697" /><D41/><U79/><E71/><V106/><F106/><W49/><G32/><T81/><D52/><U27/><E73/><V133/><F133/><W105/><G116/><T128/><D128/><U37/><E37/><AGARI ba="0,0" hai="36,37,38,64,67,81,87,88,94,96,100" m="46697" machi="37" ten="30,2000,0" yaku="13,1,54,1" doraHai="44" who="0" fromWho="1" sc="269,20,221,-20,343,0,167,0" /><INIT seed="2,0,0,5,1,121" ten="289,201,343,167" oya="2" hai0="110,119,87,102,85,51,115,83,54,116,74,63,104" hai1="90,95,13,4,107,34,52,61,126,1,25,8,108" hai2="41,44,93,120,101,65,18,36,125,69,114,56,77" hai3="43,42,50,109,16,23,129,103,22,130,47,86,122"/><V84/><F120/><W17/><G122/><T37/><D37/><U91/><E107/><V6/><F114/><W70/><G70/><T26/><D115/><U79/><E126/><V82/><F125/><W40/><G103/><T98/><D74/><U118/><E118/><N who="0" m="45097" /><D63/><U62/><E1/><V46/><F46/><W64/><G64/><T112/><D112/><U128/><E128/><V134/><F134/><W59/><G59/><N who="0" m="33247" /><D110/><U105/><E108/><V15/><F69/><W21/><G86/><T28/><D83/><U11/><E62/><V49/><F65/><W24/><G109/><T117/><N who="0" m="45105" /><T10/><DORA hai="124" /><D10/><U88/><E11/><N who="2" m="4599" /><F36/><W123/><G123/><T33/><AGARI ba="0,0" hai="26,28,33,85,87,98,102,104" m="33247,45105" machi="33" ten="40,1500,0" yaku="12,1" doraHai="121,124" who="0" fromWho="0" sc="289,15,201,-4,343,-7,167,-4" /><INIT seed="3,0,0,1,2,2" ten="304,197,336,163" oya="3" hai0="114,56,94,19,45,87,10,126,0,101,74,49,79" hai1="97,47,9,132,39,72,36,75,129,54,69,66,124" hai2="5,84,29,28,33,131,52,86,117,3,105,62,64" hai3="60,41,76,46,71,108,104,112,78,40,70,37,113"/><W91/><G91/><T1/><D126/><U22/><E22/><V73/><F73/><W119/><G104/><T85/><D74/><U44/><E9/><V15/><F3/><W121/><G119/><T133/><D133/><U16/><E129/><V125/><F33/><W61/><G121/><T26/><D114/><U120/><E66/><V20/><F105/><W89/><G89/><T23/><D56/><U57/><E69/><V95/><F64/><W38/><G46/><T59/><D59/><U77/><E124/><V109/><F131/><W82/><G82/><T21/><D21/><U48/><E120/><V58/><F117/><W102/><G108/><T31/><D87/><N who="2" m="33322" /><F109/><W34/><G34/><T17/><D101/><AGARI ba="0,0" hai="37,38,40,41,60,61,70,71,76,78,101,102,112,113" machi="101" ten="25,2400,0" yaku="22,2" doraHai="2" who="3" fromWho="0" sc="304,-24,197,0,336,0,163,24" /><INIT seed="3,1,0,4,3,81" ten="280,197,336,187" oya="3" hai0="20,106,107,54,73,51,58,101,3,62,29,14,68" hai1="86,129,18,36,37,83,69,92,55,123,122,11,80" hai2="95,94,82,65,89,4,108,133,77,38,56,40,97" hai3="125,109,120,45,27,112,49,59,127,17,8,118,35"/><W34/><G59/><T7/><D73/><U6/><E69/><V66/><F108/><W99/><G112/><T87/><D3/><U12/><E129/><V104/><F104/><W50/><G118/><T88/><D101/><U119/><E119/><V79/><F79/><W53/><G120/><T91/><D91/><U16/><E37/><V25/><F95/><W130/><G130/><T84/><D84/><U128/><E36/><V75/><F133/><W9/><G109/><T124/><D124/><U42/><E42/><V63/><F4/><W126/><G99/><T116/><D116/><U74/><E74/><V64/><F25/><W15/><G50/><T52/><D68/><U115/><E115/><V21/><F21/><W30/><REACH who="3" step="1"/><G9/><REACH who="3" ten="280,197,336,177" step="2"/><T23/><D51/><U72/><E123/><V113/><F113/><W46/><G46/><T26/><D58/><U110/><E122/><V70/><F70/><W121/><G121/><T19/><D107/><U98/><E110/><V67/><F38/><W103/><G103/><T114/><D106/><U32/><E98/><V117/><F117/><W61/><G61/><T134/><D62/><U60/><E60/><V1/><F64/><W71/><G71/><T5/><D114/><U41/><E128/><V102/><F102/><W132/><G132/><T111/><D134/><U93/><E11/><V48/><F48/><W135/><G135/><T131/><D131/><U85/><E55/><N who="0" m="21033" /><D111/><U33/><E41/><V90/><F40/><W100/><G100/><T22/><D22/><AGARI ba="1,1" hai="8,15,17,22,27,30,34,35,45,49,53,125,126,127" machi="22" ten="40,3900,0" yaku="1,1,18,1,53,0" doraHai="81" doraHaiUra="78" who="3" fromWho="0" sc="280,-42,197,0,336,0,177,52" /><INIT seed="3,2,0,1,5,119" ten="238,197,336,229" oya="3" hai0="35,98,41,120,105,109,72,89,11,111,131,92,126" hai1="6,113,90,5,50,76,70,37,102,9,129,127,110" hai2="84,40,62,95,122,42,73,55,64,107,60,33,77" hai3="123,80,65,108,94,28,87,103,17,49,116,82,52"/><W29/><G65/><T36/><D35/><U51/><E113/><V96/><F33/><W1/><G1/><T59/><D72/><U25/><E37/><V69/><F107/><W125/><G116/><T104/><D131/><U68/><E76/><V48/><F73/><W112/><G112/><T130/><D130/><U115/><E102/><V19/><F122/><W78/><G123/><T18/><D126/><U118/><E115/><V0/><F0/><W3/><G3/><T23/><D11/><U67/><E9/><V99/><F99/><N who="3" m="59895" /><G125/><T121/><D59/><U27/><E67/><V24/><F64/><W4/><G4/><T97/><D105/><U20/><E118/><V53/><F69/><W93/><G108/><N who="0" m="41547" /><D98/><U83/><E110/><V79/><F96/><W66/><G66/><T135/><D104/><U100/><E100/><V56/><F95/><W106/><G106/><T63/><D63/><U16/><E129/><V7/><F7/><N who="1" m="2569" /><E70/><V44/><F62/><W21/><G93/><T2/><D2/><U45/><E68/><V128/><F128/><W10/><G10/><T61/><D61/><U134/><E134/><V14/><F84/><W47/><G82/><T31/><D135/><U75/><E75/><V85/><F85/><W43/><G87/><T101/><D101/><U74/><E74/><V32/><F79/><W81/><G78/><T54/><D121/><U132/><E132/><V26/><F77/><W71/><G71/><T12/><D120/><U88/><E127/><V15/><F32/><W38/><G81/><T13/><D36/><U117/><E83/><RYUUKYOKU ba="2,0" sc="238,0,197,0,336,0,229,0" /><INIT seed="4,3,0,3,1,33" ten="238,197,336,229" oya="0" hai0="2,22,43,24,53,81,26,28,65,6,25,106,69" hai1="42,40,115,119,51,67,120,46,30,117,49,71,56" hai2="130,94,89,101,57,95,100,127,83,4,44,111,19" hai3="59,47,70,121,103,68,7,39,61,27,32,13,80"/><T37/><D106/><U93/><E30/><V129/><F4/><W20/><G32/><T18/><D53/><N who="1" m="31807" /><E93/><N who="2" m="35339" /><F19/><W91/><G103/><N who="2" m="39497" /><F57/><W98/><G98/><T76/><D69/><U96/><E96/><V50/><F50/><W45/><G121/><T34/><D65/><U79/><E79/><V126/><F44/><W21/><G39/><T23/><D37/><U131/><E131/><N who="2" m="50187" /><F111/><W90/><G68/><T128/><D43/><N who="1" m="16427" /><E120/><V31/><F31/><W86/><G70/><T110/><D110/><U109/><E109/><V102/><F102/><W114/><G13/><T15/><D128/><U55/><E115/><V52/><F52/><N who="3" m="34023" /><G114/><T116/><D23/><U97/><E97/><V35/><F35/><W135/><G7/><T8/><REACH who="0" step="1"/><D116/><REACH who="0" ten="228,197,336,229" step="2"/><N who="1" m="44619" /><E71/><V92/><F83/><W112/><G21/><T12/><D12/><U9/><E9/><V0/><F0/><W10/><G10/><T105/><D105/><U87/><E67/><V73/><F73/><AGARI ba="3,1" hai="2,6,8,15,18,22,24,25,26,28,34,73,76,81" machi="73" ten="30,18000,2" yaku="1,1,7,1,24,2,52,1,53,1" doraHai="33" doraHaiUra="78" who="0" fromWho="2" sc="228,199,197,0,336,-189,229,0" /><INIT seed="4,4,0,1,1,29" ten="427,197,147,229" oya="0" hai0="135,33,84,19,22,131,9,106,10,1,108,96,2" hai1="16,27,73,119,124,66,67,100,105,53,60,130,64" hai2="101,20,68,114,103,74,48,86,89,61,57,133,44" hai3="40,85,71,25,116,13,65,117,109,36,14,121,5"/><T41/><D41/><U39/><E73/><V45/><F74/><W11/><G109/><T128/><D84/><U38/><E119/><V80/><F68/><W132/><G132/><T35/><D96/><U93/><E105/><V47/><F133/><W51/><G121/><T7/><D106/><U62/><E124/><V56/><F114/><W75/><G25/><N who="0" m="14559" /><D135/><U111/><E130/><N who="0" m="49705" /><D108/><U82/><E82/><V78/><F78/><W90/><G75/><T72/><D72/><U12/><E39/><V21/><F48/><W120/><G36/><T63/><D63/><U95/><E38/><V79/><F61/><N who="1" m="23657" /><E100/><V54/><F54/><W110/><G110/><T24/><D24/><U94/><E27/><V18/><F79/><W30/><G120/><T43/><D43/><U58/><E111/><V76/><F76/><W134/><G134/><T99/><D99/><U6/><E53/><V83/><F83/><W115/><G40/><T125/><D125/><U129/><E129/><V88/><F89/><W0/><G90/><T112/><D112/><U69/><E69/><V8/><F101/><W26/><G71/><T46/><D46/><U55/><E55/><V122/><F103/><W28/><G115/><T118/><D118/><U31/><E58/><N who="2" m="22635" /><F122/><W42/><G117/><T126/><D126/><U81/><E81/><V49/><F49/><W50/><G50/><T87/><D87/><U113/><E113/><V17/><F47/><W23/><G51/><T97/><D97/><U77/><E77/><V107/><F45/><W104/><G116/><T3/><D3/><U92/><E67/><RYUUKYOKU ba="4,0" sc="427,30,197,-10,147,-10,229,-10" hai0="1,2,7,9,10,33,35" /><INIT seed="4,5,0,3,4,45" ten="457,187,137,219" oya="0" hai0="88,92,128,105,125,58,74,85,103,39,8,120,127" hai1="111,34,95,5,60,62,24,46,27,10,15,57,6" hai2="132,135,14,112,53,86,68,35,124,75,116,55,65" hai3="80,23,3,119,32,22,38,50,110,126,100,70,122"/><T41/><D39/><U28/><E111/><V61/><F35/><W0/><G100/><T20/><D120/><U121/><E121/><V129/><F75/><W69/><G80/><T90/><D128/><U40/><E27/><V82/><F129/><W1/><G122/><T36/><D36/><U113/><E113/><V78/><F112/><W11/><G38/><T25/><D41/><U13/><E95/><V52/><F124/><W101/><G101/><T12/><D74/><U47/><E62/><V19/><REACH who="2" step="1"/><F116/><REACH who="2" ten="457,187,127,219" step="2"/><W91/><G126/><T96/><D127/><U130/><E130/><V21/><AGARI ba="5,1" hai="14,19,21,52,53,55,61,65,68,78,82,86,132,135" machi="21" ten="30,12000,2" yaku="1,1,2,1,0,1,54,1,53,3" doraHai="45" doraHaiUra="51" who="2" fromWho="2" sc="457,-65,187,-35,127,145,219,-35" /><INIT seed="5,0,0,4,5,6" ten="392,152,272,184" oya="1" hai0="127,63,16,54,100,92,62,81,21,76,96,46,101" hai1="23,19,7,5,132,75,61,114,28,72,84,86,2" hai2="130,106,120,108,36,51,48,99,116,103,8,133,112" hai3="128,113,57,117,42,49,60,64,31,56,134,58,119"/><U18/><E132/><V32/><RYUUKYOKU type="yao9" ba="0,0" sc="392,0,152,0,272,0,184,0" hai2="8,32,36,48,51,99,103,106,108,112,116,120,130,133" /><INIT seed="5,1,0,1,2,55" ten="392,152,272,184" oya="1" hai0="22,10,35,79,6,134,2,44,66,27,97,42,121" hai1="78,96,109,104,116,67,40,3,25,68,108,63,76" hai2="24,53,71,126,127,132,115,88,0,93,95,73,19" hai3="17,70,120,112,54,49,82,57,122,50,131,83,37"/><U77/><E116/><V59/><F71/><W45/><G70/><T89/><D134/><U58/><E3/><V34/><F73/><W130/><G17/><T111/><D111/><N who="1" m="42571" /><E40/><V81/><F95/><W23/><G23/><T16/><D44/><U133/><E133/><V62/><F81/><W61/><G112/><T90/><D6/><U52/><E25/><V60/><F60/><W129/><G83/><T98/><D27/><U123/><E123/><N who="3" m="47146" /><G82/><T8/><D42/><AGARI ba="1,0" hai="37,42,45,49,50,54,57,61,129,130,131" m="47146" machi="42" ten="40,8000,1" yaku="19,1,34,2,52,1" doraHai="55" who="3" fromWho="0" sc="392,-83,152,0,272,0,184,83" /><INIT seed="6,0,0,0,2,89" ten="309,152,272,267" oya="2" hai0="14,135,87,3,83,91,84,63,128,32,23,102,132" hai1="94,107,103,16,40,51,28,134,59,46,112,22,11" hai2="100,69,119,123,49,41,118,79,77,42,27,62,117" hai3="85,80,72,55,19,52,13,48,4,9,30,90,5"/><V76/><F123/><W68/><G68/><T131/><D32/><U116/><E116/><V75/><F75/><W12/><G30/><T126/><D3/><U29/><E107/><V101/><F27/><W44/><G72/><T33/><D33/><U58/><E112/><V111/><F49/><W113/><G113/><T96/><D63/><U61/><E134/><N who="0" m="51241" /><D126/><U15/><E59/><V125/><F125/><W17/><G55/><T2/><D2/><U0/><E0/><V38/><F38/><W81/><G81/><N who="0" m="49551" /><D23/><AGARI ba="0,0" hai="4,5,9,12,13,17,19,23,44,48,52,80,85,90" machi="23" ten="30,8000,1" yaku="7,1,25,2,8,1,54,1" doraHai="89" who="3" fromWho="0" sc="309,-80,152,0,272,0,267,80" /><INIT seed="7,0,0,5,1,39" ten="229,152,272,347" oya="3" hai0="16,2,43,76,77,112,25,20,12,55,50,69,60" hai1="82,110,131,118,14,45,65,95,62,104,108,7,78" hai2="125,135,89,28,116,38,41,36,90,102,133,79,85" hai3="19,86,3,120,97,114,106,128,10,127,100,4,59"/><W8/><G86/><T21/><D2/><U32/><E104/><V40/><F116/><W72/><G59/><T64/><D112/><U0/><E32/><V115/><F115/><W107/><G72/><T9/><D21/><U87/><E131/><V61/><F102/><W83/><G83/><T99/><D99/><U23/><E118/><V113/><F113/><W98/><G98/><T48/><D43/><N who="2" m="16458" /><F61/><W5/><G19/><T134/><D134/><N who="2" m="51210" /><F28/><W121/><G128/><T80/><D55/><U68/><E0/><V88/><F125/><W11/><G127/><T33/><D33/><U15/><E45/><V74/><F74/><W51/><G51/><T42/><D42/><U54/><E54/><V22/><F22/><W1/><G114/><T124/><D124/><U34/><E34/><V111/><F111/><W53/><G53/><T46/><D46/><U13/><E7/><V71/><F71/><W94/><G11/><T117/><D117/><U63/><E63/><V6/><F6/><W96/><G96/><T92/><D48/><U57/><E68/><V52/><F52/><W129/><G129/><T75/><D50/><U103/><E103/><V70/><F70/><W18/><G100/><T91/><D75/><U105/><E105/><V58/><F58/><W37/><G107/><T101/><D101/><U30/><E110/><V123/><F123/><W132/><G106/><T130/><D130/><U31/><E108/><V119/><F119/><W26/><G121/><T56/><D69/><U66/><E66/><V27/><F27/><W126/><G120/><T49/><D64/><RYUUKYOKU ba="0,0" sc="229,-10,152,-10,272,30,347,-10" hai2="36,38,79,85,88,89,90" owari="219,-18.1,142,-35.8,302,10.2,337,43.7" /></mjloggm>