<mjloggm ver="2.3"><GO type="137" lobby="0"/><UN n0="%E9%99%BD%E8%8A%B9" n1="%E2%93%9D%4C%75%63%6B%79%4A" n2="%72%69%6D%6F%67%69%6E%6F" n3="%E3%81%86%E3%81%AA%E3%82%8A%E3%81%8F%E3%82%93" dan="12,12,10,12" rate="1672.29,1894.52,1578.68,1660.28" sx="M,M,M,M"/><TAIKYOKU oya="0"/><INIT seed="0,0,0,0,2,103" ten="250,250,250,250" oya="0" hai0="26,80,38,116,85,87,115,18,51,130,109,117,36" hai1="55,110,81,56,113,62,54,47,95,49,12,127,48" hai2="64,97,67,11,111,108,34,35,63,29,78,23,72" hai3="39,27,93,96,19,25,52,75,69,104,2,82,119"/><T68/><D68/><U41/><E113/><V84/><F72/><W133/><G39/><T99/><D115/><U83/><E127/><V33/><F67/><W45/><G2/><T77/><D130/><U98/><E110/><N who="2" m="42027" /><F97/><W65/><G119/><T59/><D87/><U94/><E12/><V92/><F11/><W61/><G133/><T58/><D109/><U89/><REACH who="1" step="1"/><E95/><REACH who="1" ten="250,240,250,250" step="2"/><V134/><F92/><W13/><G93/><T90/><D116/><U46/><AGARI ba="0,1" hai="41,46,47,48,49,54,55,56,62,81,83,89,94,98" machi="46" ten="20,8000,1" yaku="1,1,2,1,0,1,7,1,8,1,53,0" doraHai="103" doraHaiUra="101" who="1" fromWho="1" sc="250,-40,240,90,250,-20,250,-20" /><INIT seed="1,0,0,0,0,91" ten="210,330,230,230" oya="1" hai0="85,41,118,127,120,128,90,14,68,106,6,134,29" hai1="62,12,46,126,98,9,135,26,72,123,66,113,24" hai2="18,82,55,94,54,93,44,88,101,124,20,76,10" hai3="100,31,97,50,34,37,129,74,47,132,89,70,115"/><U107/><E123/><V99/><F124/><W130/><G115/><T131/><D29/><U96/><E113/><V7/><F7/><W15/><G132/><T114/><D41/><U125/><E72/><V69/><F69/><W22/><G74/><T84/><D14/><U60/><E46/><V133/><F133/><W108/><G37/><T104/><D6/><U73/><E73/><V33/><F33/><W77/><G77/><T109/><D90/><U35/><E135/><V42/><F10/><W121/><G121/><T4/><D84/><U110/><E110/><V83/><F76/><W79/><G79/><T49/><D85/><U13/><E66/><V39/><F82/><W81/><G70/><T0/><D49/><U92/><E107/><V52/><F83/><W75/><G34/><T117/><D4/><U71/><E71/><V43/><F43/><W122/><G75/><T87/><D87/><U27/><E35/><V2/><F2/><W65/><G65/><T16/><D16/><U67/><E67/><V40/><F40/><W105/><G122/><T57/><D57/><U51/><E51/><V95/><REACH who="2" step="1"/><F101/><REACH who="2" ten="210,330,220,230" step="2"/><W116/><G108/><T78/><D78/><U86/><E126/><V48/><F48/><W103/><G103/><T38/><D118/><U56/><E125/><V58/><F58/><W36/><G116/><T45/><D45/><U59/><E59/><V3/><F3/><W112/><G112/><T25/><D131/><U32/><E56/><V61/><F61/><W21/><G130/><T102/><D102/><U23/><E62/><V11/><F11/><RYUUKYOKU ba="0,1" sc="210,-10,330,-10,220,30,230,-10" hai2="18,20,39,42,44,52,54,55,88,93,94,95,99" /><INIT seed="2,1,1,1,2,40" ten="200,320,250,220" oya="2" hai0="87,103,14,28,91,75,44,134,115,38,2,23,49" hai1="32,105,36,120,3,52,132,77,45,96,102,16,123" hai2="113,70,67,20,58,6,19,92,111,33,112,86,107" hai3="74,121,34,80,109,56,118,61,98,65,10,48,78"/><V125/><F107/><W101/><G121/><N who="1" m="46666" /><E3/><V50/><F70/><W27/><G118/><T37/><D75/><U0/><E0/><V41/><F33/><W130/><G130/><T83/><D2/><U84/><E32/><V114/><F6/><W9/><G109/><T25/><D103/><U106/><E132/><V126/><F41/><W22/><G34/><T57/><D115/><U18/><E106/><V131/><F131/><W116/><G48/><T82/><D57/><U8/><E8/><V13/><F111/><W90/><G90/><T79/><D79/><U21/><E21/><V4/><F67/><W62/><G62/><T89/><D134/><U35/><E35/><V66/><F66/><W5/><G5/><T99/><D99/><U108/><E108/><V129/><F4/><W93/><REACH who="3" step="1"/><G116/><REACH who="3" ten="200,320,250,210" step="2"/><T29/><D38/><U1/><E36/><V135/><F129/><W117/><G117/><T76/><D37/><U59/><E1/><V85/><F135/><W68/><G68/><T73/><D89/><U60/><E45/><V94/><F114/><W69/><G69/><T127/><D127/><U24/><E24/><V81/><F113/><W43/><G43/><T46/><D49/><U53/><E53/><N who="2" m="32055" /><F112/><W26/><G26/><T133/><D133/><U64/><E64/><V42/><F42/><W97/><G97/><T47/><REACH who="0" step="1"/><D25/><REACH who="0" ten="190,320,250,210" step="2"/><U119/><E119/><V7/><F126/><W15/><G15/><T51/><D51/><U55/><E55/><V100/><F125/><W54/><G54/><T72/><D72/><U31/><E52/><V95/><F13/><RYUUKYOKU ba="1,3" sc="190,15,320,-15,250,-15,210,15" hai0="14,23,28,29,44,46,47,73,76,82,83,87,91" hai3="9,10,22,27,56,61,65,74,78,80,93,98,101" /><INIT seed="3,2,3,2,2,11" ten="205,305,235,225" oya="3" hai0="43,104,76,127,75,41,72,55,7,59,28,5,18" hai1="17,57,24,129,106,13,71,119,91,89,96,49,8" hai2="27,61,122,16,26,118,128,19,135,10,111,77,123" hai3="84,39,38,9,82,90,80,120,107,31,51,65,85"/><W62/><G120/><N who="2" m="46121" /><F118/><W60/><G107/><T112/><D104/><U40/><E71/><V78/><F111/><W81/><G31/><T70/><D70/><U0/><E0/><V15/><F61/><W46/><G82/><T93/><D28/><U44/><E129/><V36/><F36/><W12/><G60/><T98/><D112/><U25/><E119/><V35/><F135/><W86/><G86/><T66/><D66/><U113/><E113/><V23/><F128/><W63/><G63/><T114/><D114/><U132/><E132/><V125/><F125/><W83/><G83/><T105/><D105/><U32/><E32/><V101/><F101/><W97/><G97/><T94/><D76/><U22/><E57/><V116/><F116/><W95/><G95/><T67/><D67/><U52/><E25/><V130/><F130/><W6/><G62/><T58/><D55/><U48/><E96/><V68/><F68/><W56/><G56/><T2/><D18/><N who="1" m="12375" /><E106/><V45/><F45/><W131/><G65/><T87/><D98/><U117/><E117/><V115/><F115/><W29/><G29/><AGARI ba="2,3" hai="10,15,16,19,23,26,27,29,35,77,78" m="46121" machi="29" ten="30,3900,0" yaku="13,1,52,1,54,1" doraHai="11" who="2" fromWho="3" sc="205,0,305,0,235,75,225,-45" /><INIT seed="4,0,0,5,4,54" ten="205,305,310,180" oya="0" hai0="118,91,73,102,74,129,47,30,2,128,57,84,109" hai1="110,13,133,9,22,34,76,106,6,100,70,122,40" hai2="24,132,32,20,4,63,71,126,120,104,124,108,114" hai3="86,16,62,123,68,93,83,33,88,94,59,58,25"/><T29/><D118/><U46/><E122/><V107/><F108/><W23/><G33/><T10/><D102/><U15/><E70/><V28/><F120/><W51/><G123/><T64/><D47/><U43/><E34/><V60/><F132/><W115/><G115/><T19/><D2/><U50/><E110/><V52/><F4/><W81/><G68/><T112/><D19/><U38/><E133/><V1/><F1/><W101/><G101/><T99/><D10/><U5/><E76/><V77/><F77/><W95/><G51/><T111/><D99/><U130/><E130/><N who="0" m="50281" /><D112/><U92/><E38/><V14/><F32/><W31/><G31/><N who="0" m="11787" /><D84/><U127/><E6/><V98/><F98/><W21/><G62/><N who="0" m="37967" /><D91/><U87/><E5/><V41/><F114/><W89/><G21/><T61/><D61/><U67/><E22/><V44/><F20/><W11/><G11/><T131/><N who="0" m="50289" /><T27/><DORA hai="45" /><D27/><U125/><E9/><V80/><F24/><W17/><G17/><T26/><D26/><U12/><E15/><V3/><F63/><W96/><G96/><T116/><D116/><U113/><E13/><V85/><F14/><W49/><G49/><T66/><D66/><U48/><E67/><V7/><F60/><W37/><G37/><T134/><D134/><U36/><E113/><V90/><F3/><W135/><G135/><T65/><D65/><U69/><E12/><V0/><F0/><W79/><G79/><T78/><D78/><U105/><E36/><V97/><F97/><W72/><G72/><AGARI ba="0,0" hai="72,73,74,109,111" m="37967,11787,50289" machi="72" ten="50,4800,0" yaku="19,1,52,1" doraHai="54,45" who="0" fromWho="3" sc="205,48,305,0,310,0,180,-48" /><INIT seed="4,1,0,0,4,91" ten="253,305,310,132" oya="0" hai0="131,76,3,24,6,29,68,13,43,21,129,1,107" hai1="99,34,25,16,102,8,7,92,65,79,54,22,84" hai2="134,74,53,130,109,103,52,5,95,124,98,50,2" hai3="20,56,19,58,80,27,67,106,73,18,17,64,85"/><T42/><D107/><U87/><E34/><V116/><F109/><W10/><G106/><T31/><D68/><U51/><E65/><V63/><F124/><W57/><G73/><T11/><D76/><U37/><E37/><V110/><F110/><W81/><G10/><T38/><D38/><U14/><REACH who="1" step="1"/><E79/><REACH who="1" ten="253,295,310,132" step="2"/><V69/><F116/><W78/><G67/><T94/><D129/><U119/><E119/><V123/><F130/><W75/><G64/><T115/><D131/><U121/><E121/><V111/><F123/><W4/><G4/><T45/><D115/><U133/><E133/><V97/><F134/><W128/><G128/><T40/><D3/><U36/><E36/><V26/><F2/><W100/><G75/><T9/><D29/><U122/><E122/><V112/><F5/><W77/><G77/><T71/><D71/><U86/><E86/><V23/><F74/><W127/><G127/><T35/><D35/><U0/><E0/><V83/><F111/><W15/><G78/><T41/><N who="0" m="10240" /><DORA hai="33" /><T118/><D118/><U117/><E117/><V82/><F69/><W28/><G85/><T113/><D113/><U30/><E30/><V132/><F132/><W93/><G15/><T44/><REACH who="0" step="1"/><D94/><REACH who="0" ten="243,295,310,132" step="2"/><U104/><E104/><V62/><F95/><W108/><G108/><T89/><D89/><U55/><E55/><V114/><F53/><W72/><G72/><T12/><D12/><U135/><E135/><V49/><F114/><W48/><G48/><T105/><D105/><U88/><E88/><V126/><F112/><W101/><G93/><T61/><D61/><RYUUKYOKU ba="1,2" sc="243,10,295,10,310,-30,132,10" hai0="1,6,9,11,13,21,24,31,44,45" hai1="7,8,14,16,22,25,51,54,84,87,92,99,102" hai3="17,18,19,20,27,28,56,57,58,80,81,100,101" /><INIT seed="4,2,2,5,2,65" ten="253,305,280,142" oya="0" hai0="101,32,78,75,26,69,99,120,48,20,52,15,117" hai1="44,27,107,86,58,114,39,102,100,12,6,72,92" hai2="2,28,66,40,1,18,35,135,98,36,80,70,128" hai3="89,79,126,42,77,96,34,24,0,113,106,7,13"/><T67/><D117/><U134/><E72/><V82/><F18/><W76/><G0/><T109/><D120/><U125/><E107/><V124/><F82/><W84/><G34/><T38/><D38/><U68/><E68/><V95/><F95/><W53/><G24/><T62/><D109/><U43/><E134/><V8/><F80/><W116/><G42/><T118/><D15/><U130/><E130/><V91/><F91/><W81/><G116/><T16/><D78/><U94/><E125/><V17/><F17/><W56/><G126/><T64/><D64/><U5/><E114/><V57/><F57/><W133/><G133/><T93/><D118/><U31/><E58/><V121/><F98/><W46/><G46/><T41/><D41/><U74/><E74/><V129/><F121/><W49/><G113/><T85/><D85/><U108/><E108/><V22/><F22/><W61/><G61/><T73/><D32/><U23/><E94/><V122/><F122/><W112/><G112/><T83/><D83/><U71/><E71/><V104/><F70/><W132/><G132/><T131/><D131/><U111/><E111/><V60/><F135/><W11/><G106/><T59/><AGARI ba="2,2" hai="16,20,26,48,52,59,62,67,69,73,75,93,99,101" machi="59" ten="20,12000,1" yaku="0,1,7,1,52,1,54,2" doraHai="65" who="0" fromWho="0" sc="253,146,305,-42,280,-42,142,-42" /><INIT seed="4,3,0,4,5,88" ten="399,263,238,100" oya="0" hai0="121,75,124,37,29,48,126,53,91,77,79,35,23" hai1="22,46,76,57,50,119,133,40,51,83,132,13,71" hai2="69,108,14,116,104,20,103,61,115,86,123,7,122" hai3="94,32,85,45,58,105,84,80,63,99,12,109,100"/><T89/><D37/><U135/><E119/><V25/><F108/><W34/><G109/><T92/><D91/><U127/><E71/><V33/><F86/><W18/><G85/><T16/><D75/><U47/><E127/><N who="0" m="48681" /><D29/><U8/><E57/><V24/><F24/><W125/><G125/><T73/><D73/><U11/><E22/><V55/><F25/><W6/><G6/><T1/><D1/><U129/><E129/><V64/><F7/><W131/><G45/><N who="0" m="27791" /><D35/><U36/><E36/><V87/><F33/><W96/><G96/><N who="0" m="57359" /><D121/><U49/><E40/><V90/><F90/><W42/><G42/><T111/><D111/><U10/><E13/><AGARI ba="3,0" hai="13,16,23,77,79" m="57359,27791,48681" machi="13" ten="30,5800,0" yaku="18,1,52,1,54,1" doraHai="88" who="0" fromWho="1" sc="399,67,263,-67,238,0,100,0" /><INIT seed="4,4,0,5,4,134" ten="466,196,238,100" oya="0" hai0="113,14,93,84,6,68,67,112,66,56,42,29,27" hai1="33,22,15,118,71,57,74,107,76,132,51,90,28" hai2="111,17,1,11,37,44,89,114,41,70,12,125,75" hai3="64,83,24,23,126,13,131,73,80,38,60,48,50"/><T35/><D42/><U82/><E71/><V4/><F111/><W104/><G104/><T7/><D67/><U2/><E2/><V110/><F110/><W39/><G131/><T47/><D47/><U124/><E33/><V49/><F70/><W121/><G121/><T123/><D68/><U62/><E107/><V122/><F122/><W19/><G73/><T8/><D123/><U103/><E103/><V116/><F116/><W98/><G98/><T100/><D7/><U10/><E132/><V86/><F114/><N who="0" m="44138" /><D66/><U30/><E51/><V78/><F49/><W85/><G38/><T52/><D84/><U69/><E69/><V128/><F128/><W117/><G39/><T99/><D56/><U16/><E118/><V26/><F26/><W45/><G48/><T101/><D52/><U120/><E120/><V63/><F63/><W133/><G133/><T135/><D135/><U3/><E57/><V72/><F78/><W115/><G115/><T20/><D101/><U109/><E62/><V79/><F44/><W32/><G60/><T97/><D97/><U21/><E109/><V87/><F87/><W5/><G64/><T65/><D65/><U77/><E77/><V127/><F41/><W53/><G5/><T130/><D130/><U36/><E36/><V108/><F37/><W9/><G117/><T95/><D95/><U91/><E76/><V119/><F79/><W55/><G55/><T40/><D40/><U25/><E82/><N who="2" m="49367" /><F108/><W92/><G83/><T43/><D43/><U31/><E74/><N who="2" m="28203" /><F119/><W54/><G53/><T88/><D35/><U129/><E129/><RYUUKYOKU ba="4,0" sc="466,15,196,-15,238,15,100,-15" hai0="6,8,14,20,27,29,88,93,99,100" hai2="1,4,11,12,17,125,127" /><INIT seed="4,5,0,2,3,127" ten="481,181,253,85" oya="0" hai0="60,124,52,96,56,75,100,99,111,131,35,50,22" hai1="78,8,95,11,31,69,15,118,83,72,44,5,28" hai2="128,71,61,40,106,85,84,88,68,14,130,74,116" hai3="81,102,20,32,112,98,66,123,30,77,36,117,4"/><T49/><D75/><U134/><E118/><V6/><F74/><W57/><G117/><T29/><D124/><U10/><E69/><V64/><F106/><W80/><G112/><T54/><D35/><U108/><E108/><V55/><F71/><W87/><G123/><T34/><D111/><U47/><E134/><V13/><F116/><W25/><G81/><T73/><D73/><U94/><E15/><V23/><F40/><W58/><G36/><T89/><D34/><U135/><E5/><V113/><F113/><W115/><G115/><T107/><D131/><N who="2" m="50218" /><F6/><W82/><G82/><T122/><D122/><U65/><E65/><V33/><F33/><W93/><G4/><T90/><D99/><U48/><E135/><V91/><F23/><W0/><G0/><T120/><D60/><U70/><E70/><V79/><F79/><W114/><G114/><T19/><D29/><U104/><E31/><V110/><F110/><W1/><G1/><T59/><D120/><U53/><E28/><V24/><F24/><AGARI ba="5,0" hai="19,22,24,49,50,52,54,56,59,89,90,96,100,107" machi="24" ten="30,5800,0" yaku="7,1,9,1,54,1" doraHai="127" who="0" fromWho="2" sc="481,73,181,0,253,-73,85,0" /><INIT seed="4,6,0,5,0,128" ten="554,181,180,85" oya="0" hai0="52,123,121,127,47,6,85,13,33,11,88,55,119" hai1="19,118,120,16,25,21,130,83,32,27,37,50,38" hai2="43,115,69,64,103,39,4,77,92,106,102,98,40" hai3="105,5,2,31,109,111,74,97,14,10,129,53,54"/><T60/><D119/><U49/><E118/><V93/><F4/><W68/><G129/><T95/><D33/><U12/><E130/><V100/><F115/><W28/><G74/><T18/><D127/><U91/><E120/><V66/><F77/><W67/><G28/><T110/><D110/><U126/><E126/><V26/><F106/><W112/><G112/><T17/><D121/><U81/><E91/><V99/><F103/><W82/><G82/><T78/><D78/><U131/><E131/><V96/><F96/><W46/><G54/><T9/><D123/><U24/><E32/><V35/><F35/><W23/><G14/><T34/><D34/><U62/><E62/><V71/><REACH who="2" step="1"/><F26/><REACH who="2" ten="554,181,170,85" step="2"/><W1/><G111/><T79/><D79/><U56/><E27/><V42/><F42/><W75/><G109/><T76/><D76/><U41/><E41/><V44/><F44/><W30/><G105/><T20/><D47/><U58/><E12/><V57/><F57/><W124/><G97/><T0/><D60/><U8/><E21/><V117/><F117/><W125/><G23/><T87/><D85/><U108/><E108/><V45/><F45/><W134/><G46/><T63/><D63/><U113/><E113/><V135/><F135/><W86/><G134/><T80/><D95/><U48/><E50/><V22/><F22/><W89/><G125/><T133/><D133/><U70/><E8/><V65/><F65/><W114/><G67/><T61/><D61/><U29/><E29/><V3/><F3/><W59/><G1/><T116/><D116/><U107/><E107/><RYUUKYOKU ba="6,1" sc="554,10,181,10,170,10,85,-30" hai0="0,6,9,11,13,17,18,20,52,55,80,87,88" hai1="16,19,24,25,37,38,48,49,56,58,70,81,83" hai2="39,40,43,64,66,69,71,92,93,98,99,100,102" /><INIT seed="4,7,1,5,3,102" ten="564,191,180,55" oya="0" hai0="61,114,10,4,69,127,21,16,47,79,26,76,30" hai1="25,84,109,34,62,73,20,60,32,112,105,40,134" hai2="126,13,75,51,52,23,120,131,107,87,130,41,99" hai3="17,85,8,63,0,106,95,39,90,108,86,43,132"/><T37/><D114/><U5/><E73/><V66/><F75/><W15/><G108/><T96/><D127/><U3/><E40/><V89/><F41/><W115/><G115/><T55/><D37/><U116/><E105/><V1/><F1/><W28/><G132/><T35/><D96/><U97/><E97/><V38/><F38/><W91/><G0/><T78/><D47/><U64/><E62/><V72/><F72/><W101/><G43/><T125/><D125/><U92/><E116/><V33/><F66/><W68/><G39/><T113/><D113/><U7/><E109/><V31/><F33/><W48/><G48/><T110/><D110/><U71/><E134/><V111/><F31/><W135/><G135/><T74/><D55/><U53/><E53/><V27/><F111/><W50/><G50/><T81/><D61/><U77/><E3/><V59/><F27/><W80/><G63/><T44/><D44/><U57/><E71/><V49/><F49/><W83/><G28/><T54/><D54/><U122/><E122/><V24/><F24/><W119/><G68/><T82/><D69/><U98/><E34/><V56/><F120/><W46/><G46/><T103/><D103/><N who="1" m="60871" /><E32/><V42/><F126/><W128/><G119/><T118/><D118/><U14/><E14/><V133/><F13/><W93/><REACH who="3" step="1"/><G128/><REACH who="3" ten="564,191,180,45" step="2"/><T129/><D129/><U19/><E112/><V22/><F130/><W12/><G12/><N who="0" m="9351" /><D74/><U70/><E70/><V94/><F131/><W67/><G67/><T9/><D9/><U45/><E45/><N who="2" m="26039" /><F133/><W117/><G117/><T123/><D123/><RYUUKYOKU ba="7,2" sc="564,10,191,10,180,-30,45,10" hai0="4,10,26,30,35,76,78,79,81,82" hai1="5,7,19,20,25,57,60,64,77,84" hai3="8,15,17,80,83,85,86,90,91,93,95,101,106" /><INIT seed="4,8,2,0,3,85" ten="574,201,150,55" oya="0" hai0="114,109,115,69,0,90,105,55,63,6,78,131,54" hai1="75,45,26,118,116,39,70,19,77,56,59,73,66" hai2="30,33,72,34,83,24,125,101,68,129,64,9,20" hai3="110,86,93,127,95,15,38,108,71,134,14,23,50"/><T92/><D105/><U37/><E77/><V80/><F101/><W106/><G71/><T100/><D78/><U48/><E19/><V41/><F41/><W74/><G38/><N who="1" m="14346" /><E26/><V133/><F9/><W128/><G74/><T102/><D131/><U7/><E7/><V10/><F129/><W53/><G128/><T126/><D6/><U113/><E75/><V124/><F10/><W84/><G106/><T96/><D0/><U76/><E76/><N who="2" m="44039" /><F83/><W117/><G117/><N who="1" m="45162" /><E113/><N who="0" m="43017" /><D126/><N who="2" m="48746" /><F133/><W42/><G134/><T91/><D109/><U2/><E2/><V82/><F82/><W89/><G127/><T17/><D17/><U130/><E73/><V79/><F79/><W52/><G42/><T119/><D119/><U135/><E135/><V22/><F34/><W132/><G132/><T43/><D43/><N who="1" m="24639" /><E130/><V36/><F36/><W112/><G112/><T94/><D102/><U49/><E49/><V107/><F107/><W31/><G50/><T32/><D32/><U21/><E21/><V25/><F25/><W104/><G104/><T11/><D11/><U62/><AGARI ba="8,2" hai="56,59,62,66,70" m="24639,45162,14346" machi="62" ten="40,2700,0" yaku="34,2" doraHai="85" who="1" fromWho="1" sc="574,-21,201,71,150,-15,55,-15" /><INIT seed="5,0,0,1,1,133" ten="553,272,135,40" oya="1" hai0="21,50,52,94,62,131,127,125,116,80,83,3,91" hai1="39,29,105,28,79,5,31,13,130,96,120,95,42" hai2="22,118,97,60,112,84,37,41,32,1,102,132,44" hai3="123,65,122,54,115,40,47,61,48,58,66,124,20"/><U99/><E120/><V121/><F118/><W129/><G20/><T30/><D3/><U104/><E130/><V36/><F32/><W15/><G15/><T0/><D0/><U110/><E110/><V57/><F1/><W68/><G129/><T11/><D11/><U92/><E42/><V53/><F121/><W19/><G19/><T14/><D62/><U111/><E39/><V113/><F132/><W90/><G90/><T76/><D116/><U24/><E79/><V117/><F117/><W134/><G134/><T67/><D67/><U49/><E49/><V10/><F84/><W101/><G101/><T128/><D83/><U17/><E111/><V43/><F43/><W106/><G106/><T51/><D50/><U126/><E5/><V35/><F35/><W38/><G66/><T2/><D2/><U98/><E24/><V103/><F10/><W108/><G108/><T9/><D21/><U8/><REACH who="1" step="1"/><E126/><REACH who="1" ten="553,262,135,40" step="2"/><N who="0" m="48137" /><D30/><U25/><E25/><V72/><F36/><W59/><G124/><T55/><D51/><U87/><E87/><V27/><F37/><W85/><G85/><N who="0" m="52591" /><D131/><U12/><E12/><V78/><F78/><W45/><G123/><T64/><D128/><U56/><E56/><N who="3" m="21546" /><G122/><T135/><D135/><U82/><E82/><V7/><F57/><N who="3" m="32967" /><G115/><T63/><D76/><U88/><E88/><V6/><F113/><W69/><G69/><N who="0" m="42143" /><D80/><U71/><E71/><V74/><F112/><W81/><G81/><T86/><D86/><U70/><E70/><V18/><F72/><W33/><G33/><T109/><D109/><U114/><E114/><V46/><F74/><RYUUKYOKU ba="0,1" sc="553,10,262,10,135,-30,40,10" hai0="9,14,52,55" hai1="8,13,17,28,29,31,92,95,96,98,99,104,105" hai3="38,40,45,47,61,65,68" /><INIT seed="5,1,1,5,4,14" ten="563,272,105,50" oya="1" hai0="28,105,9,69,102,50,67,89,54,101,35,49,81" hai1="4,84,108,61,62,47,24,0,124,23,135,58,119" hai2="114,99,126,77,51,79,73,90,43,40,75,74,129" hai3="18,30,109,107,125,13,123,6,88,127,92,44,98"/><U95/><E119/><V46/><F126/><N who="3" m="48139" /><G109/><T1/><D81/><U15/><E124/><V17/><F129/><W118/><G123/><T19/><D89/><U82/><E0/><V70/><F70/><W66/><G6/><T42/><D42/><U56/><E135/><V100/><F114/><W83/><G30/><T68/><D54/><U16/><E47/><V134/><F40/><W53/><G66/><T97/><D1/><U111/><E95/><V113/><F113/><W128/><G128/><T121/><D121/><U57/><E111/><V26/><F134/><W106/><G118/><T59/><D102/><U20/><E108/><V63/><F63/><W96/><G83/><T78/><D78/><N who="1" m="46167" /><E4/><V130/><F130/><W21/><G98/><T34/><D59/><U37/><E37/><V41/><F41/><W8/><G8/><T116/><D116/><U52/><E62/><V112/><F112/><W71/><G71/><T132/><D132/><U29/><AGARI ba="1,1" hai="15,16,20,23,24,29,52,56,57,58,61" m="46167" machi="29" ten="30,11700,0" yaku="8,1,52,1,54,2" doraHai="14" who="1" fromWho="1" sc="563,-40,272,130,105,-40,50,-40" /><INIT seed="5,2,0,3,4,10" ten="523,402,65,10" oya="1" hai0="114,58,122,101,68,79,76,96,117,74,104,46,38" hai1="60,113,78,8,11,88,51,128,83,121,100,135,28" hai2="98,27,127,93,16,63,66,92,50,80,32,105,6" hai3="97,82,0,87,31,124,85,132,77,57,115,126,102"/><U34/><E121/><V47/><F6/><W81/><G0/><T4/><D68/><U52/><E100/><V53/><F127/><W119/><G31/><T41/><D117/><U84/><E128/><V22/><F32/><W48/><G48/><T116/><D58/><U5/><E113/><V73/><F73/><W94/><G57/><T71/><D116/><U112/><E135/><V125/><F125/><N who="3" m="48235" /><G119/><T133/><D71/><U1/><E112/><V33/><F33/><W129/><G115/><T7/><D133/><U120/><E120/><V18/><F80/><W29/><G29/><T65/><D65/><U59/><E11/><V2/><F2/><W49/><G49/><T89/><D89/><U43/><E28/><V9/><F98/><W37/><G37/><T70/><D70/><U21/><E21/><V39/><F105/><W103/><G132/><T55/><D55/><U23/><E23/><V109/><F39/><W24/><G24/><T64/><D64/><U69/><E34/><V123/><F9/><W118/><G118/><T15/><D7/><U99/><E69/><V36/><F36/><W19/><G19/><T75/><D122/><U61/><E43/><V3/><F18/><W20/><G20/><T42/><D41/><U130/><E130/><V72/><F3/><W35/><G35/><T14/><D42/><U131/><E131/><V12/><F123/><W111/><G129/><T26/><D114/><U45/><E59/><V86/><F22/><W95/><G111/><T134/><D101/><N who="3" m="38409" /><G97/><T107/><D134/><U30/><E30/><V67/><F109/><RYUUKYOKU ba="2,0" sc="523,-15,402,15,65,-15,10,15" hai1="1,5,8,45,51,52,60,61,78,83,84,88,99" hai3="77,81,82,85,87,94,95" /><INIT seed="5,3,0,4,0,20" ten="508,417,50,25" oya="1" hai0="114,125,89,43,27,99,53,58,79,48,18,37,32" hai1="47,115,133,16,64,3,24,118,80,104,75,51,134" hai2="107,124,111,7,15,92,84,116,96,103,90,130,34" hai3="17,108,83,98,59,113,63,14,36,9,54,71,52"/><U23/><E118/><V112/><F116/><W127/><G108/><T30/><D79/><N who="1" m="44159" /><E3/><V129/><F111/><W95/><G36/><T40/><D125/><U123/><E64/><V132/><F34/><W65/><G127/><T55/><D114/><U106/><E123/><V66/><F66/><W0/><G0/><T50/><D37/><U6/><E6/><V131/><F124/><W28/><G113/><T33/><D33/><U38/><E38/><V94/><F7/><W117/><G117/><T122/><D122/><U76/><E76/><V25/><F15/><W81/><G71/><T22/><D99/><U109/><E109/><V101/><F112/><W77/><G83/><T35/><D89/><U126/><E126/><V49/><F49/><W97/><G97/><T56/><D35/><U70/><E70/><V91/><F25/><AGARI ba="3,0" hai="18,22,25,27,30,32,40,43,48,50,53,55,56,58" machi="25" ten="30,7700,0" yaku="7,1,9,1,52,2" doraHai="20" who="0" fromWho="2" sc="508,86,417,0,50,-86,25,0" owari="594,69.4,417,21.7,-36,-53.6,25,-37.5" /></mjloggm>