<mjloggm ver="2.3"><GO type="41" lobby="0"/><UN n0="%E2%93%9D%4C%75%63%6B%79%4A" n1="%E6%AD%A3%E6%96%B9%E5%BD%A2%E6%A3%92%E5%AD%90" n2="%4D%46%49" n3="%E2%98%85%E7%AB%9C%E8%99%8E%E2%98%85" dan="17,14,13,14" rate="2143.02,1951.06,1842.22,1905.77" sx="M,M,M,M"/><TAIKYOKU oya="0"/><INIT seed="0,0,0,4,1,18" ten="250,250,250,250" oya="0" hai0="33,133,70,16,73,4,61,89,80,23,118,77,37" hai1="22,103,6,2,125,20,76,60,10,84,119,74,134" hai2="19,44,38,66,126,94,123,113,100,114,110,9,104" hai3="32,93,53,25,7,69,30,14,91,124,50,57,108"/><T64/><D118/><U87/><E119/><V121/><F104/><W105/><G105/><T48/><D33/><U13/><E74/><V85/><F66/><W51/><G69/><T107/><D133/><U31/><E134/><V127/><F110/><W52/><G108/><T79/><D37/><U131/><E131/><V75/><F75/><W96/><G124/><N who="2" m="47657" /><F44/><W92/><G92/><T59/><D4/><U86/><E125/><V11/><F38/><W15/><REACH who="3" step="1"/><G7/><REACH who="3" ten="250,250,250,240" step="2"/><T82/><D107/><U34/><E76/><V54/><F113/><W88/><G88/><T112/><D89/><U27/><E103/><V67/><F100/><W116/><G116/><T106/><D106/><U102/><E102/><V26/><F114/><W78/><G78/><T39/><D112/><U12/><REACH who="1" step="1"/><E60/><REACH who="1" ten="250,240,250,240" step="2"/><V72/><F121/><W36/><G36/><T43/><D39/><U41/><E41/><V40/><F40/><W28/><G28/><T45/><D79/><U42/><E42/><V8/><F123/><W115/><G115/><T3/><D77/><U1/><E1/><V101/><F101/><W111/><G111/><T5/><D73/><U24/><E24/><V120/><F26/><W95/><G95/><T55/><D3/><U83/><E83/><V130/><F72/><W62/><G62/><T135/><D135/><U132/><E132/><V129/><F120/><W0/><G0/><T29/><D82/><U65/><E65/><V90/><F67/><W46/><AGARI ba="0,2" hai="14,15,25,30,32,46,50,51,52,53,57,91,93,96" machi="46" ten="20,8000,1" yaku="1,1,0,1,7,1,54,1,53,1" doraHai="18" doraHaiUra="21" who="3" fromWho="3" sc="250,-40,240,-20,250,-20,240,100" /><INIT seed="1,0,0,2,5,124" ten="210,220,230,340" oya="1" hai0="79,25,56,111,77,16,52,50,66,42,5,6,36" hai1="0,24,27,122,28,108,114,115,98,18,103,32,102" hai2="9,57,20,2,109,64,8,11,134,30,26,96,39" hai3="62,106,133,76,72,59,120,51,44,47,1,128,87"/><U31/><E122/><V130/><F109/><W10/><G106/><T100/><D111/><U94/><E108/><V40/><F134/><W29/><G72/><T33/><D36/><U113/><E0/><V38/><F2/><W21/><G47/><T84/><D42/><U3/><E3/><V34/><F40/><W110/><G110/><T55/><D66/><U68/><E68/><V123/><F123/><W37/><G37/><T126/><D100/><U92/><E18/><V127/><F127/><W85/><G1/><T45/><D33/><U89/><REACH who="1" step="1"/><E94/><REACH who="1" ten="210,210,230,340" step="2"/><V74/><F39/><W116/><G120/><T107/><D126/><U4/><E4/><V104/><F38/><W132/><G133/><T48/><D107/><U86/><E86/><V7/><F104/><W99/><G87/><T63/><D84/><U53/><E53/><V41/><F7/><N who="0" m="2570" /><D63/><U91/><E91/><V70/><F70/><W71/><G85/><T15/><D25/><U23/><AGARI ba="0,1" hai="23,24,27,28,31,32,89,92,98,102,103,113,114,115" machi="23" ten="30,6000,0" yaku="1,1,0,1,53,1" doraHai="124" doraHaiUra="95" who="1" fromWho="1" sc="210,-20,210,70,230,-20,340,-20" /><INIT seed="1,1,0,0,1,92" ten="190,280,210,320" oya="1" hai0="32,123,118,37,52,112,117,26,129,73,134,70,116" hai1="25,44,94,96,103,56,97,67,79,15,83,84,86" hai2="119,126,18,39,76,10,13,88,72,14,89,115,114" hai3="95,133,47,120,69,23,128,130,105,74,3,28,87"/><U108/><E108/><V80/><F119/><W35/><G74/><T50/><RYUUKYOKU type="yao9" ba="1,0" sc="190,0,280,0,210,0,320,0" hai0="26,32,37,50,52,70,73,112,116,117,118,123,129,134" /><INIT seed="1,2,0,5,5,16" ten="190,280,210,320" oya="1" hai0="122,11,89,112,72,50,25,103,46,85,28,115,106" hai1="80,49,67,128,102,13,33,18,23,111,73,70,133" hai2="2,58,132,107,129,76,22,90,118,20,3,1,92" hai3="8,15,114,44,91,134,60,12,97,59,7,68,100"/><U78/><E128/><V109/><F118/><W127/><G134/><T87/><D72/><U51/><E133/><V65/><F107/><W71/><G127/><T77/><D77/><U42/><E33/><V55/><F132/><W84/><G114/><T116/><D87/><U14/><E111/><V57/><F129/><W32/><G44/><T53/><D116/><U48/><E102/><V96/><F109/><W86/><G32/><T95/><D122/><U17/><E70/><V124/><F124/><W99/><G86/><T120/><D120/><U62/><E62/><V61/><REACH who="2" step="1"/><F76/><REACH who="2" ten="190,280,200,320" step="2"/><W126/><G126/><T113/><D106/><U98/><E67/><V108/><F108/><W64/><G64/><T5/><D115/><U56/><E98/><V39/><F39/><W101/><G99/><T121/><D121/><U34/><E34/><V9/><F9/><W125/><G97/><T40/><D113/><U117/><E117/><V81/><F81/><W88/><G8/><T27/><D112/><U75/><E75/><V6/><F6/><W131/><G7/><T135/><D135/><U105/><E105/><V0/><N who="2" m="0" /><DORA hai="74" /><V123/><F123/><W130/><G125/><T35/><D5/><U30/><E73/><V52/><F52/><W110/><G110/><T63/><D11/><N who="1" m="6335" /><E42/><V21/><F21/><W94/><G131/><T37/><D40/><U82/><E78/><V93/><F93/><W66/><G94/><T38/><D95/><U31/><E80/><V19/><F19/><W45/><G130/><T4/><D4/><U47/><E82/><V104/><F104/><RYUUKYOKU ba="2,1" sc="190,-10,280,-10,200,30,320,-10" hai2="20,22,55,57,58,61,65,90,92,96" /><INIT seed="2,3,1,1,1,21" ten="180,270,230,310" oya="2" hai0="19,56,96,10,20,89,112,94,129,115,9,90,48" hai1="2,32,95,133,34,124,26,107,7,46,38,105,70" hai2="86,12,57,73,121,0,52,74,110,41,123,17,106" hai3="1,29,44,126,116,5,51,68,81,27,79,30,58"/><V130/><F0/><W60/><G68/><T85/><D129/><U72/><E95/><V108/><F106/><W87/><G116/><T22/><D115/><U49/><E133/><V80/><F130/><W128/><G128/><T4/><D112/><U64/><E124/><V8/><F41/><W69/><G126/><T111/><D111/><N who="2" m="42538" /><F74/><W16/><G69/><T117/><D22/><U91/><E72/><V14/><F73/><W40/><G1/><T11/><D117/><U98/><E91/><N who="2" m="51655" /><F14/><W6/><G30/><T127/><D127/><U18/><E105/><V25/><F25/><W125/><G125/><T100/><D4/><U13/><E2/><V28/><F28/><W24/><G29/><T36/><D36/><U119/><E38/><V102/><F102/><W39/><G39/><T99/><D90/><U88/><E7/><N who="3" m="2570" /><G16/><T122/><D122/><U113/><E113/><V62/><AGARI ba="3,1" hai="8,12,17,52,57,62,121,123" m="51655,42538" machi="62" ten="30,6000,0" yaku="14,1,10,1,54,1" doraHai="21" who="2" fromWho="2" sc="180,-23,270,-23,230,79,310,-23" /><INIT seed="2,4,0,1,0,96" ten="157,247,309,287" oya="2" hai0="119,117,41,45,56,79,102,47,71,42,93,100,104" hai1="125,116,11,94,23,52,16,33,126,18,112,77,12" hai2="130,38,83,44,81,87,36,0,82,22,63,108,19" hai3="24,5,14,74,40,28,124,68,73,43,91,129,89"/><V105/><F0/><W49/><G68/><T110/><D71/><U10/><E116/><N who="0" m="44617" /><D104/><U103/><E77/><V46/><F130/><W37/><G37/><N who="0" m="21967" /><D110/><U132/><E33/><V2/><F2/><W62/><G129/><T88/><D56/><U86/><E112/><V61/><F82/><W9/><G40/><T120/><D79/><U26/><E132/><V31/><F87/><W106/><G106/><T64/><D64/><U58/><E10/><V101/><F105/><W80/><G62/><T15/><D15/><U121/><E121/><V97/><F97/><W84/><G89/><T25/><D25/><U21/><E11/><V59/><F59/><W76/><G91/><T3/><D3/><U60/><REACH who="1" step="1"/><E86/><REACH who="1" ten="157,237,309,287" step="2"/><V50/><F22/><W1/><G1/><T115/><D115/><U75/><E75/><V122/><F122/><W69/><G74/><T57/><D120/><U66/><E66/><V8/><F8/><W78/><G76/><T113/><D113/><U48/><E48/><V133/><F50/><W13/><G73/><T134/><D134/><U85/><E85/><V128/><F133/><W34/><G9/><T51/><D57/><U67/><E67/><V65/><F65/><W55/><G49/><T109/><D109/><U70/><E70/><V30/><F108/><W39/><G69/><T98/><AGARI ba="4,1" hai="41,45,51,88,93,98,100,102" m="21967,44617" machi="98" ten="30,7900,0" yaku="12,1,52,2,54,1" doraHai="96" who="0" fromWho="0" sc="157,101,237,-24,309,-43,287,-24" /><INIT seed="3,0,0,5,0,73" ten="258,213,266,263" oya="3" hai0="47,30,132,131,62,133,115,58,27,60,39,94,127" hai1="80,50,59,123,33,6,114,98,14,77,21,68,31" hai2="83,90,25,41,65,23,40,63,130,44,78,104,46" hai3="106,118,11,55,109,4,67,1,28,20,129,45,126"/><W13/><G118/><T12/><D12/><U3/><E68/><V2/><F2/><W101/><G67/><T53/><D94/><U15/><E114/><V96/><F130/><W120/><G120/><T49/><D27/><U108/><E123/><V88/><F104/><W29/><G129/><T121/><D30/><U91/><E108/><V70/><F44/><W24/><G109/><T84/><D84/><U54/><E33/><V86/><F46/><W7/><G126/><T36/><D121/><U85/><E6/><V38/><F38/><N who="0" m="14378" /><D131/><U92/><REACH who="1" step="1"/><E3/><REACH who="1" ten="258,203,266,263" step="2"/><V9/><F9/><W82/><G7/><T26/><D115/><U97/><E97/><V124/><F124/><W61/><G1/><T119/><D127/><U56/><E56/><V51/><F96/><W0/><G0/><T116/><D26/><AGARI ba="0,1" hai="14,15,21,26,31,50,54,59,77,80,85,91,92,98" machi="26" ten="40,5200,0" yaku="1,1,8,1,52,1,53,0" doraHai="73" doraHaiUra="102" who="1" fromWho="0" sc="258,-52,203,62,266,0,263,0" /><INIT seed="4,0,0,0,0,71" ten="206,265,266,263" oya="0" hai0="122,73,3,28,21,88,45,59,93,87,66,64,72" hai1="103,131,35,53,63,44,133,116,30,39,111,127,102" hai2="38,112,60,54,120,100,22,106,69,74,123,101,20" hai3="129,65,24,43,98,8,29,109,124,48,14,31,126"/><T4/><D122/><U121/><E121/><V62/><F54/><W40/><G109/><T132/><D132/><U85/><E111/><V57/><F57/><W55/><G129/><T42/><D3/><U84/><E116/><V91/><F91/><W1/><G1/><T7/><D73/><U86/><E131/><V26/><F26/><W94/><G65/><T108/><D72/><U37/><E133/><V134/><F74/><W52/><G55/><T46/><D108/><U9/><E127/><V47/><F134/><W16/><G31/><T110/><D110/><U2/><E2/><V82/><F82/><W41/><G94/><T99/><D46/><U56/><E9/><V12/><F12/><W49/><G98/><T96/><D28/><U80/><E80/><V79/><F47/><W50/><REACH who="3" step="1"/><G52/><REACH who="3" ten="206,265,266,253" step="2"/><T81/><D99/><U92/><E44/><V113/><F106/><W128/><G128/><T107/><D107/><U0/><E0/><V10/><F69/><W105/><G105/><T118/><D66/><U32/><E92/><V13/><F123/><W70/><G70/><T25/><D64/><U15/><E30/><V58/><F120/><W27/><G27/><T19/><D59/><U78/><E15/><V18/><F13/><W67/><G67/><T135/><D135/><U33/><REACH who="1" step="1"/><E78/><REACH who="1" ten="206,255,266,253" step="2"/><V125/><F125/><W89/><G89/><T97/><D118/><U61/><E61/><V68/><F79/><W6/><G6/><N who="0" m="2091" /><D93/><U36/><AGARI ba="0,2" hai="32,33,35,36,37,39,53,56,63,84,85,86,102,103" machi="36" ten="50,12000,2" yaku="1,1,0,1,29,2,52,3,53,0" doraHai="71" doraHaiUra="130" who="1" fromWho="1" sc="206,-60,255,140,266,-30,253,-30" /><INIT seed="5,0,0,5,0,35" ten="146,395,236,223" oya="1" hai0="71,112,8,42,64,40,16,122,102,20,7,109,43" hai1="58,123,59,93,29,79,17,44,91,30,117,66,105" hai2="96,56,60,98,2,131,82,5,21,134,25,38,39" hai3="9,104,4,121,68,52,132,88,113,26,3,6,94"/><U28/><E117/><V77/><F131/><W100/><G121/><T36/><D109/><U70/><E105/><V73/><F134/><W14/><G68/><T49/><D122/><U133/><E123/><V103/><F5/><W84/><G132/><T74/><D74/><U89/><E79/><V85/><F73/><W119/><G113/><T80/><D36/><U118/><E118/><V87/><F87/><W48/><G26/><T15/><D112/><U129/><E129/><V86/><F86/><W32/><G32/><T53/><D102/><U107/><E107/><V116/><F2/><W120/><G119/><T114/><D114/><U127/><E127/><V22/><F22/><W72/><G72/><T108/><D108/><U126/><E126/><V110/><F110/><W41/><G41/><T18/><D80/><U78/><E78/><V10/><F10/><W19/><G120/><T63/><REACH who="0" step="1"/><D20/><REACH who="0" ten="136,395,236,223" step="2"/><U95/><E133/><V55/><F116/><W81/><G81/><T99/><D99/><U11/><E93/><V83/><F82/><W50/><G100/><T75/><D75/><U34/><E95/><V0/><F96/><W54/><G104/><T65/><D65/><U97/><E66/><V33/><F39/><W61/><G94/><T45/><AGARI ba="0,1" hai="7,8,15,16,18,40,42,43,45,49,53,63,64,71" machi="45" ten="30,4000,0" yaku="1,1,0,1,54,1,53,0" doraHai="35" doraHaiUra="69" who="0" fromWho="0" sc="136,50,395,-20,236,-10,223,-10" /><INIT seed="6,0,0,3,5,120" ten="186,375,226,213" oya="2" hai0="93,21,4,39,9,84,65,22,105,100,103,125,61" hai1="32,95,6,80,101,42,82,11,62,41,110,31,74" hai2="57,60,27,10,28,30,53,102,83,64,121,45,117" hai3="88,69,14,85,5,26,17,127,112,50,52,76,90"/><V8/><F117/><W129/><G69/><T18/><D39/><U67/><E110/><V79/><F121/><W38/><G38/><T92/><D105/><U133/><E32/><V35/><F102/><W58/><G127/><T86/><D125/><U48/><E31/><V33/><F30/><W89/><G129/><T118/><D118/><U23/><E23/><V78/><F33/><W87/><G76/><T126/><BYE who="2" /><D126/><U94/><E74/><V70/><F70/><W99/><G99/><T59/><D22/><U122/><E122/><V111/><F111/><W72/><G72/><T128/><D128/><U2/><E133/><V131/><F131/><W1/><G1/><T130/><D130/><U36/><E36/><V51/><F51/><W73/><G73/><T81/><D86/><U16/><E16/><UN n2="%4D%46%49" /><V3/><F3/><W91/><G112/><T119/><D103/><U108/><E108/><V116/><F79/><W132/><G132/><T24/><D100/><U134/><E134/><V107/><F107/><W12/><G5/><T29/><D29/><U106/><E106/><V34/><F34/><W63/><G63/><T55/><D65/><U66/><E67/><V47/><F47/><BYE who="2" /><W68/><G68/><T49/><D61/><U7/><E101/><V20/><F20/><N who="3" m="13583" /><G85/><UN n2="%4D%46%49" /><T40/><D119/><U46/><E62/><V124/><F124/><W97/><G97/><T15/><REACH who="0" step="1"/><D40/><REACH who="0" ten="176,375,226,213" step="2"/><N who="1" m="24647" /><E66/><V113/><F116/><W71/><G71/><T109/><D109/><U43/><E43/><V25/><F64/><W54/><G54/><T114/><D114/><U98/><E42/><RYUUKYOKU ba="0,1" sc="176,15,375,-15,226,-15,213,15" hai0="4,9,15,18,21,24,49,55,59,81,84,92,93" hai3="12,14,50,52,58,87,88,89,90,91" /><INIT seed="7,1,1,2,0,38" ten="191,360,211,228" oya="3" hai0="97,57,69,67,49,16,127,81,32,116,19,26,122" hai1="108,129,107,109,50,9,124,14,84,58,18,27,13" hai2="45,86,64,77,70,53,96,99,37,2,68,94,88" hai3="76,120,41,12,110,101,132,65,42,103,7,78,131"/><W47/><BYE who="2" /><G120/><T28/><D122/><U133/><E107/><V106/><F106/><W114/><G114/><UN n2="%4D%46%49" /><T90/><D116/><U135/><E129/><V119/><F119/><W33/><G33/><T43/><D69/><U25/><E124/><V1/><F1/><W24/><G131/><T56/><D127/><U21/><E84/><V82/><F2/><W113/><G113/><T66/><D81/><U20/><E58/><N who="0" m="22633" /><D32/><U128/><E50/><V4/><F4/><W39/><G132/><N who="1" m="50762" /><E128/><V36/><F99/><W111/><G65/><N who="0" m="24587" /><D28/><N who="1" m="17447" /><E14/><V89/><F70/><W83/><G24/><T72/><D26/><U74/><E74/><V98/><F98/><W75/><G78/><T92/><D72/><U102/><E102/><V40/><F36/><N who="3" m="21927" /><G12/><T59/><D43/><U130/><E130/><V15/><F15/><W0/><G7/><AGARI ba="1,1" hai="7,9,13,18,21,27,108,109" m="17447,50762" machi="7" ten="30,3900,0" yaku="20,1,34,2" doraHai="38" who="1" fromWho="3" sc="191,0,360,52,211,0,228,-42" owari="191,-20.9,412,51.2,211,1.1,186,-31.4" /></mjloggm>