<mjloggm ver="2.3"><GO type="137" lobby="0"/><UN n0="%E3%81%97%E3%81%92%E4%B8%8B%E9%96%A2" n1="%E2%93%9D%4C%75%63%6B%79%4A" n2="%40%E3%81%8A%E3%81%95" n3="%E4%BB%A4%E5%92%8C%E4%BA%94%E5%B9%B4" dan="13,11,12,13" rate="1784.02,1824.22,1648.85,1795.07" sx="M,M,M,M"/><TAIKYOKU oya="0"/><INIT seed="0,0,0,5,2,65" ten="250,250,250,250" oya="0" hai0="14,70,114,34,11,73,75,93,57,106,81,86,41" hai1="48,69,51,78,130,20,55,100,113,42,101,108,132" hai2="19,35,64,62,72,1,47,116,104,43,27,33,17" hai3="25,94,58,97,124,71,6,123,76,45,28,22,38"/><T32/><D114/><U112/><E78/><V26/><F116/><W7/><G124/><T61/><D106/><U49/><E42/><V115/><F115/><N who="1" m="44105" /><E108/><V87/><F72/><W12/><G71/><T80/><D41/><U10/><E20/><V127/><F104/><W2/><G123/><T85/><D93/><U29/><E29/><V50/><F127/><W102/><G2/><T39/><D39/><U95/><E130/><V90/><F1/><W63/><G76/><T52/><D70/><U88/><E10/><V18/><F33/><W74/><G74/><T79/><D75/><U119/><E132/><V105/><F105/><W111/><G111/><T125/><D73/><U128/><E119/><V121/><F35/><W135/><G135/><T5/><REACH who="0" step="1"/><D125/><REACH who="0" ten="240,250,250,250" step="2"/><U117/><E117/><V120/><F121/><W54/><G38/><T83/><D83/><U53/><E69/><V21/><F120/><W110/><G110/><T107/><D107/><U56/><E128/><V24/><F21/><W131/><G131/><T99/><D99/><N who="1" m="57831" /><E56/><N who="2" m="36935" /><F27/><W31/><G31/><T103/><D103/><AGARI ba="0,1" hai="48,49,51,53,55,100,101,103" m="57831,44105" machi="103" ten="30,2000,0" yaku="11,1,54,1" doraHai="65" who="1" fromWho="0" sc="240,-20,250,30,250,0,250,0" /><INIT seed="1,0,0,0,1,85" ten="220,280,250,250" oya="1" hai0="37,84,48,93,25,71,31,46,135,63,70,109,103" hai1="27,121,23,67,80,51,104,115,128,90,54,7,102" hai2="72,117,8,39,52,15,119,123,118,132,82,77,17" hai3="19,29,129,124,40,50,131,0,36,120,21,11,79"/><U91/><E121/><V111/><F123/><W28/><G120/><T60/><D135/><U6/><E115/><V16/><F39/><W96/><G36/><T2/><D2/><U24/><E67/><V53/><F111/><W105/><G79/><T86/><D109/><U83/><E102/><V69/><F69/><W12/><G124/><T45/><D37/><U78/><E104/><V97/><F97/><W100/><G0/><T95/><D48/><U81/><E128/><V33/><F33/><W47/><G21/><T35/><D25/><N who="1" m="9803" /><E78/><V130/><F132/><W74/><G74/><T66/><D31/><U134/><E23/><V30/><F30/><W13/><G131/><T75/><D75/><U87/><E134/><V133/><F130/><W122/><G122/><T110/><D110/><U59/><E87/><V62/><F17/><W107/><G129/><T49/><D49/><U116/><E116/><V42/><F42/><W18/><G107/><T56/><D56/><U114/><E114/><V113/><F113/><W57/><G57/><T1/><D1/><U99/><E99/><V3/><F3/><W4/><G4/><AGARI ba="0,0" hai="4,6,7,51,54,59,80,81,83,90,91" m="9803" machi="4" ten="30,5800,0" yaku="8,1,52,2" doraHai="85" who="1" fromWho="3" sc="220,0,280,58,250,0,250,-58" /><INIT seed="1,1,0,1,4,43" ten="220,338,250,192" oya="1" hai0="52,109,116,4,39,120,72,51,108,50,89,71,92" hai1="24,60,81,59,34,61,103,93,0,115,55,28,44" hai2="122,36,107,113,5,42,98,38,32,7,22,9,110" hai3="129,126,104,83,12,94,2,125,135,105,53,13,96"/><U128/><E115/><V8/><F113/><W106/><G2/><T16/><D72/><U134/><E134/><V64/><F22/><W121/><G121/><T3/><D71/><U45/><E0/><V75/><F110/><N who="0" m="42602" /><D116/><U102/><E128/><V117/><F117/><W37/><G37/><T82/><D120/><U100/><E93/><V21/><F21/><W27/><G83/><T30/><D30/><U57/><REACH who="1" step="1"/><E81/><REACH who="1" ten="220,328,250,192" step="2"/><V127/><F122/><W15/><G129/><T79/><D3/><U90/><E90/><V101/><F127/><N who="3" m="48651" /><G135/><T23/><D82/><U46/><E46/><V84/><F32/><W35/><G35/><T74/><D79/><U91/><E91/><V111/><F111/><W29/><G29/><T26/><D74/><U86/><E86/><V40/><F75/><W99/><G94/><T14/><D39/><U41/><E41/><V20/><F84/><W95/><G95/><T1/><D1/><U68/><E68/><V133/><F133/><W73/><G73/><T11/><D92/><U70/><E70/><V56/><F42/><W18/><G53/><AGARI ba="1,1" hai="24,28,34,44,45,53,55,57,59,60,61,100,102,103" machi="53" ten="40,12000,1" yaku="1,1,9,1,52,2,53,0" doraHai="43" doraHaiUra="63" who="1" fromWho="3" sc="220,0,328,133,250,0,192,-123" /><INIT seed="1,2,0,3,1,50" ten="220,461,250,69" oya="1" hai0="131,135,2,88,54,89,49,118,24,99,79,116,75" hai1="17,68,129,19,104,32,20,72,117,21,51,94,85" hai2="103,71,34,87,81,82,30,113,65,98,57,25,125" hai3="69,45,97,9,80,18,56,46,59,8,40,100,11"/><U102/><E32/><V52/><F113/><W27/><G69/><T127/><D2/><U44/><E72/><V86/><F125/><W121/><G121/><T126/><D24/><U123/><E117/><N who="0" m="45161" /><D135/><U31/><E104/><V93/><F82/><W108/><G108/><T36/><D36/><U37/><E68/><V134/><F134/><W35/><G80/><N who="0" m="45183" /><D54/><U111/><E31/><V133/><F81/><W67/><G35/><T55/><D55/><U92/><E37/><V109/><F109/><W7/><G40/><T28/><D49/><U114/><E51/><V90/><F133/><W14/><G7/><T48/><D48/><U61/><E61/><N who="2" m="36007" /><F93/><N who="3" m="58415" /><G27/><T4/><D4/><U29/><E111/><V16/><F16/><W101/><G101/><T77/><D28/><U70/><E29/><V106/><F90/><N who="0" m="34922" /><D131/><U83/><E129/><V74/><F74/><W22/><G59/><T124/><D99/><U76/><E70/><V43/><F43/><W132/><G132/><T128/><D128/><U105/><E19/><V96/><F96/><W66/><G66/><T47/><D47/><U60/><E44/><V23/><F23/><W58/><G58/><T5/><D5/><U78/><E21/><V107/><F106/><W12/><G14/><T91/><N who="0" m="34930" /><T84/><DORA hai="119" /><D84/><U42/><E85/><V112/><F112/><W115/><G115/><T95/><D95/><N who="1" m="36395" /><E114/><V13/><F13/><W64/><G64/><T38/><D38/><U122/><E105/><V110/><F110/><W15/><G15/><T130/><D130/><U41/><E83/><V1/><F1/><RYUUKYOKU ba="2,0" sc="220,10,461,-30,250,10,69,10" hai0="77,124,126,127" hai2="25,30,34,65,71,86,87,98,103,107" hai3="8,9,11,12,18,22,45,46,56,67" /><INIT seed="2,3,0,4,5,19" ten="230,431,260,79" oya="2" hai0="97,25,87,105,37,83,28,80,82,46,111,63,135" hai1="86,34,14,113,7,108,132,94,91,73,5,129,103" hai2="20,0,96,107,58,78,62,64,95,123,119,54,79" hai3="3,121,65,89,40,122,115,44,51,69,117,6,116"/><V21/><F123/><N who="3" m="47115" /><G3/><T38/><D111/><U99/><E113/><V61/><F119/><N who="3" m="45643" /><G6/><T57/><D135/><U18/><E34/><V48/><F107/><W127/><G89/><T128/><D128/><U106/><E108/><V88/><F0/><W66/><G115/><T102/><D87/><U52/><E129/><V110/><F110/><W92/><G92/><T74/><D74/><U75/><E132/><V60/><F64/><N who="3" m="24683" /><G127/><T11/><D11/><U98/><E75/><V77/><AGARI ba="3,0" hai="20,21,48,54,58,60,61,62,77,78,79,88,95,96" machi="77" ten="30,12000,1" yaku="0,1,8,1,52,2,54,1" doraHai="19" who="2" fromWho="2" sc="230,-43,431,-43,260,129,79,-43" /><INIT seed="2,4,0,0,4,12" ten="187,388,389,36" oya="2" hai0="3,19,50,61,36,126,81,9,127,88,125,2,118" hai1="58,73,128,87,38,10,1,121,62,70,59,5,23" hai2="80,91,113,39,11,54,31,109,34,57,108,79,76" hai3="119,56,48,135,15,98,104,107,40,134,75,120,32"/><V84/><F39/><W42/><G32/><T116/><D36/><U130/><E73/><V18/><F113/><W74/><G120/><T24/><D61/><U133/><E38/><V65/><F65/><W82/><G48/><T77/><D50/><U97/><E87/><V67/><F67/><W52/><G15/><N who="0" m="7663" /><D24/><U53/><E133/><N who="3" m="50698" /><G119/><N who="0" m="45611" /><D77/><U99/><E121/><V13/><F31/><W8/><G8/><T16/><D81/><U110/><E62/><V6/><F34/><W106/><G98/><T25/><D88/><U114/><E99/><V51/><REACH who="2" step="1"/><F6/><REACH who="2" ten="187,388,379,36" step="2"/><W94/><G82/><T129/><D129/><U49/><E130/><V33/><F33/><W22/><G22/><AGARI ba="4,1" hai="2,3,16,22,25,125,126,127" m="45611,7663" machi="22" ten="40,12000,2" yaku="18,1,12,1,34,2,52,2,54,1" doraHai="12" who="0" fromWho="3" sc="187,142,388,0,379,0,36,-132" owari="329,-7.1,388,48.8,379,17.9,-96,-59.6" /></mjloggm>