<mjloggm ver="2.3"><GO type="41" lobby="0"/><UN n0="%E6%9A%B4%E3%82%8C%E3%81%A6%E3%81%84%E3%81%84%E3%82%93%E3%81%A0%E3%81%AA" n1="%E7%9F%B3%E5%9F%8E" n2="%E6%B2%96%E6%9C%AC%E3%81%AE%E7%9E%AC" n3="%E2%93%9D%4C%75%63%6B%79%4A" dan="14,13,14,18" rate="2005.89,1880.79,1974.52,2158.76" sx="M,M,M,M"/><TAIKYOKU oya="0"/><INIT seed="0,0,0,0,5,26" ten="250,250,250,250" oya="0" hai0="105,89,135,27,49,96,65,31,53,107,100,10,122" hai1="77,19,40,33,130,93,108,91,67,13,59,45,73" hai2="25,131,128,34,11,28,35,127,22,118,44,24,9" hai3="71,120,61,79,72,114,84,133,82,85,83,18,103"/><T37/><D122/><U110/><E33/><N who="2" m="20615" /><F44/><W17/><G114/><T39/><D135/><U75/><E130/><N who="2" m="49707" /><F127/><W125/><G133/><T99/><D65/><U109/><E77/><V68/><F68/><W5/><G5/><T38/><D10/><N who="2" m="3594" /><F118/><W12/><G120/><T6/><D6/><U70/><E70/><V87/><F87/><W16/><G125/><T121/><D121/><U123/><E123/><V30/><AGARI ba="0,0" hai="22,25,30,34,35" m="3594,49707,20615" machi="30" ten="30,8000,1" yaku="19,1,34,2,52,2" doraHai="26" who="2" fromWho="2" sc="250,-40,250,-20,250,80,250,-20" /><INIT seed="1,0,0,3,5,28" ten="210,230,330,230" oya="1" hai0="94,38,17,99,98,134,20,116,74,67,54,80,131" hai1="107,1,27,19,12,44,24,128,85,91,123,106,79" hai2="87,31,113,23,72,117,92,132,48,119,7,33,89" hai3="21,5,108,93,96,127,37,75,71,121,103,43,66"/><U62/><E123/><V39/><F39/><W61/><G121/><T59/><D116/><U110/><E1/><V120/><F120/><W133/><G75/><T82/><D38/><U84/><E128/><V16/><F72/><W35/><G108/><T88/><D131/><U10/><E110/><V57/><F132/><W3/><G133/><T2/><D2/><U129/><E129/><V95/><F7/><W122/><G122/><T9/><D9/><U0/><E0/><V104/><F104/><W11/><G21/><T101/><D67/><U124/><E124/><V34/><F31/><W115/><G115/><T135/><D74/><U52/><E79/><V114/><F95/><W100/><G127/><T73/><D73/><U42/><E85/><V83/><F83/><W13/><G3/><T105/><D135/><U63/><E63/><V125/><F125/><W26/><G43/><T68/><D68/><U81/><E107/><V102/><F102/><W49/><G49/><T22/><D22/><U109/><E106/><V111/><F111/><W130/><G37/><T58/><D58/><U46/><E109/><V118/><F114/><W69/><G71/><T55/><D134/><U112/><E112/><V97/><F97/><W14/><G14/><T86/><D55/><U25/><E42/><V70/><F70/><W60/><G130/><T90/><D90/><U45/><E62/><V76/><F76/><W41/><G61/><T50/><REACH who="0" step="1"/><D98/><REACH who="0" ten="200,230,330,230" step="2"/><U65/><E65/><V47/><F113/><W15/><G66/><T51/><D51/><AGARI ba="0,1" hai="10,12,19,24,25,27,44,45,46,51,52,81,84,91" machi="51" ten="40,12000,1" yaku="25,2,8,1,54,1" doraHai="28" who="1" fromWho="0" sc="200,-120,230,130,330,0,230,0" /><INIT seed="1,1,0,4,3,75" ten="80,360,330,230" oya="1" hai0="5,100,27,98,58,40,129,4,110,23,17,126,9" hai1="125,70,112,87,128,53,91,62,15,10,119,101,49" hai2="56,88,113,30,37,102,44,63,57,66,22,26,76" hai3="28,14,134,8,73,69,59,1,83,16,71,29,116"/><U13/><E119/><V39/><F113/><W18/><G116/><T77/><D110/><U38/><E112/><V20/><F102/><W31/><G1/><T96/><D129/><U80/><E38/><V90/><F39/><W108/><G108/><T47/><D126/><U6/><E125/><V61/><F37/><W35/><G35/><T36/><D58/><U64/><E101/><V50/><F76/><W68/><G59/><T72/><D5/><U84/><E87/><V132/><F20/><W79/><REACH who="3" step="1"/><G134/><REACH who="3" ten="80,360,330,220" step="2"/><T118/><D118/><U133/><E133/><V120/><F132/><W7/><AGARI ba="1,1" hai="7,8,14,16,18,28,29,31,68,69,71,73,79,83" machi="7" ten="40,8000,1" yaku="1,1,2,1,0,1,52,1,54,1,53,0" doraHai="75" doraHaiUra="48" who="3" fromWho="3" sc="80,-21,360,-41,330,-21,220,93" /><INIT seed="2,0,0,1,3,38" ten="59,319,309,313" oya="2" hai0="22,39,71,78,117,93,115,72,17,43,91,119,76" hai1="7,103,134,73,124,74,66,95,87,83,8,56,126" hai2="41,130,1,89,125,45,70,19,36,26,15,107,6" hai3="34,60,35,42,62,52,3,21,118,0,133,63,49"/><V97/><F130/><W61/><G118/><N who="0" m="45067" /><D115/><U2/><E134/><V12/><F70/><W90/><G133/><T77/><D71/><U54/><E66/><V96/><F125/><N who="1" m="48233" /><E95/><V98/><F107/><W51/><G21/><T94/><D72/><U109/><E103/><V128/><F128/><W23/><G23/><T25/><D91/><N who="1" m="51711" /><E109/><V31/><F89/><W84/><G35/><T13/><D25/><U112/><E112/><V116/><F116/><W80/><G34/><T27/><D27/><U57/><E57/><V69/><F69/><W4/><G4/><T135/><D135/><U81/><E81/><V129/><F129/><W111/><G111/><T24/><D24/><U104/><E104/><V32/><REACH who="2" step="1"/><F19/><REACH who="2" ten="59,319,299,313" step="2"/><W55/><G90/><T64/><D64/><U67/><E67/><V101/><F101/><W59/><G80/><T99/><D99/><U47/><E74/><V100/><F100/><W28/><G84/><T88/><D88/><U18/><E73/><V58/><F58/><W85/><G59/><T106/><D106/><U121/><E56/><V11/><AGARI ba="0,1" hai="1,6,11,12,15,26,31,32,36,41,45,96,97,98" machi="11" ten="30,6000,0" yaku="1,1,0,1,52,1,53,0" doraHai="38" doraHaiUra="50" who="2" fromWho="2" sc="59,-20,319,-20,299,70,313,-20" /><INIT seed="2,1,0,5,2,106" ten="39,299,369,293" oya="2" hai0="34,121,5,103,109,70,0,56,22,55,54,114,26" hai1="63,40,23,30,98,135,123,53,33,43,126,90,73" hai2="28,93,66,36,51,27,24,134,81,85,108,48,62" hai3="68,76,87,75,19,32,117,64,29,86,129,133,100"/><V104/><F36/><W52/><G117/><T46/><D121/><U14/><E73/><V11/><F104/><W72/><G19/><T59/><D70/><U78/><E78/><V74/><F134/><W127/><G64/><T91/><D34/><U102/><E135/><V89/><F11/><W21/><G68/><T107/><D114/><U96/><E123/><V69/><F27/><W124/><G100/><T41/><D109/><U57/><E126/><N who="3" m="48170" /><G129/><T58/><D91/><U84/><E33/><V67/><F108/><W2/><G2/><T42/><D103/><U35/><E35/><V111/><F111/><W7/><G7/><T116/><D107/><U92/><E98/><V112/><F67/><W4/><G4/><T120/><D120/><U128/><E128/><V16/><F112/><W61/><G32/><T130/><D130/><U71/><E71/><V12/><F28/><W113/><G113/><T118/><D5/><U10/><E10/><V6/><F6/><W39/><G39/><T119/><D0/><U37/><E37/><V13/><F13/><W47/><G133/><T18/><REACH who="0" step="1"/><D46/><REACH who="0" ten="29,299,369,293" step="2"/><U9/><E102/><V15/><F69/><W105/><G47/><T97/><D97/><U122/><E96/><V101/><F101/><W110/><G110/><T125/><D125/><U50/><E122/><V88/><F89/><W79/><G105/><T82/><D82/><U94/><E90/><V31/><F88/><W60/><G79/><T80/><D80/><U25/><E94/><V44/><F93/><W45/><G76/><T3/><D3/><U65/><E92/><RYUUKYOKU ba="1,1" sc="29,30,299,-10,369,-10,293,-10" hai0="18,22,26,41,42,54,55,56,58,59,116,118,119" /><INIT seed="3,2,1,2,5,3" ten="59,289,359,283" oya="3" hai0="0,52,60,117,39,16,76,5,41,65,80,23,56" hai1="98,25,48,66,24,101,106,74,97,135,34,9,26" hai2="120,127,43,57,84,123,89,109,129,19,31,33,122" hai3="35,96,12,130,61,87,94,59,62,133,58,20,113"/><W64/><G113/><T6/><D0/><U104/><E135/><V46/><F129/><W102/><G130/><T131/><D131/><U121/><E121/><V78/><F127/><W85/><G35/><T63/><D117/><U134/><E134/><V114/><F114/><W30/><G133/><T44/><D63/><U27/><E74/><V28/><F109/><W126/><G126/><T82/><D65/><U115/><E115/><V111/><F111/><W50/><G50/><T132/><D132/><U32/><E66/><V38/><F19/><W70/><G70/><T100/><D100/><U13/><E97/><V10/><F78/><W90/><G90/><T29/><D29/><U112/><E112/><V22/><F57/><W7/><G7/><T36/><D36/><U67/><E67/><V77/><F77/><W99/><G99/><T95/><D95/><U42/><E106/><V68/><F68/><W83/><G83/><T105/><D105/><U93/><E104/><V108/><F108/><W81/><G81/><T17/><D82/><U75/><E75/><V107/><F107/><W124/><G124/><T21/><D21/><U4/><N who="1" m="6144" /><DORA hai="1" /><U86/><REACH who="1" step="1"/><E86/><REACH who="1" ten="59,279,359,283" step="2"/><V119/><F33/><W15/><G87/><T55/><D76/><U69/><E69/><V14/><F119/><W128/><G85/><T49/><D80/><U2/><E2/><V125/><F125/><W73/><G128/><T37/><D37/><U71/><E71/><V91/><F84/><W47/><G64/><N who="0" m="38919" /><D39/><U51/><E51/><V40/><F122/><W72/><G62/><T118/><D118/><RYUUKYOKU ba="2,2" sc="59,-10,279,30,359,-10,283,-10" hai1="4,9,13,32,34,42,48,93,98,101" /><INIT seed="4,3,2,1,4,7" ten="49,309,349,273" oya="0" hai0="48,41,97,82,84,114,8,68,94,17,3,24,27" hai1="55,115,5,37,123,57,111,129,121,0,21,22,59" hai2="106,76,109,4,104,87,132,75,79,34,72,105,69" hai3="113,25,78,118,110,117,64,11,90,32,108,91,54"/><T26/><D68/><U134/><E111/><V20/><F20/><W63/><G78/><T31/><D114/><U120/><E37/><V74/><F4/><W13/><G54/><T100/><D3/><U62/><E115/><V127/><F69/><W10/><G113/><T96/><D96/><U77/><E77/><V50/><F34/><W56/><G32/><T43/><D31/><U112/><E112/><V36/><F50/><W122/><G122/><T38/><D38/><U33/><E33/><V116/><F36/><W60/><G13/><T107/><D107/><U45/><E134/><V18/><F18/><W86/><G86/><T83/><D48/><U65/><E45/><V89/><F109/><W88/><G25/><T29/><D29/><U98/><E98/><V124/><F132/><W14/><G14/><N who="0" m="7367" /><D82/><U73/><E73/><V15/><F15/><W49/><G49/><T23/><D23/><U58/><E129/><V42/><F42/><W135/><G135/><T130/><D130/><U71/><REACH who="1" step="1"/><E55/><REACH who="1" ten="49,299,349,273" step="2"/><V6/><F79/><AGARI ba="3,3" hai="24,26,27,41,43,79,83,84,94,97,100" m="7367" machi="79" ten="30,2900,0" yaku="8,1,52,1" doraHai="7" who="0" fromWho="2" sc="49,68,299,0,349,-38,273,0" /><INIT seed="4,4,0,5,1,101" ten="117,299,311,273" oya="0" hai0="113,81,34,27,17,32,7,85,48,12,122,4,31" hai1="103,72,60,93,6,87,75,24,15,115,111,132,9" hai2="126,119,18,13,26,22,128,11,135,129,49,14,56" hai3="53,77,131,80,5,39,104,38,84,120,73,57,121"/><T117/><D117/><U35/><E111/><V65/><F119/><W41/><G41/><T46/><D122/><N who="3" m="47209" /><G5/><T8/><D34/><U123/><E123/><V114/><F114/><W50/><G131/><N who="2" m="50249" /><F65/><W42/><G42/><T91/><REACH who="0" step="1"/><D113/><REACH who="0" ten="107,299,311,273" step="2"/><U2/><E115/><V29/><F135/><W3/><G3/><T82/><D82/><U64/><E132/><V67/><F126/><W130/><G130/><T74/><D74/><U66/><E75/><V88/><F67/><W0/><G73/><T10/><D10/><U106/><E72/><V30/><F11/><W37/><G0/><T16/><D16/><U94/><E64/><V107/><F30/><W63/><G63/><T118/><D118/><U54/><E2/><V68/><F29/><W89/><G77/><T47/><D47/><U105/><E66/><V43/><F68/><W125/><G125/><T28/><D28/><U70/><E70/><V79/><F79/><W124/><G124/><T40/><AGARI ba="4,1" hai="4,7,8,12,17,27,31,32,40,46,48,81,85,91" machi="40" ten="20,3900,0" yaku="1,1,0,1,7,1,53,0" doraHai="101" doraHaiUra="55" who="0" fromWho="0" sc="107,61,299,-17,311,-17,273,-17" /><INIT seed="4,5,0,5,5,49" ten="168,282,294,256" oya="0" hai0="94,25,69,103,3,105,16,109,70,29,84,13,36" hai1="108,23,37,20,130,117,64,99,52,57,93,59,85" hai2="62,119,133,8,18,7,96,15,110,65,77,115,26" hai3="82,131,63,104,79,107,81,74,126,42,66,86,47"/><T112/><D109/><U54/><E108/><V44/><F110/><W78/><G126/><T45/><D112/><U87/><E117/><V68/><F119/><W4/><G4/><T92/><D3/><U32/><E37/><V121/><F121/><W19/><G19/><T90/><D105/><U100/><E32/><V91/><F133/><W71/><REACH who="3" step="1"/><G131/><REACH who="3" ten="168,282,294,246" step="2"/><T97/><D29/><U22/><E130/><V31/><F7/><W28/><G28/><T34/><D34/><U30/><E30/><V24/><F31/><W33/><G33/><T73/><D25/><U111/><E111/><V89/><F26/><W132/><G132/><T102/><D103/><U5/><E5/><V98/><F24/><W53/><G53/><N who="1" m="20586" /><E64/><V67/><F18/><W125/><G125/><T114/><D114/><U40/><E40/><V2/><F67/><W95/><G95/><T17/><D17/><U61/><E61/><V41/><F62/><W11/><G11/><T46/><D73/><U116/><E116/><V58/><F8/><W14/><G14/><T27/><D27/><U72/><E72/><V55/><F15/><W118/><G118/><T101/><D101/><U128/><E128/><V60/><F60/><W88/><G88/><T50/><D45/><U10/><E10/><V6/><F44/><W113/><G113/><T35/><D35/><U0/><E0/><V21/><F65/><W124/><G124/><T38/><D70/><U80/><E80/><V134/><F68/><W75/><G75/><T123/><D69/><U1/><E1/><V129/><F2/><W12/><G12/><RYUUKYOKU ba="5,1" sc="168,-15,282,15,294,-15,246,15" hai1="20,22,23,57,59,85,87,93,99,100" hai3="42,47,63,66,71,74,78,79,81,82,86,104,107" /><INIT seed="5,6,1,5,4,57" ten="153,297,279,261" oya="1" hai0="58,46,108,78,43,5,116,69,91,107,38,39,80" hai1="51,2,40,62,102,30,109,11,77,14,47,90,61" hai2="129,131,21,36,92,1,32,125,74,34,128,54,103" hai3="76,71,122,63,31,123,4,60,52,15,101,124,64"/><U87/><E2/><V100/><F1/><W20/><G76/><T13/><D116/><U59/><E109/><V118/><F36/><W132/><G101/><N who="2" m="38985" /><F74/><W65/><G124/><T73/><D108/><U49/><E30/><V75/><F75/><W104/><G104/><T72/><D69/><U27/><E102/><V66/><F125/><W68/><G132/><T134/><D134/><U112/><E27/><V48/><F118/><W135/><G135/><T50/><D73/><U130/><E130/><V133/><F133/><W0/><G52/><T10/><D107/><U115/><E77/><V117/><F117/><W83/><G83/><T19/><D91/><U7/><E51/><V16/><F92/><W127/><G127/><T121/><D121/><U110/><E110/><V22/><F66/><W25/><G0/><T93/><D93/><U84/><E84/><V98/><F98/><W119/><G119/><T8/><REACH who="0" step="1"/><D58/><REACH who="0" ten="143,297,279,261" step="2"/><U44/><E59/><N who="2" m="33223" /><F22/><W94/><G94/><T9/><D9/><AGARI ba="6,2" hai="4,9,15,20,25,31,60,63,64,65,68,71,122,123" machi="9" ten="40,5200,0" yaku="9,1,52,2" doraHai="57" who="3" fromWho="0" sc="143,-70,297,0,279,0,261,90" /><INIT seed="6,0,0,3,2,35" ten="73,297,279,351" oya="2" hai0="17,102,130,27,113,42,105,0,116,52,14,1,47" hai1="69,37,96,108,93,7,100,11,58,132,34,25,89" hai2="51,87,10,92,68,29,26,49,86,24,115,30,39" hai3="61,81,13,2,44,43,53,38,85,135,74,48,125"/><V63/><F39/><W45/><G74/><T122/><D122/><U32/><E108/><V28/><F115/><W123/><G123/><T84/><D27/><N who="2" m="10282" /><F68/><W50/><G135/><T23/><D113/><U114/><E132/><V54/><F10/><W112/><G125/><T31/><D31/><U64/><E37/><V46/><F46/><W97/><G97/><T80/><D130/><U6/><E114/><V109/><F109/><W129/><G129/><T33/><D33/><U79/><E79/><V83/><F92/><W5/><G38/><T3/><D116/><U99/><E69/><V65/><F83/><W134/><G134/><T101/><D105/><U94/><E7/><V8/><F65/><W91/><G112/><T57/><D47/><U9/><E9/><V41/><F8/><W16/><G5/><T15/><D15/><U88/><E100/><V131/><F131/><W111/><G111/><T107/><D42/><U77/><E77/><V104/><F104/><W121/><G121/><T119/><D107/><U78/><E78/><V60/><F41/><W70/><G70/><T72/><D72/><U56/><E64/><V133/><F133/><W120/><G120/><T103/><D119/><U95/><E95/><V21/><F21/><N who="3" m="11407" /><G2/><T106/><D106/><U75/><E75/><V71/><F71/><W67/><G67/><T55/><REACH who="0" step="1"/><D57/><REACH who="0" ten="63,297,279,351" step="2"/><N who="1" m="22123" /><E25/><V66/><F66/><W124/><G43/><T18/><D18/><U22/><E34/><V128/><F128/><W90/><G45/><T12/><D12/><N who="1" m="5239" /><E32/><V4/><F4/><W59/><G44/><T82/><D82/><RYUUKYOKU ba="0,1" sc="63,15,297,15,279,-15,351,-15" hai0="0,1,3,14,17,23,52,55,80,84,101,102,103" hai1="22,88,89,93,94,96,99" /><INIT seed="7,1,1,5,3,53" ten="78,312,264,336" oya="3" hai0="84,65,23,33,45,93,71,12,115,121,27,72,9" hai1="85,15,30,103,127,113,4,18,90,98,107,19,87" hai2="130,52,34,119,63,47,133,50,35,105,31,24,129" hai3="88,86,57,101,94,17,55,128,124,60,37,3,82"/><W109/><G3/><T80/><D121/><U99/><E113/><V0/><F119/><W132/><G37/><T2/><D72/><U92/><E127/><V118/><F118/><W25/><G124/><T75/><D115/><U67/><E30/><V123/><F123/><W112/><G112/><T106/><D106/><U13/><E4/><V26/><F133/><W83/><G132/><T1/><D75/><U39/><E39/><V20/><F105/><W78/><G128/><T131/><D131/><U69/><E69/><V43/><F0/><W100/><G109/><T81/><D71/><U91/><E67/><V64/><F43/><W126/><G126/><T96/><D65/><U41/><E41/><V117/><F117/><W7/><G7/><T125/><D33/><U6/><E6/><V8/><F8/><W77/><G25/><T38/><D125/><U44/><E44/><V49/><F49/><W102/><G17/><T32/><D32/><U111/><E111/><V28/><REACH who="2" step="1"/><F20/><REACH who="2" ten="78,312,254,336" step="2"/><W114/><G114/><T10/><D1/><U73/><E73/><V16/><F16/><W62/><G62/><T46/><D2/><U36/><E36/><V40/><F40/><W59/><G59/><AGARI ba="1,2" hai="24,26,28,31,34,35,47,50,52,59,63,64,129,130" machi="59" ten="40,8000,1" yaku="1,1,9,1,52,1,54,1,53,0" doraHai="53" doraHaiUra="70" who="2" fromWho="3" sc="78,0,312,0,254,103,336,-83" owari="78,-42.2,312,11.2,357,45.7,253,-14.7" /></mjloggm>