<mjloggm ver="2.3"><GO type="41" lobby="0"/><UN n0="%46%E5%92%B8%E9%AD%9A%E5%92%B8%E9%AD%9A%E5%92%B8" n1="%E2%93%9D%4C%75%63%6B%79%4A" n2="%E3%81%95%E3%81%A8%E3%81%86%E3%81%B5%E3%81%BF%E3%82%84" n3="%E6%96%87%E5%A5%88%E9%9B%AA%E8%88%9F" dan="15,17,14,14" rate="2024.23,2150.21,1854.19,2001.22" sx="M,M,M,M"/><TAIKYOKU oya="0"/><INIT seed="0,0,0,3,2,120" ten="250,250,250,250" oya="0" hai0="6,97,42,40,2,119,116,122,8,56,36,25,128" hai1="86,51,33,94,95,134,16,102,64,130,46,93,5" hai2="103,66,32,57,110,112,104,31,111,7,49,9,82" hai3="0,133,89,14,21,50,80,74,132,19,99,125,13"/><T113/><D113/><U72/><E33/><V18/><F112/><W79/><G0/><T118/><D122/><U34/><E34/><V107/><F18/><W83/><G125/><T96/><D128/><U61/><E72/><V23/><F32/><W60/><G60/><T54/><D25/><U3/><E134/><N who="3" m="51818" /><G50/><T15/><D2/><U123/><E123/><V131/><F131/><W20/><G99/><T29/><D29/><U70/><E130/><V48/><F31/><W115/><G115/><T26/><D26/><U10/><E102/><V65/><F23/><N who="3" m="8779" /><G19/><T11/><D11/><U85/><REACH who="1" step="1"/><E16/><REACH who="1" ten="250,240,250,250" step="2"/><V4/><F103/><W27/><G27/><T59/><D118/><U129/><E129/><V114/><F114/><W121/><G121/><T1/><D119/><U12/><E12/><V39/><F9/><W84/><AGARI ba="0,1" hai="13,14,74,79,80,83,84,89" m="8779,51818" machi="84" ten="30,1100,0" yaku="20,1" doraHai="120" who="3" fromWho="3" sc="250,-5,240,-3,250,-3,250,21" /><INIT seed="1,0,0,5,1,18" ten="245,237,247,271" oya="1" hai0="106,113,21,15,46,65,108,130,64,51,57,27,35" hai1="59,44,12,90,37,97,30,32,99,3,79,115,42" hai2="116,72,121,58,96,87,74,19,36,92,117,41,69" hai3="34,7,120,26,60,13,70,77,17,93,85,135,14"/><U126/><E115/><V100/><F69/><W50/><G120/><T109/><D106/><U128/><E3/><V49/><F121/><W0/><G135/><T84/><D113/><U52/><E79/><V73/><F36/><W122/><G122/><T123/><D130/><U40/><E128/><V132/><F132/><W124/><G124/><T9/><D35/><U43/><E126/><V8/><F8/><W118/><G118/><T88/><D123/><U16/><E30/><V55/><F41/><W76/><G0/><T67/><D57/><U71/><E71/><V29/><F29/><W83/><G77/><T54/><D15/><U45/><E32/><V101/><F101/><W94/><G34/><T133/><D9/><N who="1" m="6159" /><E37/><V75/><N who="2" m="18432" /><DORA hai="28" /><V89/><REACH who="2" step="1"/><F19/><REACH who="2" ten="245,237,237,271" step="2"/><W110/><G17/><N who="0" m="12719" /><D133/><U68/><E68/><V82/><AGARI ba="0,1" hai="49,55,58,82,87,89,92,96,100,116,117" m="18432" machi="82" ten="60,7900,0" yaku="1,1,0,1,53,1" doraHai="18,28" doraHaiUra="81,11" who="2" fromWho="2" sc="245,-20,237,-39,237,89,271,-20" /><INIT seed="2,0,0,4,5,81" ten="225,198,326,251" oya="2" hai0="118,11,62,45,14,72,3,26,122,103,39,112,93" hai1="9,97,117,25,16,78,89,106,120,19,67,80,84" hai2="31,125,105,68,121,107,75,34,20,110,54,43,58" hai3="88,36,12,83,101,4,99,108,114,111,10,92,29"/><V15/><F75/><W17/><G36/><T7/><D112/><U57/><E117/><V130/><F121/><W85/><G114/><T2/><D122/><U63/><E120/><V116/><F116/><W113/><G113/><T95/><D118/><U87/><E106/><V59/><F68/><W123/><G123/><T41/><D72/><U23/><E97/><V77/><F77/><W53/><G29/><T132/><D132/><U65/><E9/><V100/><F100/><W79/><G53/><T74/><D74/><U91/><E67/><V32/><F43/><W46/><G46/><T40/><D40/><U98/><E98/><V5/><F54/><W102/><REACH who="3" step="1"/><G4/><REACH who="3" ten="225,198,326,241" step="2"/><T115/><D115/><U38/><E38/><V52/><F52/><W109/><AGARI ba="0,1" hai="10,12,17,79,83,85,88,92,99,101,102,108,109,111" machi="109" ten="30,12000,2" yaku="1,1,2,1,0,1,14,1,52,1,54,1,53,0" doraHai="81" doraHaiUra="21" who="3" fromWho="3" sc="225,-30,198,-30,326,-60,241,130" /><INIT seed="3,0,0,4,3,116" ten="195,168,266,371" oya="3" hai0="70,90,99,97,46,110,115,33,117,23,37,119,66" hai1="102,58,2,72,75,88,80,84,105,101,6,38,125" hai2="1,44,135,67,65,35,79,57,132,40,108,130,95" hai3="47,19,32,59,60,106,28,17,128,69,9,42,118"/><W56/><G118/><T96/><D33/><U41/><E38/><V104/><F104/><W27/><G128/><T87/><D110/><U43/><E6/><V29/><F1/><W112/><G112/><T21/><D115/><U64/><E2/><V77/><F108/><W45/><G106/><T14/><D70/><U114/><E114/><V98/><F29/><W34/><G69/><T120/><D66/><U26/><E26/><V36/><F35/><W3/><G32/><T20/><D120/><U15/><E15/><V111/><F130/><W107/><G107/><T18/><D119/><U123/><E123/><V24/><F24/><W122/><G122/><T63/><D63/><U134/><E134/><N who="2" m="51243" /><F111/><W52/><G59/><T74/><D74/><U5/><E5/><V81/><F57/><W30/><G30/><T25/><D117/><U39/><E75/><N who="2" m="43199" /><F79/><W92/><G47/><T7/><D7/><U12/><E72/><V109/><F109/><W78/><G78/><T93/><D25/><U62/><E105/><V76/><F76/><W54/><G3/><T11/><D37/><U50/><E39/><V86/><F86/><W113/><G113/><T124/><D46/><N who="1" m="25951" /><E12/><V51/><F36/><W31/><G31/><T100/><REACH who="0" step="1"/><D124/><REACH who="0" ten="185,168,266,371" step="2"/><U131/><E125/><V83/><F67/><W8/><G34/><T61/><D61/><U49/><E131/><V129/><F65/><W89/><G28/><T53/><D53/><U68/><E68/><V0/><F129/><W73/><G54/><T91/><D91/><U4/><E4/><V82/><F0/><W10/><G73/><RYUUKYOKU ba="0,1" sc="185,10,168,10,266,10,371,-30" hai0="11,14,18,20,21,23,87,90,93,96,97,99,100" hai1="41,49,58,62,64,80,84,88,101,102" hai2="40,44,51,82,83,95,98" /><INIT seed="4,1,1,4,2,92" ten="195,178,276,341" oya="0" hai0="111,90,39,86,107,83,127,12,66,22,130,106,32" hai1="114,73,69,119,88,63,50,104,100,15,23,129,132" hai2="64,125,59,84,3,9,24,102,65,36,87,80,108" hai3="97,115,5,19,51,47,91,54,33,52,55,96,8"/><T121/><D121/><U30/><E73/><V89/><F36/><W48/><G33/><T10/><D32/><U4/><E119/><V76/><F108/><W29/><G29/><T6/><D39/><U7/><E104/><V31/><F125/><W71/><G71/><T117/><D117/><U135/><E100/><V53/><F102/><W116/><G115/><T120/><D120/><U18/><E50/><V11/><F84/><W26/><G116/><T46/><D127/><U45/><E45/><V40/><F40/><W109/><G109/><T123/><D130/><U62/><E30/><V16/><F76/><W94/><G97/><T38/><D123/><U79/><E79/><V44/><F44/><W101/><G101/><T133/><D133/><N who="1" m="51275" /><E129/><V34/><F3/><W118/><G118/><T35/><D35/><U126/><E126/><V61/><REACH who="2" step="1"/><F16/><REACH who="2" ten="195,178,266,341" step="2"/><W21/><G47/><T95/><D111/><U56/><E114/><V103/><F103/><W49/><G49/><T124/><D124/><U60/><E69/><V14/><F14/><AGARI ba="1,2" hai="5,8,14,19,21,26,48,51,52,54,55,91,94,96" machi="14" ten="40,5200,0" yaku="8,1,52,1,54,1" doraHai="92" who="3" fromWho="2" sc="195,0,178,0,266,-55,341,75" /><INIT seed="5,0,0,5,1,12" ten="195,178,211,416" oya="1" hai0="121,10,4,40,96,92,38,39,53,45,61,59,42" hai1="0,60,8,35,95,72,28,87,90,133,118,7,82" hai2="27,3,67,99,25,101,94,79,54,125,66,20,115" hai3="29,78,100,50,9,47,34,132,108,103,43,110,26"/><U15/><E118/><V49/><F125/><W2/><G132/><T24/><D121/><U85/><E133/><V22/><F115/><W123/><G123/><T129/><D129/><U62/><E72/><V77/><F3/><W65/><G78/><T97/><D24/><U116/><E116/><V11/><F11/><W93/><G65/><T75/><D75/><U55/><E35/><V32/><F32/><W107/><G107/><T114/><D114/><U105/><E105/><V51/><F54/><W57/><G57/><T58/><D58/><U5/><E28/><V134/><F134/><W131/><G131/><T104/><D104/><U1/><E1/><V21/><F27/><W44/><G44/><T56/><D56/><U46/><E0/><V48/><REACH who="2" step="1"/><F25/><REACH who="2" ten="195,178,201,416" step="2"/><W19/><G2/><T73/><D10/><U117/><E117/><V74/><F74/><W112/><G112/><T83/><D73/><U41/><E55/><V64/><AGARI ba="0,1" hai="20,21,22,48,49,51,64,66,67,77,79,94,99,101" machi="64" ten="40,8000,1" yaku="1,1,0,1,29,2,8,1,53,0" doraHai="12" doraHaiUra="111" who="2" fromWho="2" sc="195,-20,178,-40,201,90,416,-20" /><INIT seed="6,0,0,2,2,89" ten="175,138,291,396" oya="2" hai0="83,10,15,112,64,104,41,55,131,7,39,126,46" hai1="101,73,57,44,107,93,80,11,102,125,16,81,12" hai2="82,9,128,43,24,34,8,71,50,75,31,120,86" hai3="116,111,14,18,27,66,84,68,108,20,109,94,0"/><V127/><F127/><W47/><G0/><T124/><D112/><U5/><E107/><V135/><F135/><W2/><G2/><T25/><D104/><U88/><E125/><N who="0" m="48233" /><D131/><U103/><E73/><V85/><F120/><W90/><G116/><T4/><D64/><U6/><E44/><V54/><F71/><W106/><G106/><T1/><D25/><U30/><E30/><V70/><F70/><W17/><G47/><T59/><D83/><N who="1" m="31819" /><E57/><V28/><F43/><W115/><G115/><T33/><D33/><U110/><E110/><V130/><F24/><W56/><G68/><T100/><D100/><N who="1" m="25603" /><U121/><DORA hai="76" /><E121/><V67/><F82/><W32/><G32/><T132/><D132/><U79/><E79/><V129/><F75/><W99/><G56/><T60/><D1/><U72/><E72/><V95/><F67/><W29/><G66/><T51/><D4/><U26/><E26/><V118/><F118/><W105/><G105/><T134/><D134/><U13/><E13/><V3/><F3/><W19/><G14/><T38/><AGARI ba="0,0" hai="7,10,15,38,39,41,46,51,55,59,60" m="48233" machi="38" ten="30,1100,0" yaku="18,1" doraHai="89,76" who="0" fromWho="0" sc="175,11,138,-3,291,-5,396,-3" /><INIT seed="7,0,0,0,2,44" ten="186,135,286,393" oya="3" hai0="116,111,19,62,98,63,72,133,84,81,45,5,79" hai1="14,68,39,55,120,38,69,61,56,23,48,16,49" hai2="46,135,78,83,27,22,17,90,77,2,95,21,31" hai3="1,108,115,80,18,36,34,13,75,12,87,65,124"/><W15/><G1/><T52/><D116/><U106/><E106/><V130/><F130/><W28/><G36/><T126/><D111/><U54/><E120/><V20/><F135/><W6/><G75/><T3/><D133/><U59/><REACH who="1" step="1"/><E61/><REACH who="1" ten="186,125,286,393" step="2"/><V40/><F31/><W50/><G28/><T53/><D63/><U92/><E92/><V113/><F95/><W107/><G107/><T122/><D62/><U103/><E103/><V89/><F83/><W26/><G80/><T94/><D122/><U29/><E29/><V128/><F128/><W86/><G108/><T4/><D94/><U25/><E25/><V24/><F24/><W51/><G26/><T76/><D81/><U123/><E123/><V85/><F27/><W121/><G121/><T109/><D109/><U73/><E73/><V0/><F113/><W118/><G115/><T11/><D72/><U119/><E119/><V88/><F85/><W101/><G118/><T35/><D84/><U100/><E100/><V10/><F78/><W33/><G101/><T134/><D79/><U114/><E114/><V58/><F77/><W97/><G87/><T64/><D76/><U9/><E9/><V117/><F117/><W104/><G104/><T41/><D11/><U7/><E7/><V32/><F10/><W127/><G6/><T60/><D5/><U125/><E125/><V91/><F0/><W93/><G124/><T82/><D4/><U42/><E42/><V43/><F43/><W131/><G127/><T30/><D41/><U57/><E57/><V96/><F2/><W47/><G86/><T129/><D126/><RYUUKYOKU ba="0,1" sc="186,-10,125,30,286,-10,393,-10" hai1="14,16,23,38,39,48,49,54,55,56,59,68,69" owari="176,-22.4,155,-34.5,276,7.6,393,49.3" /></mjloggm>