<mjloggm ver="2.3"><GO type="41" lobby="0"/><UN n0="%E2%93%9D%4C%75%63%6B%79%4A" n1="%E6%99%A8%E6%98%8F%E5%B0%8D%E5%B3%99" n2="%E6%A3%AE%E3%81%A8%E9%A2%A8%E9%88%B4" n3="%E4%BD%BF%E3%81%88%E3%81%AA%E3%81%84%E7%94%B7%E3%80%82" dan="17,15,13,13" rate="2143.89,2019.32,1870.52,1872.95" sx="M,M,M,M"/><TAIKYOKU oya="0"/><INIT seed="0,0,0,1,3,83" ten="250,250,250,250" oya="0" hai0="74,66,6,42,122,91,72,132,131,108,96,47,105" hai1="2,14,48,121,126,39,41,30,49,46,26,128,73" hai2="100,61,59,54,103,81,119,44,7,38,36,135,76" hai3="87,94,88,115,98,111,34,12,110,43,107,120,35"/><T18/><D122/><U93/><E128/><V13/><F135/><W133/><G120/><T67/><D6/><U69/><E126/><V117/><F7/><W16/><G43/><T77/><D132/><U129/><E129/><V82/><F13/><W32/><G115/><T21/><D77/><U40/><E121/><V125/><F125/><W62/><G62/><T63/><D67/><U113/><E113/><V95/><F82/><W99/><G133/><T102/><D108/><N who="3" m="41513" /><G107/><T92/><D131/><U37/><E73/><V15/><F15/><W31/><G31/><T33/><D33/><U20/><E2/><V127/><F127/><W124/><G124/><T53/><D53/><U65/><E14/><V45/><F45/><W19/><G19/><T64/><D66/><U52/><E93/><V24/><F24/><W5/><G5/><T8/><D8/><AGARI ba="0,0" hai="8,12,16,32,34,35,87,88,94,98,99" m="41513" machi="8" ten="40,8000,1" yaku="14,1,52,1,54,2" doraHai="83" who="3" fromWho="0" sc="250,-80,250,0,250,0,250,80" /><INIT seed="1,0,0,5,5,14" ten="170,250,250,330" oya="1" hai0="134,110,109,42,119,96,112,13,126,8,121,59,99" hai1="94,49,75,26,73,88,120,118,61,129,18,130,63" hai2="108,20,6,113,87,9,23,78,55,24,85,128,89" hai3="47,44,102,65,36,58,111,22,93,74,77,79,12"/><U37/><E37/><V62/><F108/><N who="0" m="41578" /><D112/><U40/><E120/><V82/><F113/><W76/><G74/><T7/><D119/><U57/><E118/><V2/><F128/><N who="1" m="49257" /><E40/><V17/><F62/><N who="1" m="23561" /><E49/><V133/><F23/><W52/><G65/><T86/><D126/><U116/><E57/><V60/><F60/><N who="3" m="35911" /><G36/><T56/><D134/><U123/><E123/><V80/><REACH who="2" step="1"/><F55/><REACH who="2" ten="170,250,240,330" step="2"/><W31/><G111/><T66/><D121/><U29/><E116/><V70/><F70/><W5/><G31/><T104/><D66/><U41/><E29/><V132/><AGARI ba="0,1" hai="2,6,9,17,20,24,78,80,82,85,87,89,132,133" machi="132" ten="30,7900,0" yaku="1,1,0,1,52,1,53,1" doraHai="14" doraHaiUra="34" who="2" fromWho="2" sc="170,-20,250,-39,240,89,330,-20" /><INIT seed="2,0,0,5,5,3" ten="150,211,329,310" oya="2" hai0="107,41,90,44,59,22,88,92,29,23,11,122,103" hai1="7,78,31,77,12,24,34,17,15,64,40,116,33" hai2="132,74,14,94,19,114,18,32,10,46,9,61,27" hai3="109,72,30,49,56,4,66,39,62,55,76,8,54"/><V25/><F74/><W79/><G109/><T120/><D107/><U60/><E116/><V91/><F114/><W100/><G100/><T67/><D103/><U111/><E111/><V133/><F61/><W87/><G72/><T85/><D29/><U95/><E40/><V93/><F46/><W37/><G30/><T84/><D11/><U75/><E34/><V124/><F124/><W99/><G99/><T71/><D71/><U65/><E95/><V102/><F102/><W70/><G87/><T48/><D122/><U110/><E110/><V97/><F93/><W73/><G73/><T1/><D1/><U105/><E105/><V128/><F128/><W53/><G53/><T68/><D68/><U130/><E130/><V51/><F51/><W83/><G83/><T101/><D120/><U36/><E36/><V123/><F123/><W86/><G86/><T6/><D6/><U118/><E118/><V82/><F82/><W121/><G121/><T42/><D42/><U63/><E75/><V129/><F129/><W96/><G96/><T89/><D101/><U16/><E33/><V69/><F69/><W58/><G39/><T0/><D0/><U13/><E31/><V98/><F98/><W47/><G58/><T119/><D119/><U26/><E13/><N who="2" m="7471" /><F32/><W57/><G70/><T38/><D38/><U125/><E125/><V21/><F21/><N who="0" m="7690" /><D92/><U108/><E108/><V2/><F2/><N who="3" m="23" /><G37/><T112/><D112/><U106/><E106/><V117/><F117/><W28/><G28/><T45/><D45/><U52/><E7/><V135/><AGARI ba="0,0" hai="10,14,19,25,27,91,94,97,132,133,135" m="7471" machi="135" ten="30,1500,0" yaku="20,1" doraHai="3" who="2" fromWho="2" sc="150,-5,211,-5,329,15,310,-5" /><INIT seed="2,1,0,5,3,22" ten="145,206,344,305" oya="2" hai0="35,21,2,108,58,85,79,90,34,115,42,78,6" hai1="20,44,19,84,55,17,24,74,131,9,126,104,70" hai2="98,89,86,7,66,132,75,134,56,29,16,91,37" hai3="99,118,101,69,95,135,68,51,83,57,33,62,11"/><V77/><F75/><W109/><G118/><T124/><D115/><U38/><E74/><V36/><F29/><W59/><G33/><T110/><D42/><U46/><E104/><V113/><F7/><W27/><G109/><N who="0" m="42091" /><D58/><U1/><E70/><V122/><F122/><W80/><G135/><T120/><D120/><U61/><E126/><V26/><F113/><W112/><G112/><T50/><D50/><U53/><E131/><V123/><F123/><W129/><G129/><T96/><D96/><U65/><E38/><V93/><F77/><N who="0" m="29194" /><D21/><N who="1" m="13359" /><E1/><V52/><F66/><W97/><G97/><T103/><D103/><U72/><E72/><V106/><F106/><W117/><G117/><T105/><D105/><U92/><E65/><V47/><F134/><W130/><G130/><T133/><D133/><U32/><E32/><N who="0" m="12329" /><D6/><U28/><E28/><V49/><F132/><W67/><G69/><T12/><D12/><N who="1" m="7567" /><E20/><N who="2" m="13575" /><F36/><W87/><G68/><T102/><D102/><U94/><E84/><V60/><F37/><W48/><G87/><T125/><D2/><U14/><E14/><V45/><F49/><W121/><G51/><T41/><D41/><U18/><E18/><V88/><F86/><W100/><G121/><T111/><N who="0" m="42099" /><T128/><DORA hai="114" /><D128/><U13/><E13/><V73/><F73/><W71/><G71/><T15/><D15/><U10/><E10/><V5/><F5/><W0/><G11/><T127/><D85/><U64/><E64/><V40/><F40/><W23/><G0/><T76/><N who="0" m="29202" /><T39/><DORA hai="4" /><D39/><U116/><E116/><V25/><F25/><RYUUKYOKU ba="1,0" sc="145,15,206,-15,344,15,305,-15" hai0="90,124,125,127" hai2="45,47,52,56,60,88,89,91,93,98" /><INIT seed="2,2,0,1,0,15" ten="160,191,359,290" oya="2" hai0="12,135,24,68,71,6,92,11,46,64,63,18,5" hai1="103,77,17,96,45,67,100,25,123,32,108,38,81" hai2="0,31,48,101,86,109,132,121,87,74,29,60,3" hai3="98,118,90,83,126,112,52,78,7,37,134,110,76"/><V75/><F121/><W84/><G37/><T93/><D135/><U105/><E103/><V1/><F101/><W117/><G7/><T42/><D71/><U40/><E108/><V88/><F132/><W79/><G134/><T131/><D131/><U66/><E123/><V120/><F120/><W89/><G110/><T20/><REACH who="0" step="1"/><D6/><REACH who="0" ten="150,191,359,290" step="2"/><U49/><E38/><AGARI ba="2,1" hai="5,11,12,18,20,24,38,42,46,63,64,68,92,93" machi="38" ten="30,8000,1" yaku="1,1,2,1,7,1,52,1,53,1" doraHai="15" doraHaiUra="13" who="0" fromWho="1" sc="150,96,191,-86,359,0,290,0" /><INIT seed="3,0,0,4,1,101" ten="246,105,359,290" oya="3" hai0="26,87,76,109,122,54,80,60,86,112,132,52,1" hai1="0,51,8,93,134,67,45,46,94,117,96,17,65" hai2="63,21,121,107,64,111,71,118,62,58,57,55,53" hai3="50,24,18,123,75,79,128,120,10,68,108,92,49"/><W98/><G68/><T33/><D122/><U95/><E134/><V127/><F121/><W56/><G128/><T129/><D1/><U130/><E130/><V43/><F21/><W89/><G108/><T11/><D109/><U110/><E110/><V37/><F111/><W115/><G115/><T88/><D129/><U66/><E117/><V103/><F118/><W22/><G50/><T77/><D132/><U61/><E0/><V16/><F103/><W35/><G35/><T23/><D33/><U32/><E32/><V114/><F16/><W90/><G90/><T39/><D39/><U124/><E124/><V131/><F107/><W40/><G79/><T133/><D11/><U85/><E85/><V34/><F34/><W104/><G75/><T119/><D112/><U126/><E126/><V25/><F25/><W28/><G104/><T9/><D9/><U41/><E46/><N who="2" m="23919" /><F131/><W4/><G28/><T5/><D5/><U29/><E29/><V83/><F83/><W73/><G73/><T42/><D133/><U2/><E2/><V81/><F81/><W135/><G135/><T31/><D119/><U36/><E36/><V6/><F6/><W69/><G69/><T13/><D13/><N who="1" m="7335" /><E61/><N who="2" m="40335" /><F127/><W106/><G106/><T38/><D77/><U74/><E74/><V14/><F14/><N who="3" m="5447" /><G40/><T12/><D12/><U125/><E125/><V3/><F3/><W78/><G78/><T102/><D102/><AGARI ba="0,0" hai="41,45,51,65,66,67,93,94,95,96,102" m="7335" machi="102" ten="30,1000,0" yaku="8,1" doraHai="101" who="1" fromWho="0" sc="246,-10,105,10,359,0,290,0" /><INIT seed="4,0,0,5,3,123" ten="236,115,359,290" oya="0" hai0="21,109,10,23,31,65,133,19,67,16,68,118,102" hai1="100,14,134,25,22,9,71,26,75,46,6,49,90" hai2="107,4,130,94,18,38,96,36,125,32,15,78,84" hai3="93,12,72,73,92,98,135,29,58,112,79,57,76"/><T103/><D118/><U0/><E134/><V114/><F32/><W41/><G41/><T115/><D133/><U120/><E120/><V62/><F114/><W53/><G135/><T64/><D115/><U59/><E71/><V106/><F4/><W97/><G12/><T88/><D68/><U30/><E75/><V17/><F62/><W131/><G112/><T86/><D109/><U82/><E100/><N who="0" m="38441" /><D10/><U52/><E26/><V111/><F84/><W60/><G29/><T40/><D40/><U83/><E0/><V48/><F78/><W44/><G44/><T99/><D99/><U91/><REACH who="1" step="1"/><E46/><REACH who="1" ten="236,105,359,290" step="2"/><V104/><F15/><W27/><G27/><N who="0" m="16895" /><D21/><U50/><E50/><V51/><F51/><W5/><G73/><T108/><D108/><U63/><E63/><V126/><F48/><W105/><G72/><T28/><D28/><U34/><E34/><V42/><F111/><W81/><G60/><T95/><AGARI ba="0,1" hai="16,19,64,65,67,86,88,95" m="16895,38441" machi="95" ten="30,6000,0" yaku="8,1,54,2" doraHai="123" who="0" fromWho="0" sc="236,70,105,-20,359,-20,290,-20" /><INIT seed="4,1,0,3,1,14" ten="306,85,339,270" oya="0" hai0="110,133,33,67,134,103,122,41,78,15,50,72,40" hai1="95,128,63,104,129,12,2,102,20,70,65,82,44" hai2="106,57,0,3,112,77,108,100,61,109,46,91,130" hai3="64,31,53,52,126,127,118,132,68,34,120,38,55"/><T66/><D33/><U47/><E2/><V113/><F130/><N who="1" m="50281" /><E104/><V71/><F71/><W89/><G34/><T24/><D24/><U4/><E82/><V94/><F100/><W87/><G31/><T28/><D28/><U73/><E73/><V48/><F77/><W99/><G99/><T125/><D122/><U25/><E12/><V29/><F29/><W16/><G38/><T75/><D50/><U88/><E102/><V23/><F23/><W123/><G89/><T119/><D103/><U18/><E4/><V85/><F106/><W45/><G118/><T10/><D125/><N who="3" m="47625" /><G87/><AGARI ba="1,0" hai="18,20,25,44,47,63,65,70,87,88,95" m="50281" machi="87" ten="30,3900,0" yaku="19,1,52,1,54,1" doraHai="14" who="1" fromWho="3" sc="306,0,85,42,339,0,270,-42" /><INIT seed="5,0,0,5,5,28" ten="306,127,339,228" oya="1" hai0="56,94,129,132,32,114,8,38,45,2,68,130,15" hai1="83,89,116,57,29,126,16,40,77,73,101,105,102" hai2="121,84,78,3,100,64,134,22,30,103,47,80,90" hai3="92,109,135,25,66,75,96,118,1,50,124,112,39"/><U111/><E116/><V122/><F3/><W108/><G1/><T52/><D68/><U35/><E126/><V79/><F64/><W106/><G39/><T87/><D2/><U11/><E111/><V54/><F134/><W113/><G66/><T49/><D114/><N who="3" m="44137" /><G50/><T131/><D132/><U69/><E69/><V58/><F47/><W110/><G25/><T33/><D94/><U21/><E40/><V20/><F122/><W53/><G53/><T9/><D87/><U67/><E105/><V36/><F36/><W98/><G135/><T91/><D91/><U12/><E89/><V120/><F120/><W17/><G17/><N who="0" m="8431" /><D8/><U85/><E73/><V107/><F107/><W133/><G133/><T117/><D117/><U119/><E119/><V125/><F125/><W18/><G118/><T81/><D81/><U44/><E44/><V31/><F31/><W61/><G124/><T76/><D76/><N who="2" m="29226" /><F121/><W70/><G75/><T5/><D5/><U127/><E127/><V97/><F97/><W26/><G106/><T104/><D104/><U0/><E0/><V74/><F74/><W10/><G92/><T55/><D38/><U72/><E72/><V99/><F30/><W60/><G70/><T82/><D82/><U95/><E95/><V4/><F4/><W93/><G93/><T41/><D41/><U7/><E7/><V27/><F80/><W24/><G98/><T23/><D23/><U65/><E35/><V88/><F99/><W71/><G96/><T13/><D13/><U46/><E46/><V37/><F37/><W48/><G110/><T14/><D14/><RYUUKYOKU ba="0,0" sc="306,30,127,-10,339,-10,228,-10" hai0="32,33,45,49,52,55,56,129,130,131" /><INIT seed="6,1,0,2,0,38" ten="336,117,329,218" oya="2" hai0="125,97,92,82,99,117,120,50,133,3,114,109,15" hai1="63,35,33,135,75,40,42,24,67,58,78,6,68" hai2="105,94,43,91,51,0,16,37,1,127,55,131,119" hai3="71,27,96,88,30,7,65,29,52,31,8,95,101"/><V76/><F119/><W128/><G128/><T93/><D3/><U56/><E135/><V129/><F105/><W34/><G65/><T106/><D15/><U10/><E68/><V22/><F76/><W46/><G71/><T45/><D109/><U108/><E108/><V11/><F127/><W66/><G66/><T49/><D106/><U103/><E103/><V113/><F113/><W9/><G9/><T87/><D120/><U60/><E75/><V110/><F37/><W2/><REACH who="3" step="1"/><G101/><REACH who="3" ten="336,117,329,208" step="2"/><T124/><D125/><U20/><E33/><V28/><F110/><W73/><G73/><T5/><D124/><U4/><E35/><V79/><F11/><W123/><G123/><T69/><D69/><U23/><E78/><V61/><F79/><W18/><G18/><T26/><D114/><U19/><E20/><V14/><F28/><W36/><G36/><T59/><D117/><U32/><E32/><V48/><F131/><W111/><G111/><T132/><D133/><U41/><E10/><V21/><F21/><W39/><G39/><T90/><D132/><U98/><E98/><N who="2" m="57695" /><F129/><W130/><G130/><T72/><D72/><U102/><REACH who="1" step="1"/><E102/><REACH who="1" ten="336,107,329,208" step="2"/><V85/><F22/><W83/><G83/><T122/><D82/><U100/><E100/><V17/><F17/><W81/><G81/><T70/><D70/><U107/><E107/><V47/><F16/><W25/><G25/><T112/><D26/><U84/><E84/><V86/><F85/><W134/><G134/><T121/><D87/><U64/><AGARI ba="1,2" hai="4,6,19,23,24,40,41,42,56,58,60,63,64,67" machi="64" ten="30,12000,2" yaku="1,1,0,1,9,1,8,1,52,3,53,0" doraHai="38" doraHaiUra="74" who="1" fromWho="1" sc="336,-31,107,143,329,-61,208,-31" /><INIT seed="7,0,0,4,5,5" ten="305,250,268,177" oya="3" hai0="42,58,132,75,134,60,89,115,61,102,101,6,77" hai1="54,36,67,111,27,30,127,106,0,17,94,41,46" hai2="72,80,107,3,53,83,44,35,116,133,96,34,70" hai3="91,38,45,93,128,23,52,108,16,14,123,99,126"/><W33/><G123/><T24/><D42/><U63/><E127/><V62/><F116/><W82/><G33/><T7/><D89/><U74/><E111/><V121/><F3/><W129/><G108/><T51/><D51/><U40/><E40/><V37/><F121/><W131/><G126/><T43/><D43/><U78/><E94/><V4/><F4/><N who="0" m="1578" /><D24/><U117/><E17/><V1/><F1/><W122/><G122/><T2/><D61/><U124/><E54/><V18/><F18/><W47/><G38/><T71/><D71/><N who="1" m="42495" /><E117/><V10/><F10/><W85/><REACH who="3" step="1"/><G52/><REACH who="3" ten="305,250,268,167" step="2"/><T15/><D134/><U105/><E124/><V56/><F34/><W125/><G125/><T64/><D132/><U19/><E0/><V73/><F35/><W25/><G25/><T109/><D109/><U79/><E27/><V103/><F37/><W8/><G8/><T90/><D2/><U49/><E36/><V100/><F133/><W120/><G120/><T12/><D15/><U29/><E41/><V57/><F53/><W28/><G28/><T95/><D12/><U20/><E30/><V86/><F62/><W88/><AGARI ba="0,1" hai="14,16,23,45,47,82,85,88,91,93,99,128,129,131" machi="88" ten="30,12000,1" yaku="1,1,0,1,19,1,54,2,53,0" doraHai="5" doraHaiUra="21" who="3" fromWho="3" sc="305,-40,250,-40,268,-40,167,130" /><INIT seed="7,1,0,0,2,69" ten="265,210,228,297" oya="3" hai0="81,20,16,120,53,52,106,10,78,77,74,76,35" hai1="99,34,105,104,102,101,90,40,14,61,100,97,125" hai2="84,107,96,92,117,46,8,118,123,115,0,3,91" hai3="135,57,41,114,83,42,113,64,31,37,98,112,49"/><W51/><G31/><T95/><D106/><U87/><E34/><V19/><F115/><W30/><G135/><T17/><D35/><U122/><E122/><V119/><F123/><W55/><G30/><T94/><D74/><U7/><E125/><V27/><F46/><N who="3" m="23855" /><G42/><T130/><D130/><U65/><E40/><V71/><F71/><W4/><G4/><T133/><D81/><U9/><E101/><V29/><F19/><W36/><G36/><T72/><D72/><U121/><E121/><V134/><F8/><W68/><G98/><T85/><D133/><U43/><E43/><V26/><F134/><W128/><G83/><T5/><D17/><U88/><E87/><V108/><F108/><W73/><G73/><T103/><D120/><U62/><E62/><V58/><F58/><AGARI ba="1,0" hai="7,9,14,58,61,65,88,90,97,99,100,102,104,105" machi="58" ten="30,3900,0" yaku="7,1,9,1,54,1" doraHai="69" who="1" fromWho="2" sc="265,0,210,42,228,-42,297,0" /><INIT seed="8,0,0,4,5,72" ten="265,252,186,297" oya="0" hai0="134,104,42,127,38,113,98,57,60,70,20,25,36" hai1="81,124,2,84,23,52,130,37,44,133,85,122,9" hai2="40,15,16,3,55,11,117,120,115,48,106,121,65" hai3="111,112,79,123,58,62,47,19,86,8,49,61,30"/><T12/><D113/><U43/><E122/><V53/><F115/><W90/><G111/><T66/><D127/><U102/><E124/><V32/><F106/><W54/><G112/><T10/><D134/><U87/><E133/><V118/><F32/><W103/><G103/><T88/><D70/><U73/><E130/><V67/><F40/><W0/><G123/><T78/><D78/><N who="1" m="44239" /><E102/><V68/><F3/><W129/><G129/><T63/><D63/><U5/><E23/><V59/><F53/><AGARI ba="0,0" hai="2,5,9,37,43,44,52,53,84,85,87" m="44239" machi="53" ten="30,3900,0" yaku="25,1,52,1,54,1" doraHai="72" who="1" fromWho="2" sc="265,0,252,39,186,-39,297,0" /><INIT seed="9,0,0,0,5,125" ten="265,291,147,297" oya="1" hai0="24,38,63,26,8,93,103,65,44,116,79,62,40" hai1="0,60,111,71,106,124,49,120,34,82,123,90,13" hai2="51,2,83,98,91,11,22,17,20,127,15,74,102" hai3="19,52,121,113,134,110,5,21,135,1,101,14,29"/><U18/><E106/><V132/><F127/><W96/><G121/><T94/><D79/><U31/><E124/><V117/><F117/><W6/><G110/><T84/><D116/><U107/><E0/><V59/><F132/><N who="3" m="50731" /><G1/><T70/><D63/><U64/><E107/><V54/><F2/><W35/><G113/><T89/><REACH who="0" step="1"/><D8/><REACH who="0" ten="255,291,147,297" step="2"/><U95/><E111/><V87/><REACH who="2" step="1"/><F74/><REACH who="2" ten="255,291,137,297" step="2"/><W130/><G130/><T105/><D105/><AGARI ba="0,2" hai="11,15,17,20,22,51,54,59,83,87,91,98,102,105" machi="105" ten="30,3900,0" yaku="1,1,2,1,7,1,53,0" doraHai="125" doraHaiUra="114" who="2" fromWho="0" sc="255,-39,291,0,137,59,297,0" /><INIT seed="10,0,0,3,2,88" ten="216,291,196,297" oya="2" hai0="9,84,24,38,81,86,66,3,47,98,105,116,127" hai1="120,99,68,80,104,69,135,128,123,42,71,26,96" hai2="54,117,76,7,67,64,85,124,101,75,34,40,107" hai3="52,74,39,61,134,1,90,37,89,31,48,82,18"/><V35/><F75/><W130/><G1/><T33/><D66/><U91/><E135/><V32/><F124/><W78/><G134/><T56/><D56/><U83/><E128/><V57/><F117/><W12/><G31/><T25/><D86/><N who="1" m="50631" /><E26/><V65/><F40/><W8/><G130/><T119/><D98/><N who="1" m="37419" /><E83/><V59/><F7/><W53/><G39/><T103/><D103/><U114/><E42/><V110/><F101/><W6/><G37/><T115/><D105/><U93/><E93/><V27/><F107/><W122/><G122/><N who="1" m="46634" /><E104/><V55/><F27/><W51/><G61/><T17/><D25/><U118/><E114/><V10/><F110/><W5/><G90/><T2/><D24/><U108/><E108/><V132/><F132/><W20/><G89/><T70/><D115/><U129/><E129/><V63/><F85/><W45/><G20/><T22/><D22/><U58/><E58/><AGARI ba="0,0" hai="5,6,8,12,18,45,48,51,52,53,58,74,78,82" machi="58" ten="30,2000,0" yaku="7,1,54,1" doraHai="88" who="3" fromWho="1" sc="216,0,291,-20,196,0,297,20" owari="216,-18.4,271,7.1,196,-30.4,317,41.7" /></mjloggm>