<mjloggm ver="2.3"><GO type="41" lobby="0"/><UN n0="%E2%93%9D%4C%75%63%6B%79%4A" n1="%E3%81%97%E3%82%8D%E3%81%BE%E3%82%81" n2="%6D%69%68%6F%6D%69%68%6F" n3="%4E%6F%76%65%6C" dan="13,16,14,14" rate="1864.61,2050.76,1870.06,1943.09" sx="M,M,F,M"/><TAIKYOKU oya="0"/><INIT seed="0,0,0,1,2,78" ten="250,250,250,250" oya="0" hai0="10,12,99,22,90,126,66,42,50,71,11,27,83" hai1="133,127,65,82,130,58,116,39,106,3,9,47,96" hai2="36,25,124,57,69,59,109,128,26,104,4,75,52" hai3="125,107,114,134,129,28,123,80,86,45,102,108,112"/><T117/><D117/><U38/><E116/><V32/><F104/><W46/><G123/><T21/><D126/><U33/><E33/><V63/><F124/><W76/><G125/><T87/><D71/><U68/><E130/><V7/><F128/><W17/><G129/><T24/><D66/><U121/><E121/><V89/><F36/><W85/><G134/><T72/><D72/><U93/><E133/><V16/><F75/><W91/><G108/><T118/><D118/><U103/><E127/><V110/><F69/><W20/><G28/><T29/><D99/><U8/><E93/><V37/><F37/><W100/><G114/><T19/><REACH who="0" step="1"/><D27/><REACH who="0" ten="240,250,250,250" step="2"/><U53/><E68/><V1/><F32/><W34/><G34/><T5/><D5/><U62/><E65/><V48/><F1/><W113/><G113/><T115/><D115/><U56/><E3/><V43/><F109/><W98/><G112/><T88/><D88/><U81/><E96/><V2/><F89/><W122/><G122/><T70/><D70/><U92/><E103/><V44/><F2/><W131/><G100/><T23/><D23/><U105/><E92/><V14/><F110/><W0/><G0/><T95/><D95/><U18/><E9/><N who="2" m="6223" /><F4/><W61/><G131/><T97/><D97/><U119/><E8/><V67/><F7/><W77/><G102/><T54/><D54/><U74/><E119/><V135/><F135/><W120/><G98/><T35/><D35/><U101/><E101/><V64/><F64/><W40/><G120/><T6/><D6/><U60/><E74/><V31/><F31/><RYUUKYOKU ba="0,1" sc="240,15,250,-15,250,15,250,-15" hai0="10,11,12,19,21,22,24,29,42,50,83,87,90" hai2="25,26,43,44,48,52,57,59,63,67" /><INIT seed="0,1,1,1,0,75" ten="255,235,265,235" oya="0" hai0="8,125,102,94,63,91,18,78,1,54,81,39,24" hai1="52,66,119,32,41,48,130,108,131,88,103,61,0" hai2="56,25,120,37,2,85,69,92,129,9,15,36,104" hai3="67,28,12,7,44,47,51,57,43,19,62,114,40"/><T4/><D125/><U53/><E32/><V83/><F120/><W118/><G118/><T82/><D39/><U60/><E0/><V59/><F104/><W17/><G114/><T21/><D102/><U38/><E119/><V89/><F69/><W73/><G73/><T46/><D46/><N who="1" m="23863" /><E103/><V34/><F2/><W3/><G3/><T71/><D78/><U80/><E108/><V101/><F129/><N who="1" m="49161" /><E88/><V49/><F49/><W127/><G28/><T133/><D133/><U13/><E13/><V116/><F116/><W72/><G72/><T107/><D107/><U45/><E80/><V70/><F70/><W23/><G127/><T84/><REACH who="0" step="1"/><D71/><REACH who="0" ten="245,235,265,235" step="2"/><N who="1" m="42439" /><E61/><V121/><F121/><W16/><REACH who="3" step="1"/><G7/><REACH who="3" ten="245,235,265,225" step="2"/><T123/><D123/><U98/><E98/><V134/><F134/><W117/><G117/><T100/><D100/><U14/><E14/><V93/><F101/><W86/><G86/><T65/><D65/><U128/><E128/><V29/><F29/><W50/><AGARI ba="1,3" hai="12,16,17,19,23,40,43,44,47,50,51,57,62,67" machi="50" ten="20,12000,2" yaku="1,1,0,1,7,1,9,1,8,1,54,1,53,0" doraHai="75" doraHaiUra="122" who="3" fromWho="3" sc="245,-61,235,-31,265,-31,225,153" /><INIT seed="1,0,0,2,1,132" ten="184,204,234,378" oya="1" hai0="129,3,70,43,102,81,55,61,92,82,98,49,90" hai1="26,95,97,83,1,45,0,122,46,80,59,135,68" hai2="47,113,48,78,126,115,73,56,12,15,108,72,85" hai3="32,19,116,35,110,94,50,30,52,104,36,88,99"/><U106/><E122/><V93/><F108/><W127/><G36/><T58/><D3/><U20/><E68/><V101/><F73/><W9/><G104/><T131/><D43/><U7/><E135/><V51/><F72/><W120/><G120/><T103/><D70/><U57/><E106/><V84/><F84/><W114/><G114/><N who="2" m="43529" /><F56/><W111/><G116/><T14/><D14/><U16/><E7/><V64/><F64/><W31/><G31/><T118/><D118/><U54/><E1/><V77/><F51/><W60/><G60/><T66/><D131/><U79/><E0/><V65/><F65/><W21/><G9/><T22/><D22/><U100/><E59/><V34/><F34/><W13/><G127/><T41/><D129/><U128/><E128/><V107/><F126/><W18/><G18/><T10/><D10/><U124/><E124/><V74/><F107/><W133/><G133/><T117/><D117/><U27/><E27/><V24/><F24/><W67/><G67/><T6/><D6/><U8/><E8/><V63/><F63/><W89/><G30/><T134/><D134/><U62/><REACH who="1" step="1"/><E80/><REACH who="1" ten="184,194,234,378" step="2"/><N who="0" m="30825" /><D66/><U23/><E23/><V125/><F125/><W119/><G119/><T91/><D61/><U44/><E44/><V109/><F74/><AGARI ba="0,1" hai="16,20,26,45,46,54,57,62,74,79,83,95,97,100" machi="74" ten="30,5800,0" yaku="1,1,7,1,54,1,53,0" doraHai="132" doraHaiUra="29" who="1" fromWho="2" sc="184,0,194,68,234,-58,378,0" /><INIT seed="1,1,0,1,0,109" ten="184,262,176,378" oya="1" hai0="49,114,100,2,39,73,103,71,34,52,97,127,15" hai1="54,125,1,78,79,122,20,120,75,55,32,11,88" hai2="63,111,7,121,33,99,42,108,66,43,115,116,40" hai3="131,44,12,110,130,17,118,89,59,28,30,83,27"/><U56/><E32/><V36/><F121/><W57/><G110/><N who="2" m="42025" /><F33/><W67/><G118/><T117/><D2/><U95/><E125/><V38/><F116/><W70/><G44/><T126/><D39/><N who="2" m="14890" /><F7/><W3/><G3/><T60/><D73/><U104/><E1/><V51/><F99/><W91/><G30/><T23/><D34/><U0/><E75/><V58/><F51/><W106/><G106/><T76/><D97/><U98/><E104/><V128/><F128/><W37/><G37/><T5/><D5/><U119/><E119/><V64/><F64/><W72/><G89/><T61/><D76/><U6/><E79/><V80/><F80/><W21/><G70/><T134/><D71/><U46/><E78/><V135/><F135/><W41/><G41/><T47/><D134/><U82/><E82/><V62/><F62/><W10/><G67/><T129/><D61/><U53/><E120/><V4/><F4/><W133/><G133/><T16/><D60/><U90/><E122/><V77/><F77/><N who="3" m="44455" /><G91/><T113/><D129/><AGARI ba="1,0" hai="10,12,17,21,27,28,57,59,129,130,131" m="44455" machi="129" ten="30,1000,0" yaku="19,1" doraHai="109" who="3" fromWho="0" sc="184,-13,262,0,176,0,378,13" /><INIT seed="2,0,0,1,0,34" ten="171,262,176,391" oya="2" hai0="49,104,23,8,122,105,123,3,118,98,24,29,133" hai1="64,99,108,111,77,92,55,43,61,119,109,46,30" hai2="84,128,27,0,134,15,51,47,103,116,6,45,40" hai3="75,7,12,53,82,11,52,68,38,26,110,56,126"/><V121/><F121/><W89/><G68/><T18/><D105/><U59/><E119/><V57/><F116/><W63/><G126/><T65/><D65/><U101/><E77/><V36/><F134/><W54/><G110/><T76/><D76/><U10/><E30/><V130/><F57/><W14/><G38/><T25/><D98/><U107/><E10/><N who="2" m="2375" /><F103/><W70/><G70/><T74/><D74/><U81/><E81/><V4/><F84/><W32/><G12/><T85/><D85/><U35/><E35/><V60/><F60/><W129/><G129/><N who="2" m="49769" /><F27/><W41/><G41/><T114/><D133/><U94/><E64/><V67/><F67/><W96/><G75/><T19/><D118/><U131/><REACH who="1" step="1"/><E131/><REACH who="1" ten="171,252,176,391" step="2"/><V106/><F4/><W5/><G5/><T79/><D123/><U132/><E132/><V80/><F80/><W31/><G82/><T1/><D122/><U16/><E16/><V2/><F15/><W95/><AGARI ba="0,1" hai="7,11,14,26,31,32,52,53,54,56,63,89,95,96" machi="95" ten="30,2000,0" yaku="0,1,54,1" doraHai="34" who="3" fromWho="3" sc="171,-5,252,-5,176,-10,391,30" /><INIT seed="3,0,0,5,5,93" ten="166,247,166,421" oya="3" hai0="1,39,68,118,54,65,103,30,73,90,105,45,17" hai1="56,80,37,15,117,19,42,107,66,34,74,88,26" hai2="27,83,48,3,14,64,52,47,91,135,20,49,133" hai3="8,95,61,31,116,55,85,5,23,22,58,77,35"/><W111/><G116/><T16/><D118/><U94/><E117/><V108/><F3/><W127/><G127/><T86/><D73/><U53/><E107/><V0/><F0/><W121/><G121/><T126/><D1/><U50/><E66/><V4/><F108/><W120/><G120/><T63/><D126/><U89/><E37/><V134/><F64/><W36/><G36/><T11/><D30/><U28/><E42/><V109/><F109/><W78/><G35/><T97/><D11/><U41/><E41/><N who="2" m="24687" /><F14/><W21/><G31/><T57/><D45/><U71/><E71/><V2/><F4/><W18/><G5/><T6/><D6/><U46/><E56/><N who="2" m="32783" /><F2/><W104/><G104/><T99/><D39/><U132/><E132/><V123/><F123/><W12/><G111/><T72/><D72/><U81/><E74/><V102/><F102/><W113/><G113/><T82/><REACH who="0" step="1"/><D99/><REACH who="0" ten="156,247,166,421" step="2"/><U7/><E7/><V131/><F131/><W9/><G9/><T62/><AGARI ba="0,1" hai="16,17,54,57,62,63,65,68,82,86,90,97,103,105" machi="62" ten="20,12000,2" yaku="1,1,2,1,0,1,7,1,52,1,54,1,53,1" doraHai="93" doraHaiUra="76" who="0" fromWho="0" sc="156,130,247,-30,166,-30,421,-60" /><INIT seed="4,0,0,1,5,22" ten="286,217,136,361" oya="0" hai0="81,67,72,56,20,57,78,120,92,131,24,19,18" hai1="59,17,23,83,105,7,73,82,11,38,3,108,51" hai2="93,1,5,107,130,33,62,116,60,89,61,97,49" hai3="118,95,25,128,124,4,106,31,100,77,65,94,41"/><T91/><D120/><U113/><E108/><V115/><F115/><W54/><G95/><T126/><D126/><U123/><E123/><V36/><F36/><W26/><G26/><T8/><D131/><U52/><E113/><V44/><F130/><W46/><G106/><T75/><D75/><U40/><E105/><V109/><F107/><W70/><G54/><T66/><D67/><U50/><E38/><V114/><F109/><W27/><G27/><T110/><D66/><U69/><E69/><V37/><F33/><W16/><G16/><T103/><D103/><U39/><E39/><V68/><F37/><W87/><G4/><T29/><D110/><U14/><E73/><V104/><F104/><W21/><G124/><T48/><D48/><U0/><E0/><V12/><F1/><W132/><G132/><T134/><D134/><U99/><E99/><V90/><F116/><W63/><G118/><T42/><D42/><U10/><E10/><V45/><F45/><W58/><G70/><T34/><D8/><U85/><E85/><V125/><F125/><W6/><G128/><T129/><D129/><U35/><E35/><V80/><F114/><W13/><G41/><T15/><REACH who="0" step="1"/><D19/><REACH who="0" ten="276,217,136,361" step="2"/><U64/><E64/><V84/><F68/><W71/><G71/><T127/><D127/><U101/><E101/><V121/><F121/><W32/><G100/><T133/><D133/><U74/><E74/><V117/><F117/><W79/><G65/><T119/><D119/><U43/><E43/><V76/><F49/><N who="1" m="18441" /><E40/><V55/><F55/><W30/><G46/><T2/><D2/><RYUUKYOKU ba="0,1" sc="276,15,217,15,136,-15,361,-15" hai0="15,18,20,24,29,34,56,57,72,78,81,91,92" hai1="3,7,11,14,17,23,52,59,82,83" /><INIT seed="4,1,1,4,1,76" ten="291,232,121,346" oya="0" hai0="13,68,117,127,135,33,85,91,101,28,89,113,8" hai1="63,90,100,111,31,4,107,105,52,23,36,56,119" hai2="35,98,25,92,48,70,74,61,67,21,50,69,87" hai3="17,15,42,116,121,128,24,41,46,84,109,112,65"/><T125/><D117/><U2/><E119/><V30/><F74/><W10/><G109/><T55/><D68/><U123/><E111/><V78/><F70/><W110/><G110/><T18/><D101/><U77/><E123/><V96/><F96/><W9/><G116/><T6/><D113/><U54/><E36/><V118/><F35/><W58/><G128/><T37/><D37/><U7/><E77/><V43/><F43/><W14/><G112/><T115/><D115/><U130/><E130/><V122/><F118/><W71/><G71/><T129/><D135/><U27/><E100/><V103/><F122/><W12/><G121/><T99/><D55/><U40/><E40/><V45/><F45/><W124/><G124/><N who="0" m="47691" /><D129/><U0/><E0/><V44/><F44/><W34/><G34/><T95/><D28/><U126/><E126/><V51/><F48/><W60/><G42/><T93/><D33/><U57/><E2/><V102/><F102/><W80/><G24/><T53/><D53/><U19/><E31/><V133/><F133/><W62/><G62/><T5/><AGARI ba="1,1" hai="5,6,8,13,18,85,89,91,93,95,99" m="47691" machi="5" ten="30,1500,0" yaku="18,1" doraHai="76" who="0" fromWho="0" sc="291,28,232,-6,121,-6,346,-6" /><INIT seed="4,2,0,1,2,67" ten="319,226,115,340" oya="0" hai0="93,6,68,43,0,86,5,84,132,27,46,15,62" hai1="63,104,116,94,7,52,40,110,37,72,123,82,107" hai2="119,130,66,31,29,48,114,113,103,85,106,19,70" hai3="96,51,81,83,2,74,120,76,121,131,65,21,91"/><T126/><D0/><U57/><E110/><V89/><F119/><W17/><G2/><T54/><D132/><U127/><E116/><V11/><F130/><W9/><G9/><T4/><D126/><U34/><E123/><V79/><F79/><W90/><G131/><T77/><D27/><U87/><E34/><V26/><F103/><W41/><G65/><T95/><D15/><U44/><E127/><V124/><F106/><W24/><G96/><T33/><D33/><U134/><E134/><V102/><F102/><W56/><G81/><T73/><D73/><U8/><E94/><V61/><F124/><W115/><G115/><N who="2" m="44041" /><F48/><W18/><G18/><T50/><D77/><U3/><REACH who="1" step="1"/><E72/><REACH who="1" ten="319,216,115,340" step="2"/><V88/><F31/><W112/><G112/><T25/><D95/><U71/><E71/><V97/><F97/><W92/><G92/><T118/><D93/><U22/><E22/><N who="2" m="15575" /><F85/><W100/><G121/><T35/><D118/><U53/><E53/><V133/><F133/><W98/><G120/><T111/><D111/><U101/><E101/><V58/><F70/><W1/><G98/><T49/><D35/><U13/><E13/><AGARI ba="2,1" hai="11,13,19,58,61,66,88,89" m="15575,44041" machi="13" ten="30,2000,0" yaku="15,1,54,1" doraHai="67" who="2" fromWho="1" sc="319,0,216,-26,115,36,340,0" /><INIT seed="5,0,0,1,2,78" ten="319,190,151,340" oya="1" hai0="128,103,125,94,81,7,12,27,37,72,55,63,124" hai1="129,41,57,54,17,85,88,16,102,48,56,13,82" hai2="32,46,86,28,2,97,105,70,69,68,107,106,117" hai3="8,3,67,127,98,14,73,133,31,58,25,11,62"/><U119/><E119/><V26/><F117/><W24/><G73/><T66/><D37/><U121/><E121/><V64/><F2/><W92/><G133/><T45/><D27/><U79/><E129/><V20/><F20/><W109/><G109/><T34/><D34/><U51/><E102/><V114/><F114/><W74/><G74/><T84/><D72/><U29/><E29/><V6/><F6/><W131/><G3/><T36/><D55/><U40/><E17/><V115/><F115/><W89/><G127/><T21/><D45/><U130/><E130/><V96/><F86/><W118/><G118/><T59/><D36/><U42/><E79/><V123/><F123/><W126/><G126/><T49/><D49/><N who="1" m="19019" /><E54/><V22/><F46/><W104/><G104/><T87/><D128/><U10/><AGARI ba="0,0" hai="10,13,16,40,41,42,56,57,82,85,88" m="19019" machi="10" ten="30,11700,0" yaku="8,1,52,1,54,2" doraHai="78" who="1" fromWho="1" sc="319,-39,190,117,151,-39,340,-39" /><INIT seed="5,1,0,5,3,127" ten="280,307,112,301" oya="1" hai0="105,132,5,12,77,82,78,49,118,15,3,37,135" hai1="29,106,91,52,99,129,53,38,117,96,17,86,23" hai2="73,94,128,103,126,14,61,31,4,102,55,32,40" hai3="89,68,35,95,123,20,90,133,124,24,41,16,125"/><U122/><E117/><V66/><F73/><W70/><G123/><T54/><D37/><U22/><E122/><V1/><F1/><W13/><G41/><T71/><D71/><U115/><E38/><V134/><F126/><N who="3" m="48747" /><G133/><N who="0" m="51275" /><D105/><U83/><E115/><V67/><F134/><W42/><G42/><T28/><D28/><U62/><E106/><V119/><F119/><W26/><G89/><T72/><D78/><U100/><E100/><V64/><F40/><W51/><G51/><T93/><D93/><U110/><E110/><V19/><F4/><W120/><G120/><T7/><D118/><U58/><E53/><V63/><F31/><N who="3" m="19943" /><G26/><T0/><D7/><U88/><E29/><V11/><F32/><W10/><G10/><N who="0" m="2367" /><D0/><U9/><E9/><V50/><F102/><W6/><G6/><T112/><D112/><U59/><E59/><AGARI ba="1,0" hai="12,15,49,54,59,72,77,82" m="2367,51275" machi="59" ten="30,1000,0" yaku="20,1" doraHai="127" who="0" fromWho="1" sc="280,13,307,-13,112,0,301,0" /><INIT seed="6,0,0,1,0,89" ten="293,294,112,301" oya="2" hai0="11,29,135,120,0,125,53,7,131,82,122,76,123" hai1="102,101,21,95,36,110,63,87,13,90,51,67,9" hai2="55,31,66,94,65,93,18,52,25,114,43,38,78" hai3="4,126,132,127,81,35,100,79,113,124,80,22,15"/><V44/><F114/><W1/><G35/><T8/><D131/><U107/><E110/><V64/><F78/><W32/><G32/><T108/><D108/><U106/><E36/><V42/><F42/><W41/><G1/><T47/><D11/><U20/><E107/><V130/><F130/><W84/><G41/><T33/><D125/><U23/><E51/><V105/><F105/><W60/><G100/><T37/><D135/><U12/><E106/><V5/><F5/><W72/><G113/><T119/><D53/><U75/><E75/><V61/><F18/><W77/><G132/><T98/><D98/><U86/><E86/><V57/><REACH who="2" step="1"/><F55/><REACH who="2" ten="293,294,102,301" step="2"/><W68/><G4/><T85/><D7/><U69/><E9/><V26/><F26/><W118/><G118/><T115/><D119/><U48/><E12/><V30/><F30/><W129/><G129/><T73/><D29/><U91/><E13/><V74/><F74/><W62/><G15/><T14/><D14/><U134/><E134/><V97/><F97/><W40/><G40/><N who="0" m="22927" /><D115/><U34/><E87/><V45/><F45/><W27/><G27/><T16/><D85/><U109/><E109/><V121/><F121/><W46/><G46/><T92/><D123/><U2/><E2/><V3/><F3/><W58/><G72/><T88/><D16/><U17/><E17/><V103/><F103/><W117/><G126/><T24/><D0/><U112/><E102/><V19/><F19/><W99/><G127/><T83/><D122/><U116/><E101/><V71/><F71/><W59/><G124/><T54/><D120/><RYUUKYOKU ba="0,1" sc="293,-10,294,-10,102,30,301,-10" hai2="25,31,38,43,44,52,57,61,64,65,66,93,94" /><INIT seed="6,1,1,0,1,26" ten="283,284,132,291" oya="2" hai0="8,115,87,38,54,117,135,126,17,60,1,124,64" hai1="82,24,76,81,86,67,29,113,36,55,23,59,5" hai2="111,45,50,132,27,120,96,28,106,15,100,79,7" hai3="119,49,89,84,112,118,125,18,103,97,30,74,44"/><V13/><F120/><W4/><G74/><T95/><D38/><U52/><E36/><V122/><F122/><W11/><G125/><N who="0" m="48235" /><D54/><U58/><E113/><V57/><F111/><W41/><G112/><T31/><D115/><U92/><E5/><V127/><F132/><W25/><G18/><T32/><D95/><U56/><E67/><V134/><F134/><W107/><G84/><T35/><D87/><U66/><E66/><V61/><F79/><W69/><G89/><T19/><D117/><U43/><E43/><V73/><F73/><W10/><G10/><T116/><D116/><U46/><E46/><V20/><F7/><W130/><G130/><T47/><D47/><U114/><E114/><V121/><F121/><W65/><G65/><T105/><D105/><U2/><E2/><V14/><F127/><W6/><G6/><N who="0" m="1103" /><D135/><U75/><REACH who="1" step="1"/><E92/><REACH who="1" ten="283,274,132,291" step="2"/><V93/><F106/><W0/><G69/><N who="0" m="42119" /><D35/><AGARI ba="1,2" hai="0,4,11,25,30,35,41,44,49,97,103,107,118,119" machi="35" ten="30,2000,0" yaku="7,1,52,1" doraHai="26" who="3" fromWho="0" sc="283,-23,274,0,132,0,291,43" /><INIT seed="7,0,0,1,2,87" ten="260,274,132,334" oya="3" hai0="8,115,4,116,51,82,84,107,65,64,7,12,11" hai1="99,5,34,53,39,104,109,83,96,48,28,56,101" hai2="76,29,128,129,15,93,72,25,67,95,102,21,3" hai3="124,16,42,70,47,132,120,112,30,114,33,57,46"/><W119/><G70/><T61/><D116/><U13/><E109/><V1/><F67/><W75/><G119/><T59/><D107/><U52/><E39/><V17/><F72/><W117/><G75/><T14/><D115/><N who="3" m="44073" /><G120/><T35/><D35/><U127/><E127/><V133/><F76/><W92/><G117/><T131/><D131/><U9/><E96/><V22/><F102/><W73/><G73/><T74/><D74/><U89/><E34/><V19/><F95/><W135/><G57/><T134/><D134/><N who="3" m="51241" /><G124/><T81/><D65/><U130/><E130/><V26/><F93/><W24/><G42/><T94/><D51/><U32/><E48/><V44/><F44/><W91/><G16/><T43/><D43/><U86/><E56/><V78/><F78/><W37/><G37/><T123/><D123/><U125/><E125/><V110/><F133/><W36/><G36/><T6/><D7/><U18/><E5/><V85/><F110/><W108/><G108/><T0/><D0/><U60/><E60/><V38/><F38/><W100/><G100/><T79/><D79/><U90/><E90/><AGARI ba="0,0" hai="4,6,8,11,12,14,59,61,64,81,82,84,90,94" machi="90" ten="40,5200,0" yaku="9,1,8,1,52,1" doraHai="87" who="0" fromWho="1" sc="260,52,274,-52,132,0,334,0" owari="312,11.2,222,-17.8,132,-36.8,334,43.4" /></mjloggm>