<mjloggm ver="2.3"><GO type="41" lobby="0"/><UN n0="%E6%B2%99%E5%8F%A3" n1="%E2%93%9D%4C%75%63%6B%79%4A" n2="%E3%83%90%E3%83%8A%E3%82%B8%E3%82%A6%E3%83%A0%35%30" n3="%E3%83%8E%E3%82%AA%E3%83%81%E3%83%A3%E3%83%99%E3%82%B9" dan="16,18,15,15" rate="2062.33,2159.27,2050.29,2035.01" sx="M,M,F,M"/><TAIKYOKU oya="0"/><INIT seed="0,0,0,1,2,106" ten="250,250,250,250" oya="0" hai0="104,107,21,134,70,74,19,32,93,128,29,25,48" hai1="102,39,7,5,9,35,38,53,27,62,114,51,43" hai2="109,89,105,97,125,42,124,17,56,60,59,63,131" hai3="83,50,135,110,87,45,76,121,44,132,98,112,92"/><T85/><D70/><U113/><E102/><V123/><F123/><W22/><G112/><N who="1" m="43114" /><E43/><V31/><F109/><W54/><G110/><T119/><D119/><U77/><E62/><V36/><F131/><W96/><G121/><T88/><D128/><U84/><E84/><V73/><F73/><W101/><G22/><T37/><D37/><N who="1" m="13835" /><E77/><V12/><F31/><W133/><REACH who="3" step="1"/><G96/><REACH who="3" ten="250,250,250,240" step="2"/><T99/><D99/><U122/><E122/><V55/><F97/><W68/><G68/><T24/><D134/><U28/><E9/><V33/><F33/><W117/><G117/><T118/><D118/><U61/><E61/><V67/><F63/><W30/><G30/><T130/><D130/><U72/><E72/><V108/><F108/><W11/><G11/><T4/><D74/><U47/><AGARI ba="0,1" hai="5,7,27,28,35,47,51,53" m="13835,43114" machi="47" ten="30,1100,0" yaku="11,1" doraHai="106" who="1" fromWho="1" sc="250,-5,250,21,250,-3,240,-3" /><INIT seed="1,0,0,2,3,7" ten="245,271,247,237" oya="1" hai0="1,101,132,92,50,27,39,54,14,16,11,83,57" hai1="126,119,114,130,4,131,91,76,65,122,105,106,77" hai2="25,61,56,98,118,103,18,71,133,37,15,116,64" hai3="110,2,94,102,19,67,72,108,79,89,51,38,74"/><U52/><E65/><V34/><F133/><W42/><G38/><T99/><D132/><U95/><E4/><V117/><F37/><W62/><G2/><T69/><D39/><U104/><E119/><V115/><F115/><W100/><G19/><T90/><D69/><U97/><E114/><V43/><F43/><W55/><G42/><T21/><D1/><U96/><E122/><V0/><F0/><W10/><G10/><T32/><D32/><U111/><E52/><V84/><F84/><W29/><G29/><T124/><D124/><U87/><E111/><N who="3" m="42538" /><G79/><N who="1" m="30282" /><E126/><V93/><F25/><W17/><G17/><N who="0" m="8415" /><D83/><U68/><E68/><V35/><REACH who="2" step="1"/><F71/><REACH who="2" ten="245,271,237,237" step="2"/><N who="3" m="42487" /><G74/><T127/><D127/><U12/><E12/><V82/><F82/><W30/><G72/><T49/><D101/><U6/><E6/><V46/><F46/><N who="3" m="28151" /><G30/><T88/><D90/><U128/><AGARI ba="0,1" hai="87,91,95,96,97,104,105,106,128,130,131" m="30282" machi="128" ten="40,7800,0" yaku="19,1,34,2" doraHai="7" who="1" fromWho="1" sc="245,-26,271,88,237,-26,237,-26" /><INIT seed="1,1,0,4,3,49" ten="219,359,211,211" oya="1" hai0="70,39,42,100,75,85,25,0,133,53,10,71,40" hai1="51,88,123,58,6,69,59,1,26,31,24,77,104" hai2="114,47,99,102,37,92,96,3,16,84,30,21,27" hai3="73,48,19,64,18,68,65,56,2,11,67,82,50"/><U81/><E123/><V122/><F3/><W105/><G105/><T129/><D75/><U55/><E69/><V33/><F122/><W28/><G28/><T119/><D119/><U44/><E104/><V90/><F114/><W121/><G68/><T76/><D133/><U116/><E116/><V134/><F134/><W62/><G121/><T108/><D100/><U41/><E59/><V110/><F110/><W95/><G95/><T7/><D108/><U17/><E17/><V106/><F99/><W60/><G73/><T78/><D25/><U135/><E135/><V35/><F37/><W112/><G112/><T43/><D39/><U34/><E26/><V12/><REACH who="2" step="1"/><F47/><REACH who="2" ten="219,359,201,211" step="2"/><W4/><G2/><T23/><D0/><U22/><E1/><V61/><F61/><W86/><G62/><T128/><D128/><U72/><E6/><V130/><F130/><W132/><G4/><T36/><D7/><U74/><E74/><V115/><F115/><W93/><G132/><T94/><D36/><U127/><E127/><V103/><F103/><W8/><G60/><T124/><D124/><U38/><REACH who="1" step="1"/><E88/><REACH who="1" ten="219,349,201,211" step="2"/><V107/><F107/><W98/><G56/><T126/><D126/><U109/><E109/><V117/><F117/><W97/><G67/><T79/><D70/><U125/><E125/><V101/><F101/><W45/><G65/><T87/><D71/><U120/><E120/><V57/><F57/><W13/><G64/><T131/><D131/><U32/><AGARI ba="1,2" hai="22,24,31,32,34,38,41,44,51,55,58,72,77,81" machi="32" ten="30,12000,1" yaku="1,1,0,1,52,1,53,2" doraHai="49" doraHaiUra="29" who="1" fromWho="1" sc="219,-41,349,143,201,-41,211,-41" /><INIT seed="1,2,0,0,0,86" ten="178,492,160,170" oya="1" hai0="110,71,109,62,16,32,83,123,12,29,114,80,0" hai1="46,33,125,91,73,96,11,22,78,108,17,116,77" hai2="36,9,117,2,134,133,90,70,63,92,5,100,69" hai3="61,129,75,79,13,52,48,10,55,128,51,74,89"/><U81/><E116/><V23/><F117/><W49/><G89/><T59/><D71/><U39/><E33/><V15/><F36/><W127/><G127/><T60/><D0/><U93/><E125/><V104/><F104/><W21/><G21/><T37/><D37/><U50/><E108/><N who="0" m="41577" /><D114/><U98/><E39/><V118/><F100/><W68/><G68/><T14/><D14/><U42/><E78/><V20/><F118/><W130/><G79/><T106/><D106/><U126/><E126/><V131/><F131/><W122/><G122/><T113/><D113/><U34/><E34/><V115/><F115/><W19/><REACH who="3" step="1"/><G61/><REACH who="3" ten="178,492,160,160" step="2"/><T53/><D62/><U35/><E35/><V121/><F121/><W28/><G28/><T18/><D123/><U45/><E11/><V101/><F69/><W43/><G43/><T6/><D29/><U72/><E42/><V8/><F63/><W54/><AGARI ba="2,1" hai="10,13,19,48,49,51,52,54,55,74,75,128,129,130" machi="54" ten="40,12000,2" yaku="1,1,0,1,29,2,19,1,54,1,53,0" doraHai="86" doraHaiUra="24" who="3" fromWho="3" sc="178,-32,492,-62,160,-32,160,136" /><INIT seed="2,0,0,3,4,133" ten="146,430,128,296" oya="2" hai0="132,72,120,90,119,15,14,26,11,93,105,121,52" hai1="91,74,117,98,6,48,130,62,39,34,9,84,56" hai2="124,75,19,122,83,29,65,88,127,61,49,17,80" hai3="97,73,63,18,20,12,101,31,35,109,95,24,94"/><V135/><F122/><W47/><G73/><T38/><D105/><U7/><E39/><V110/><F135/><W41/><G109/><T100/><D132/><U55/><E74/><V128/><F128/><W4/><G63/><T85/><D119/><U71/><E34/><V87/><F29/><W126/><G4/><T99/><D72/><U77/><E130/><V86/><F49/><W70/><G70/><T1/><D38/><U33/><E33/><V10/><F110/><W111/><G111/><T23/><D1/><U27/><E77/><V46/><F46/><W25/><G25/><T36/><D36/><U108/><E117/><V50/><F50/><W68/><G68/><T123/><D11/><U125/><E98/><V43/><F43/><W0/><G0/><T118/><D118/><U42/><E27/><V60/><F75/><W66/><G66/><T58/><D85/><U59/><E71/><V28/><F28/><W79/><G79/><T102/><D14/><U104/><E104/><V78/><F10/><W106/><G126/><N who="2" m="48169" /><F61/><W5/><G5/><T54/><D121/><U114/><E7/><V67/><F67/><W32/><G35/><T40/><D120/><U44/><E108/><V30/><F30/><W69/><G69/><AGARI ba="0,0" hai="17,19,60,65,69,78,80,83,86,87,88" m="48169" machi="69" ten="30,12000,1" yaku="18,1,52,3,54,1" doraHai="133" who="2" fromWho="3" sc="146,0,430,0,128,120,296,-120" /><INIT seed="2,1,0,0,5,2" ten="146,430,248,176" oya="2" hai0="16,86,121,66,32,102,48,61,12,40,9,109,29" hai1="57,56,94,106,41,98,51,1,133,14,10,55,96" hai2="112,116,58,6,122,104,103,126,134,54,5,75,78" hai3="28,42,81,36,85,92,129,31,127,45,35,97,27"/><V49/><F112/><W44/><G31/><T69/><D121/><U115/><E115/><V132/><F116/><W89/><G127/><T79/><D109/><U130/><E1/><V3/><F122/><W119/><G129/><T68/><D102/><U30/><E133/><N who="2" m="51307" /><F3/><W124/><G124/><T71/><D32/><U24/><E41/><V22/><F126/><W63/><G119/><T62/><D29/><U13/><E14/><V67/><F67/><W65/><G42/><T74/><D74/><U39/><E39/><V72/><F22/><W33/><G36/><T64/><D69/><U128/><E106/><V82/><F75/><W50/><G50/><T4/><D40/><U88/><E98/><AGARI ba="1,0" hai="5,6,49,54,58,72,78,82,98,103,104" m="51307" machi="98" ten="30,5800,0" yaku="20,1,52,2" doraHai="2" who="2" fromWho="1" sc="146,0,430,-61,248,61,176,0" /><INIT seed="2,2,0,5,4,106" ten="146,369,309,176" oya="2" hai0="135,77,40,126,79,51,132,108,76,123,67,55,70" hai1="30,110,31,28,19,119,71,73,69,33,94,115,97" hai2="49,74,0,131,47,20,45,25,53,54,10,21,105" hai3="124,133,113,59,37,18,112,125,14,39,24,58,92"/><V61/><F105/><W93/><G14/><T9/><D123/><U42/><E115/><N who="3" m="44106" /><G24/><T3/><D108/><U98/><E119/><V90/><F131/><W15/><G15/><T83/><D40/><U72/><E42/><V8/><F0/><W84/><G84/><T87/><D126/><N who="3" m="48745" /><G18/><T66/><D70/><U26/><E110/><V114/><F114/><W81/><G81/><T82/><D3/><U7/><E7/><V68/><F21/><W103/><G103/><T127/><D9/><U38/><E38/><N who="3" m="14346" /><G133/><N who="0" m="51275" /><D127/><U32/><E19/><V118/><F10/><W80/><G80/><N who="0" m="30763" /><D87/><U5/><E5/><V116/><F8/><W96/><G96/><T4/><D4/><U56/><E31/><V60/><F116/><W6/><G6/><T89/><D89/><U64/><E26/><V57/><F90/><W50/><G50/><T65/><D51/><U130/><E30/><V34/><F25/><W100/><G100/><T134/><D134/><U12/><E28/><V117/><F49/><W95/><AGARI ba="2,0" hai="58,59,92,93,95" m="14346,48745,44106" machi="95" ten="40,8000,1" yaku="28,2,11,1,18,1" doraHai="106" who="3" fromWho="3" sc="146,-22,369,-22,309,-42,176,86" /><INIT seed="3,0,0,0,4,87" ten="124,347,267,262" oya="3" hai0="45,94,130,95,57,6,24,66,50,68,52,41,120" hai1="71,2,85,62,86,67,119,135,58,61,114,37,90" hai2="25,51,22,112,35,39,3,121,118,7,99,123,116" hai3="125,65,81,129,93,91,98,131,103,20,23,106,72"/><W74/><G65/><T21/><D120/><N who="2" m="46154" /><F39/><W108/><G23/><T13/><D130/><N who="3" m="49673" /><G20/><T96/><D68/><U16/><E114/><V104/><F51/><W31/><G31/><T117/><D66/><U83/><E135/><V48/><F48/><W32/><G32/><T76/><D76/><U0/><E119/><V110/><F99/><N who="3" m="61823" /><G125/><T77/><D77/><U17/><E37/><V70/><F104/><W18/><G18/><T132/><D132/><U46/><E46/><V53/><F53/><W75/><G108/><T15/><D6/><U47/><E47/><V100/><F70/><W109/><G109/><T59/><D117/><U73/><E2/><V19/><F110/><W38/><G38/><T134/><D134/><U124/><E0/><V60/><F60/><W133/><G133/><T26/><D26/><U33/><E33/><V113/><F35/><W126/><G126/><T84/><D59/><U105/><E124/><V10/><F100/><W40/><G40/><T28/><D41/><U9/><E71/><V115/><AGARI ba="0,0" hai="3,7,10,19,22,25,112,113,115,116,118" m="46154" machi="115" ten="40,5200,0" yaku="13,1,34,2" doraHai="87" who="2" fromWho="2" sc="124,-13,347,-13,267,52,262,-26" /><INIT seed="4,0,0,2,5,85" ten="111,334,319,236" oya="0" hai0="17,118,107,61,81,27,4,40,114,6,42,82,35" hai1="60,36,5,119,48,18,7,2,121,59,64,126,135" hai2="83,91,66,127,93,89,50,70,109,20,69,90,14" hai3="38,86,65,63,84,44,88,12,74,80,132,28,41"/><T19/><D118/><U73/><E119/><V108/><F127/><W57/><G74/><T113/><D107/><U96/><E36/><V67/><F70/><W103/><G132/><T45/><D61/><U72/><E121/><V133/><F133/><W124/><G124/><T128/><D35/><U31/><E31/><V120/><F120/><W104/><G104/><T34/><D34/><U68/><E18/><N who="2" m="10327" /><F69/><W78/><G103/><T92/><D92/><U98/><E2/><V129/><F108/><W8/><G28/><T26/><REACH who="0" step="1"/><D45/><REACH who="0" ten="101,334,319,236" step="2"/><U100/><E60/><V30/><F109/><W47/><G47/><T0/><D0/><U105/><E105/><V115/><F93/><W99/><G99/><T123/><D123/><U116/><E98/><V125/><F125/><W87/><REACH who="3" step="1"/><G78/><REACH who="3" ten="101,334,319,226" step="2"/><T3/><D3/><U102/><E126/><V122/><F122/><W24/><G24/><T130/><AGARI ba="0,2" hai="4,6,17,19,26,27,40,42,81,82,113,114,128,130" machi="130" ten="25,18000,2" yaku="1,1,0,1,22,2,53,2" doraHai="85" doraHaiUra="110" who="0" fromWho="0" sc="101,200,334,-60,319,-60,226,-60" /><INIT seed="4,1,0,0,5,44" ten="301,274,259,166" oya="0" hai0="80,135,64,54,46,113,7,99,78,108,118,75,17" hai1="103,77,12,131,8,40,88,4,23,121,109,85,106" hai2="62,5,0,37,24,42,93,22,110,89,126,34,30" hai3="119,104,60,49,55,59,29,102,39,111,52,91,79"/><T107/><D118/><U73/><E121/><V71/><F110/><W33/><G39/><T1/><D108/><U92/><E109/><V2/><F126/><W129/><G111/><T84/><D113/><U101/><E131/><V48/><F37/><W25/><G129/><T31/><D31/><U87/><E73/><V20/><F34/><W57/><G119/><T6/><D64/><U18/><E106/><V81/><F81/><W83/><G104/><T68/><D68/><U15/><E40/><V100/><F100/><W105/><G102/><T47/><D47/><U36/><E36/><V69/><F20/><W16/><G105/><T94/><D1/><U82/><AGARI ba="1,0" hai="4,8,12,15,18,23,77,82,85,87,88,92,101,103" machi="82" ten="30,4000,0" yaku="0,1,8,1,54,1" doraHai="44" who="1" fromWho="1" sc="301,-21,274,43,259,-11,166,-11" /><INIT seed="5,0,0,5,0,6" ten="280,317,248,155" oya="1" hai0="91,74,31,27,124,118,104,22,55,103,73,80,107" hai1="37,47,71,119,51,32,5,64,95,77,76,1,84" hai2="90,33,2,127,99,23,111,17,4,100,114,131,116" hai3="88,98,70,8,41,117,132,129,34,63,66,48,108"/><U85/><E119/><V125/><F111/><W120/><G34/><T96/><D118/><U10/><E37/><V135/><F33/><W28/><G117/><T106/><D124/><N who="2" m="47690" /><F116/><W130/><G28/><T57/><D73/><U30/><E71/><V102/><F131/><W54/><G108/><T52/><D55/><U68/><E68/><V3/><F135/><W13/><G41/><T128/><D128/><U112/><E64/><V11/><F3/><W97/><G132/><T101/><D101/><U122/><E122/><V35/><F35/><W93/><G120/><T94/><D74/><U45/><E47/><V109/><F114/><W12/><G12/><T18/><D80/><U65/><E65/><V89/><F102/><W56/><REACH who="3" step="1"/><G98/><REACH who="3" ten="280,317,248,145" step="2"/><T16/><REACH who="0" step="1"/><D103/><REACH who="0" ten="270,317,248,145" step="2"/><U83/><E112/><V115/><F115/><W24/><G24/><T38/><D38/><U78/><E32/><V14/><F109/><W61/><G61/><AGARI ba="0,2" hai="16,18,22,27,31,52,57,61,91,94,96,104,106,107" machi="61" ten="40,8000,1" yaku="1,1,54,2,53,1" doraHai="6" doraHaiUra="87" who="0" fromWho="3" sc="270,100,317,0,248,0,145,-80" /><INIT seed="6,0,0,4,4,76" ten="370,317,248,65" oya="2" hai0="12,90,27,104,127,129,80,20,83,93,24,39,52" hai1="88,0,77,64,61,59,68,23,124,131,35,11,47" hai2="102,107,82,109,79,78,58,71,96,89,3,25,30" hai3="50,108,53,37,18,123,13,118,132,74,111,86,42"/><V69/><F3/><W46/><G74/><T66/><D104/><U8/><E35/><V49/><F109/><W17/><G118/><T1/><D1/><U114/><E77/><V113/><F113/><W38/><G123/><T119/><D119/><U62/><E114/><V94/><F58/><W125/><G132/><T98/><D39/><U26/><E124/><V87/><F49/><W41/><G125/><T10/><D127/><U43/><E131/><V5/><F5/><W99/><G99/><T29/><D66/><U6/><E11/><V100/><F100/><W116/><G116/><T9/><D24/><U2/><E2/><V33/><REACH who="2" step="1"/><F79/><REACH who="2" ten="370,317,238,65" step="2"/><W34/><G38/><T72/><D129/><U57/><E59/><V92/><F92/><W95/><G111/><T101/><D101/><U60/><E57/><V128/><F128/><W56/><G108/><T16/><D72/><AGARI ba="0,1" hai="25,30,33,69,71,72,78,82,87,89,94,96,102,107" machi="72" ten="30,12000,1" yaku="1,1,7,1,24,2,52,1,53,0" doraHai="76" doraHaiUra="19" who="2" fromWho="0" sc="370,-120,317,0,238,130,65,0" /><INIT seed="6,1,0,1,1,108" ten="250,317,368,65" oya="2" hai0="121,35,10,15,122,86,36,125,110,7,56,75,53" hai1="31,58,40,82,89,39,129,54,63,131,21,44,45" hai2="133,97,114,0,38,90,109,112,52,134,66,118,57" hai3="124,8,17,135,113,95,46,116,60,83,41,28,6"/><V74/><F0/><W91/><G116/><T64/><D110/><U78/><E89/><V33/><F118/><W51/><G28/><T34/><D75/><U127/><E31/><V61/><F33/><W72/><G124/><T62/><D125/><U1/><E127/><V85/><F38/><W105/><G105/><T19/><D36/><U99/><E99/><V104/><F74/><W49/><G17/><T27/><D35/><U42/><E21/><V76/><F76/><W88/><G60/><T119/><D119/><U11/><E11/><V30/><F30/><W101/><G101/><T98/><D34/><U77/><E1/><V69/><F97/><W87/><G135/><N who="2" m="51721" /><F104/><W117/><G117/><T103/><D86/><U9/><E9/><V25/><F25/><W120/><G120/><T20/><REACH who="0" step="1"/><D64/><REACH who="0" ten="240,317,368,65" step="2"/><U126/><E126/><V23/><F109/><W67/><G67/><T81/><D81/><U70/><E82/><N who="2" m="49463" /><F23/><W92/><G72/><T93/><AGARI ba="1,1" hai="7,10,15,19,20,27,53,56,62,93,98,103,121,122" machi="93" ten="20,2700,0" yaku="1,1,0,1,7,1,53,0" doraHai="108" doraHaiUra="47" who="0" fromWho="0" sc="240,40,317,-8,368,-14,65,-8" /><INIT seed="7,0,0,4,5,134" ten="280,309,354,57" oya="3" hai0="20,131,59,106,84,6,100,33,91,30,93,62,54" hai1="48,25,81,89,114,4,17,27,29,52,46,40,112" hai2="96,38,26,2,7,67,128,22,21,50,63,75,94" hai3="73,61,127,60,133,117,109,49,13,14,56,76,95"/><W42/><G133/><T78/><D131/><U16/><E4/><V130/><F38/><W39/><G117/><T121/><D33/><N who="1" m="20671" /><E25/><V45/><F75/><W53/><G109/><T82/><D121/><U83/><E40/><N who="2" m="24871" /><F7/><W132/><G132/><T70/><D70/><U0/><E0/><V31/><F21/><W105/><G105/><T80/><D6/><U97/><E97/><V103/><F2/><W116/><G116/><T107/><D30/><U66/><E66/><V37/><F37/><W119/><G119/><T101/><D20/><U35/><E35/><V79/><F79/><W57/><G95/><T9/><D9/><U8/><E89/><V58/><AGARI ba="0,0" hai="22,26,31,58,63,67,94,96,103,128,130" m="24871" machi="58" ten="30,1100,0" yaku="25,1" doraHai="134" who="2" fromWho="2" sc="280,-3,309,-3,354,11,57,-5" owari="277,-12.3,306,10.6,365,46.5,52,-44.8" /></mjloggm>