<mjloggm ver="2.3"><GO type="41" lobby="0"/><UN n0="%E2%93%9D%4C%75%63%6B%79%4A" n1="%6B%6F%6D%70%69%6B%61%34" n2="%E7%87%88%E6%BB%8C" n3="%E3%82%AB%E3%83%8C%E3%83%95%E3%83%A9" dan="18,13,15,14" rate="2146.73,1848.14,2000.25,1903.35" sx="M,M,M,M"/><TAIKYOKU oya="0"/><INIT seed="0,0,0,5,3,11" ten="250,250,250,250" oya="0" hai0="20,94,49,131,3,48,2,132,90,126,62,37,71" hai1="77,54,104,98,41,87,133,118,73,75,10,22,32" hai2="92,14,91,129,122,5,127,1,125,106,21,85,35" hai3="19,45,56,113,97,111,44,40,58,36,114,59,30"/><T134/><D37/><U103/><E118/><V79/><F122/><W12/><G30/><T18/><D71/><U96/><E32/><V38/><F38/><W0/><G0/><N who="0" m="43" /><D62/><U128/><E133/><N who="0" m="51305" /><D131/><U68/><E96/><V84/><F35/><W67/><G111/><T27/><D126/><U120/><E54/><V8/><F106/><W110/><G110/><T55/><D55/><U117/><E41/><V107/><F107/><W53/><G97/><AGARI ba="0,0" hai="18,20,27,48,49,90,94,97" m="51305,43" machi="97" ten="30,1500,0" yaku="20,1" doraHai="11" who="0" fromWho="3" sc="250,15,250,0,250,0,250,-15" /><INIT seed="0,1,0,5,1,3" ten="265,250,250,235" oya="0" hai0="87,132,22,42,127,82,77,24,69,56,90,31,26" hai1="43,120,118,71,75,91,121,133,72,34,115,57,45" hai2="125,128,0,35,93,84,14,94,53,131,48,135,102" hai3="55,62,2,123,99,4,63,18,21,37,126,61,51"/><T16/><D69/><U96/><E118/><V95/><F0/><W15/><G37/><T29/><D132/><U59/><E34/><V36/><F36/><W111/><G123/><T109/><D127/><U32/><E32/><V85/><F35/><W52/><G126/><T86/><D109/><U119/><E91/><V11/><F102/><W19/><G111/><T100/><D100/><U98/><E71/><V40/><F40/><W122/><G122/><T49/><D26/><U134/><E119/><V7/><F135/><W27/><G99/><T23/><D23/><U50/><E50/><V39/><F39/><W89/><G89/><T47/><REACH who="0" step="1"/><D56/><REACH who="0" ten="255,250,250,235" step="2"/><U64/><E59/><N who="2" m="33191" /><F125/><W83/><G83/><AGARI ba="1,1" hai="16,22,24,29,31,42,47,49,77,82,83,86,87,90" machi="83" ten="30,11600,0" yaku="1,1,7,1,8,1,54,1,53,0" doraHai="3" doraHaiUra="65" who="0" fromWho="3" sc="255,129,250,0,250,0,235,-119" /><INIT seed="0,2,0,5,1,87" ten="384,250,250,116" oya="0" hai0="52,21,126,14,134,2,110,127,10,129,73,72,55" hai1="58,67,39,100,42,77,123,135,107,98,5,30,28" hai2="47,121,25,62,81,122,132,48,24,51,96,13,106" hai3="29,38,31,56,50,133,80,97,109,27,112,99,19"/><T118/><D118/><U89/><E123/><V35/><F132/><W64/><G38/><T33/><D33/><U65/><E77/><V68/><F24/><W116/><G116/><T9/><D134/><U18/><E5/><V105/><F48/><W92/><G133/><T119/><D119/><U104/><E107/><V95/><F81/><W12/><G112/><T17/><D129/><U37/><E18/><V26/><F26/><W117/><G117/><T83/><D110/><U131/><E135/><V49/><F49/><W4/><G4/><T85/><D73/><U69/><E58/><V66/><F13/><W8/><G109/><T43/><D43/><U45/><E131/><V6/><F6/><W41/><G99/><T94/><D94/><U40/><E89/><V11/><F11/><N who="0" m="4106" /><D72/><U0/><E0/><V130/><F130/><W125/><G125/><N who="0" m="47627" /><D2/><U115/><E115/><V57/><F95/><W75/><G75/><T102/><D102/><U76/><E76/><AGARI ba="2,0" hai="14,17,21,52,55,76,83,85" m="47627,4106" machi="76" ten="30,2900,0" yaku="18,1,54,1" doraHai="87" who="0" fromWho="1" sc="384,35,250,-35,250,0,116,0" /><INIT seed="0,3,0,2,3,97" ten="419,215,250,116" oya="0" hai0="36,130,96,76,64,95,113,106,121,119,63,32,129" hai1="75,49,78,70,60,18,43,22,126,1,73,124,2" hai2="131,122,52,85,55,37,28,62,6,108,135,5,41" hai3="47,16,79,59,114,66,132,17,89,45,125,117,9"/><T39/><D113/><U91/><E91/><V34/><F122/><W35/><G35/><T105/><D119/><U123/><E123/><V12/><F108/><W69/><G69/><T40/><D76/><U81/><E73/><V38/><F135/><W23/><G117/><T15/><D15/><U29/><E29/><V72/><F131/><N who="0" m="50186" /><D32/><U46/><E60/><V13/><F62/><W107/><G107/><N who="0" m="40971" /><D40/><U100/><E70/><V56/><F41/><W83/><G114/><T68/><D121/><U109/><E109/><V116/><F116/><W103/><G132/><T98/><D98/><U82/><E82/><V80/><F80/><W42/><G42/><T54/><D54/><U11/><E11/><V58/><F34/><W74/><G9/><T21/><D21/><U14/><REACH who="1" step="1"/><E100/><AGARI ba="3,0" hai="36,39,63,64,68,95,96,100" m="40971,50186" machi="100" ten="30,2900,0" yaku="19,1,52,1" doraHai="97" who="0" fromWho="1" sc="419,38,215,-38,250,0,116,0" /><INIT seed="0,4,0,0,0,90" ten="457,177,250,116" oya="0" hai0="78,30,50,41,94,40,92,22,33,109,36,68,38" hai1="61,112,3,106,121,116,46,34,132,105,118,113,131" hai2="88,13,45,96,123,72,97,108,122,128,37,119,26" hai3="101,107,74,134,103,59,81,93,99,1,35,86,49"/><T23/><D68/><U43/><E34/><V5/><F72/><W66/><G1/><T21/><D33/><U15/><E15/><V69/><F69/><W135/><G35/><T0/><D0/><U70/><E3/><V28/><F108/><W63/><G49/><T84/><D109/><U91/><E91/><V57/><F128/><W73/><G101/><T20/><D38/><N who="1" m="21879" /><E131/><V85/><F119/><N who="1" m="45609" /><E105/><V104/><F104/><W77/><REACH who="3" step="1"/><G107/><REACH who="3" ten="457,177,250,106" step="2"/><T125/><D36/><U133/><E106/><V127/><F37/><W51/><G51/><T65/><D50/><U54/><E121/><V114/><F122/><W27/><G27/><T102/><D102/><U67/><E54/><V24/><F26/><W95/><G95/><T87/><D94/><U62/><E62/><V17/><F24/><W71/><G71/><T120/><D92/><U79/><E79/><V42/><F123/><W89/><G89/><T55/><D120/><U60/><E60/><V110/><F88/><W124/><G124/><T64/><D125/><U7/><E7/><V32/><F5/><W39/><G39/><T9/><D78/><U53/><E53/><V10/><F127/><W31/><G31/><T14/><D55/><U16/><E16/><V18/><F18/><W98/><G98/><T82/><D30/><U111/><E111/><V129/><F110/><W117/><G117/><T29/><D29/><U4/><E4/><V48/><F28/><W8/><G8/><T56/><D9/><U47/><E47/><V2/><F45/><W19/><G19/><T12/><N who="0" m="5120" /><DORA hai="11" /><T25/><D25/><RYUUKYOKU ba="4,1" sc="457,-15,177,15,250,-15,106,15" hai1="61,67,70,112,113,132,133" hai3="59,63,66,73,74,77,81,86,93,99,103,134,135" /><INIT seed="1,5,1,3,0,93" ten="442,192,235,121" oya="1" hai0="121,16,48,84,135,124,110,75,131,50,58,24,65" hai1="80,98,67,96,104,63,14,12,92,97,134,128,0" hai2="120,22,101,32,87,38,76,122,7,19,89,62,37" hai3="21,15,70,68,72,3,66,41,78,127,116,23,133"/><U115/><E115/><V73/><F32/><W111/><G3/><T119/><D75/><U57/><E104/><V34/><F34/><W129/><G116/><T35/><D119/><U113/><E113/><V8/><F37/><W17/><G127/><T6/><D6/><U42/><E0/><V9/><F38/><W60/><G133/><T13/><D110/><U118/><E118/><V123/><F7/><W77/><G111/><T108/><D131/><U40/><E134/><V18/><F62/><W46/><G129/><T99/><D84/><U5/><E80/><V56/><F56/><W105/><G105/><T81/><D81/><U109/><E109/><V103/><F76/><W126/><G68/><T51/><D121/><U130/><E128/><V44/><F44/><W30/><G126/><T71/><D71/><U59/><E59/><V94/><F73/><W55/><G55/><T4/><D4/><U31/><E31/><V79/><F79/><W114/><G114/><T52/><D124/><U106/><E106/><V53/><F53/><W86/><G72/><T74/><D74/><U25/><E25/><V43/><F43/><N who="1" m="16425" /><E130/><V125/><F125/><W132/><G132/><T33/><D135/><U39/><E39/><V117/><F117/><W112/><G112/><T45/><D108/><U29/><E29/><V11/><REACH who="2" step="1"/><F18/><REACH who="2" ten="442,192,225,121" step="2"/><W20/><G77/><T54/><D16/><U91/><E5/><V82/><F82/><N who="3" m="47447" /><G30/><T85/><D58/><U107/><E107/><V100/><F100/><W10/><G41/><T1/><D1/><U47/><E47/><V28/><F28/><RYUUKYOKU ba="5,2" sc="442,-30,192,10,225,10,121,10" hai1="12,14,57,63,67,91,92,96,97,98" hai2="8,9,11,19,22,87,89,94,101,103,120,122,123" hai3="10,15,17,20,21,23,46,60,66,70" /><INIT seed="1,6,2,1,0,19" ten="412,202,235,131" oya="1" hai0="107,8,10,105,110,81,98,108,57,135,20,93,42" hai1="12,45,119,13,85,111,96,99,25,18,47,95,26" hai2="130,37,36,0,74,132,32,9,44,23,63,133,51" hai3="33,128,59,71,50,68,40,80,125,102,4,91,27"/><U126/><E119/><V117/><F117/><W14/><G102/><T61/><D42/><U75/><E75/><V84/><F32/><W7/><G128/><T122/><D81/><U53/><E126/><V78/><F130/><W58/><G125/><T69/><D69/><U82/><E99/><V72/><F63/><W31/><G59/><T46/><D46/><N who="1" m="17419" /><E53/><V123/><F123/><W3/><G3/><T65/><D135/><U24/><E18/><V97/><F97/><W30/><G30/><T73/><D73/><U21/><E21/><V113/><F113/><W29/><G29/><T38/><D20/><U120/><E120/><V92/><F9/><N who="0" m="3690" /><D38/><U77/><E111/><N who="0" m="42537" /><D122/><U48/><E48/><V79/><F23/><W5/><G71/><T94/><D98/><U127/><E127/><V6/><F74/><W121/><G68/><T106/><AGARI ba="6,2" hai="57,61,65,93,94,105,106,107" m="42537,3690" machi="106" ten="40,1500,0" yaku="14,1" doraHai="19" who="0" fromWho="0" sc="412,53,202,-13,235,-10,131,-10" /><INIT seed="2,0,0,5,1,125" ten="465,189,225,121" oya="2" hai0="1,51,0,106,90,71,60,122,83,28,94,129,39" hai1="47,4,107,72,44,30,58,61,14,132,108,16,38" hai2="7,113,24,56,54,46,40,79,37,84,25,91,73" hai3="22,115,49,98,128,105,89,93,117,123,55,50,135"/><V62/><F113/><W12/><G123/><T32/><D39/><U2/><E107/><V66/><F7/><W5/><G115/><T52/><D106/><U34/><E108/><V53/><F53/><W97/><G117/><T68/><D83/><U80/><E132/><V74/><F74/><W67/><G67/><T99/><D122/><U27/><E80/><V77/><F77/><W109/><G109/><T9/><D32/><U131/><E131/><V134/><F134/><W127/><G135/><T43/><D28/><U13/><E13/><V48/><F79/><W75/><G75/><T111/><D43/><U36/><E72/><V126/><F126/><W101/><G127/><T103/><D129/><U59/><E58/><V29/><F29/><W92/><G105/><T85/><D60/><U100/><E100/><V78/><F78/><W33/><G33/><T15/><D71/><U57/><E59/><V96/><F96/><W133/><G133/><T70/><D70/><U17/><E17/><V76/><F76/><W112/><G112/><T45/><D68/><U19/><E19/><V41/><F73/><W110/><G110/><T6/><REACH who="0" step="1"/><D111/><REACH who="0" ten="455,189,225,121" step="2"/><U35/><E38/><V86/><F40/><W102/><G128/><T23/><D23/><N who="1" m="11671" /><E36/><V18/><F37/><W119/><G119/><T69/><D69/><U114/><E35/><V120/><F120/><W88/><G22/><T64/><D64/><N who="1" m="38959" /><E114/><V95/><F66/><W124/><G124/><T65/><D65/><U8/><AGARI ba="0,1" hai="2,4,8,27,30,34,44,47" m="38959,11671" machi="8" ten="30,2000,0" yaku="24,1,54,1" doraHai="125" who="1" fromWho="1" sc="455,-5,189,30,225,-10,121,-5" /><INIT seed="3,0,0,4,1,84" ten="450,219,215,116" oya="3" hai0="62,71,117,121,56,49,10,32,16,61,77,81,63" hai1="57,5,125,101,132,36,31,89,68,25,33,122,64" hai2="0,100,112,26,67,96,3,50,107,58,22,7,129" hai3="55,69,19,53,18,34,126,105,130,133,106,98,109"/><W119/><G69/><T108/><D121/><U102/><E122/><V37/><F112/><W8/><G34/><T12/><D117/><U27/><E68/><V14/><F37/><W43/><G119/><T113/><D32/><U94/><E125/><V83/><F129/><W11/><G126/><T110/><D71/><U82/><E36/><V44/><F67/><W4/><G130/><T111/><D49/><U60/><E5/><V97/><F58/><W70/><G70/><T120/><D120/><U80/><E25/><V85/><F97/><W73/><G73/><T116/><D116/><U65/><E65/><V128/><F128/><W1/><G133/><T99/><D99/><U6/><E6/><V20/><F14/><W118/><G118/><T93/><D93/><U91/><E132/><V72/><F72/><W88/><G43/><T127/><D113/><U35/><E35/><V13/><F13/><W52/><G109/><T39/><D39/><U92/><E82/><V45/><F45/><W74/><G74/><N who="0" m="43191" /><D127/><U90/><REACH who="1" step="1"/><E80/><REACH who="1" ten="450,209,215,116" step="2"/><V54/><F83/><W75/><G75/><T30/><D30/><U123/><E123/><V28/><F7/><W79/><G79/><T42/><D42/><U66/><E66/><AGARI ba="0,1" hai="10,12,16,56,61,62,63,66,108,110,111" m="43191" machi="66" ten="30,2000,0" yaku="14,1,54,1" doraHai="84" who="0" fromWho="1" sc="450,30,209,-20,215,0,116,0" /><INIT seed="4,0,0,1,2,66" ten="480,189,215,116" oya="0" hai0="78,120,97,76,37,69,56,11,31,17,9,111,74" hai1="108,2,123,91,121,36,105,43,88,33,20,119,104" hai2="124,127,70,130,113,25,10,61,49,68,14,110,42" hai3="22,48,53,73,95,122,99,135,86,5,85,21,83"/><T82/><D120/><U0/><E20/><V16/><F110/><W26/><G122/><T80/><D37/><U8/><E8/><V6/><F113/><W39/><G39/><T109/><D56/><U71/><E36/><V107/><F107/><W94/><G135/><T67/><D31/><U51/><E51/><V90/><F130/><W35/><G5/><T106/><D97/><U116/><E108/><N who="0" m="41545" /><D106/><U30/><E30/><V57/><F90/><W59/><G35/><T12/><D11/><U15/><E15/><V46/><F25/><W19/><G73/><N who="0" m="43343" /><D67/><U77/><E77/><V7/><F6/><W55/><G83/><T28/><D28/><U3/><E3/><V103/><F7/><W87/><G99/><T44/><D44/><U79/><E79/><V13/><F13/><N who="3" m="9455" /><G55/><T114/><D114/><U34/><E43/><V60/><F103/><W126/><G126/><N who="2" m="48169" /><F60/><W96/><G96/><T129/><D129/><U132/><E132/><V29/><F29/><AGARI ba="0,0" hai="22,26,29,48,53,59,85,86,87,94,95" m="9455" machi="29" ten="30,1000,0" yaku="8,1" doraHai="66" who="3" fromWho="2" sc="480,0,189,0,215,-10,116,10" /><INIT seed="5,0,0,3,2,112" ten="480,189,205,126" oya="1" hai0="39,94,92,93,42,16,96,69,53,28,17,52,44" hai1="77,9,51,10,1,79,64,113,133,14,81,63,30" hai2="12,105,61,23,127,90,48,13,66,95,91,62,111" hai3="56,99,18,128,32,134,0,82,6,85,40,84,5"/><U29/><E113/><V72/><F111/><W54/><G32/><T121/><D69/><U135/><E1/><V120/><F105/><W4/><G0/><T2/><D2/><U59/><E51/><V21/><F72/><W38/><G134/><N who="1" m="51210" /><E79/><V103/><F120/><W37/><G128/><T129/><D129/><U130/><E130/><V76/><F76/><W65/><G65/><T78/><D28/><N who="1" m="10859" /><E14/><N who="2" m="5739" /><F127/><W124/><G124/><T24/><D121/><U50/><E50/><V33/><F33/><W55/><G18/><T45/><D78/><U34/><E34/><V49/><F103/><W41/><G99/><T106/><D45/><U11/><E11/><V83/><F83/><W87/><G82/><T8/><D8/><U36/><E36/><V126/><F126/><W67/><G67/><T60/><D60/><N who="2" m="23146" /><F66/><W35/><G35/><T89/><D106/><U20/><E20/><N who="2" m="7755" /><F95/><W15/><G15/><T73/><D94/><U119/><E119/><V117/><F117/><W104/><G104/><T110/><D93/><U101/><E101/><V26/><F26/><W107/><G107/><T27/><D27/><U43/><E43/><N who="3" m="16458" /><G56/><T74/><D24/><U131/><E131/><V68/><F68/><W102/><G102/><T100/><D100/><U98/><E98/><V80/><F80/><W97/><G97/><T122/><D122/><U25/><E25/><V19/><F19/><N who="0" m="7242" /><D74/><AGARI ba="0,0" hai="9,10,59,63,64,74,77,81" m="10859,51210" machi="74" ten="30,1500,0" yaku="20,1" doraHai="112" who="1" fromWho="0" sc="480,-15,189,15,205,0,126,0" /><INIT seed="5,1,0,1,1,79" ten="465,204,205,126" oya="1" hai0="64,108,3,83,59,117,54,5,37,124,125,72,22" hai1="121,112,129,28,58,78,71,130,25,107,80,101,42" hai2="67,41,69,11,84,60,61,20,40,74,6,53,82" hai3="30,8,114,2,100,52,86,49,12,45,95,76,106"/><U126/><E121/><V89/><F74/><W94/><G114/><T119/><D64/><U43/><E71/><V115/><F115/><W23/><G2/><T48/><D22/><U103/><E101/><V123/><F123/><W31/><G106/><T4/><D37/><U105/><E107/><V33/><F33/><W24/><G31/><T88/><D108/><U102/><E103/><V63/><F20/><W118/><G100/><T17/><D17/><U132/><E58/><V7/><F7/><W29/><G29/><T32/><D32/><U35/><E126/><N who="0" m="48745" /><D3/><U73/><E132/><V92/><F60/><W87/><G118/><N who="0" m="45067" /><D72/><U116/><E112/><V81/><F53/><W85/><REACH who="3" step="1"/><G76/><REACH who="3" ten="465,204,205,116" step="2"/><T134/><D134/><U50/><E116/><V62/><F69/><W96/><G96/><T36/><D36/><U75/><E105/><V44/><F67/><W77/><G77/><T26/><D26/><U15/><E102/><V38/><REACH who="2" step="1"/><F41/><REACH who="2" ten="465,204,195,116" step="2"/><W99/><G99/><T111/><D111/><U27/><E42/><V135/><F135/><W90/><G90/><T46/><D88/><U93/><E43/><V70/><F70/><W65/><G65/><T128/><D54/><U97/><E27/><V9/><F9/><W127/><G127/><T57/><D5/><AGARI ba="1,2" hai="5,8,12,23,24,30,45,49,52,85,86,87,94,95" machi="5" ten="40,5200,0" yaku="1,1,8,1,54,1,53,0" doraHai="79" doraHaiUra="39" who="3" fromWho="0" sc="465,-55,204,0,195,0,116,75" /><INIT seed="6,0,0,0,1,129" ten="410,204,195,191" oya="2" hai0="40,80,62,2,100,39,113,4,46,110,96,30,64" hai1="128,65,99,87,78,71,72,123,33,38,43,85,8" hai2="50,92,11,116,45,91,94,26,15,31,41,70,9" hai3="42,108,58,29,54,32,101,63,57,10,68,79,93"/><V59/><F116/><W89/><G108/><T95/><D110/><U25/><E128/><V22/><F70/><W77/><G68/><T18/><D113/><U131/><E99/><V98/><F15/><W126/><G126/><T69/><D30/><U86/><E8/><V5/><F5/><W111/><G111/><T133/><D18/><U83/><E131/><V23/><F23/><W48/><G101/><T130/><D130/><U127/><E127/><V6/><F6/><W13/><G29/><T51/><D80/><U19/><E19/><V53/><REACH who="2" step="1"/><F94/><REACH who="2" ten="410,204,185,191" step="2"/><W61/><G32/><T21/><D21/><U52/><E123/><V117/><F117/><W124/><G124/><T135/><REACH who="0" step="1"/><D39/><AGARI ba="0,1" hai="9,11,22,26,31,39,41,45,50,53,59,91,92,98" machi="39" ten="30,2900,0" yaku="1,1,7,1,53,0" doraHai="129" doraHaiUra="97" who="2" fromWho="0" sc="410,-29,204,0,185,39,191,0" /><INIT seed="6,1,0,2,3,21" ten="381,204,224,191" oya="2" hai0="99,52,51,9,112,46,87,79,60,109,13,41,67" hai1="47,44,55,43,101,119,135,90,42,114,104,78,10" hai2="91,68,23,4,128,125,8,29,26,31,2,121,72" hai3="19,12,75,82,58,74,71,20,32,127,6,37,25"/><V130/><F121/><W18/><G71/><T59/><D109/><U132/><E119/><V57/><F68/><W118/><G37/><T1/><D1/><U35/><E35/><V7/><F72/><W76/><G118/><T69/><D112/><U89/><E78/><V65/><F125/><W122/><G122/><T102/><D87/><U117/><E10/><N who="2" m="2327" /><F91/><N who="1" m="34825" /><E55/><V11/><F57/><W16/><G127/><T105/><D79/><U54/><E54/><V83/><F83/><W45/><G45/><N who="1" m="17482" /><E117/><V92/><F92/><W5/><G74/><T129/><D129/><N who="2" m="49770" /><F65/><W133/><G32/><T93/><D105/><U70/><E70/><V73/><F73/><W61/><G133/><N who="1" m="51274" /><E114/><V120/><F120/><W17/><REACH who="3" step="1"/><G12/><REACH who="3" ten="381,204,224,181" step="2"/><T100/><D69/><U0/><E0/><N who="2" m="103" /><F11/><W123/><G123/><T27/><D46/><U115/><E115/><V66/><F66/><AGARI ba="1,1" hai="5,6,16,17,18,19,20,25,58,61,66,75,76,82" machi="66" ten="40,5200,0" yaku="1,1,52,1,54,1,53,0" doraHai="21" doraHaiUra="111" who="3" fromWho="2" sc="381,0,204,0,224,-55,181,65" /><INIT seed="7,0,0,1,2,46" ten="381,204,169,246" oya="3" hai0="33,55,102,16,63,71,135,50,69,11,116,77,91" hai1="111,109,10,99,2,110,108,107,78,62,70,47,73" hai2="103,95,20,19,114,51,98,57,18,65,132,101,8" hai3="89,126,5,1,83,119,81,127,30,117,93,56,26"/><W13/><G1/><T43/><D77/><U32/><E47/><V22/><F114/><W3/><G3/><T79/><D79/><U106/><E32/><V0/><F132/><W34/><G5/><T66/><D102/><U134/><E134/><V75/><F75/><W121/><G13/><T112/><D91/><U9/><E9/><V123/><F123/><W45/><G56/><T86/><D86/><U72/><E99/><V21/><F0/><W24/><G45/><T84/><D84/><U35/><E35/><V53/><F65/><W124/><G24/><T25/><D116/><N who="3" m="44617" /><G121/><T82/><D112/><U17/><E17/><V29/><F29/><W90/><G90/><T118/><D25/><U52/><E52/><V120/><F120/><W49/><G49/><T7/><D50/><U44/><E44/><V41/><F103/><W113/><G113/><T31/><D7/><N who="1" m="1399" /><E78/><V122/><F122/><W133/><G133/><T104/><D135/><U68/><E111/><V40/><REACH who="2" step="1"/><F8/><REACH who="2" ten="381,204,159,246" step="2"/><W131/><G131/><T36/><D118/><U6/><E6/><V87/><F87/><AGARI ba="0,1" hai="26,30,34,81,83,87,89,93,124,126,127" m="44617" machi="87" ten="40,2000,0" yaku="18,1" doraHai="46" who="3" fromWho="2" sc="381,0,204,0,159,-20,246,30" /><INIT seed="7,1,0,5,0,15" ten="381,204,139,276" oya="3" hai0="28,106,112,96,68,120,118,100,26,55,60,13,126" hai1="41,123,89,40,83,124,39,88,76,108,99,77,2" hai2="81,32,75,113,115,58,59,14,66,21,103,62,129" hai3="109,95,0,37,49,29,3,78,61,46,1,101,117"/><W34/><G37/><T79/><D79/><U119/><E123/><V94/><F32/><W53/><G117/><T42/><D42/><U31/><E2/><V80/><F75/><W110/><G78/><T33/><D120/><U69/><E69/><V133/><F133/><W65/><G34/><T97/><D97/><U19/><E108/><N who="3" m="41578" /><G29/><T47/><D112/><U135/><E19/><V30/><F129/><W104/><G104/><T51/><D13/><U85/><E124/><V56/><F14/><W114/><G114/><T71/><D118/><U54/><E54/><V92/><F56/><N who="3" m="37031" /><G95/><T43/><D126/><U23/><E31/><V131/><F131/><W98/><G98/><T122/><D122/><U45/><E99/><V127/><F127/><W4/><G101/><T17/><D17/><U52/><E119/><V5/><F5/><AGARI ba="1,0" hai="0,1,3,4,5,46,49,53" m="37031,41578" machi="5" ten="40,2000,0" yaku="10,1" doraHai="15" who="3" fromWho="2" sc="381,0,204,0,139,-23,276,23" /><INIT seed="7,2,0,5,1,22" ten="381,204,116,299" oya="3" hai0="83,62,24,72,79,86,12,66,39,121,127,106,41" hai1="23,80,8,65,4,42,131,101,45,51,71,36,18" hai2="88,99,49,132,109,126,90,58,74,77,111,116,68" hai3="35,25,60,91,122,1,119,117,11,28,48,97,6"/><W15/><G122/><T110/><D121/><U113/><E113/><V33/><F68/><W125/><G125/><T0/><D12/><U52/><E101/><V69/><F69/><W114/><G114/><T7/><D24/><U21/><E131/><V92/><F33/><W50/><G60/><T81/><D106/><U82/><E21/><V44/><F116/><W98/><G1/><T57/><D127/><U135/><E135/><V134/><F126/><W94/><REACH who="3" step="1"/><G98/><REACH who="3" ten="381,204,116,289" step="2"/><T104/><D62/><U46/><E71/><V9/><F134/><W47/><G47/><T34/><D0/><U43/><E46/><V64/><F132/><W63/><G63/><T30/><D57/><U29/><E45/><V120/><F44/><W95/><G95/><T32/><D104/><U10/><E42/><V17/><F120/><W133/><G133/><T85/><D41/><U61/><E43/><V130/><F99/><W118/><AGARI ba="2,1" hai="6,11,15,25,28,35,48,50,91,94,97,117,118,119" machi="118" ten="30,6000,0" yaku="1,1,0,1,52,1,53,0" doraHai="22" doraHaiUra="75" who="3" fromWho="3" sc="381,-22,204,-22,116,-22,289,76" owari="359,15.9,182,-21.8,94,-40.6,365,46.5" /></mjloggm>