<mjloggm ver="2.3"><GO type="41" lobby="0"/><UN n0="%73%2D%64%6F%62%65%72" n1="%E3%81%95%E3%81%A8%E3%83%86%E3%83%AB" n2="%E2%93%9D%4C%75%63%6B%79%4A" n3="%E3%83%84%E3%83%90%E3%82%B5%31%31%38" dan="15,13,18,14" rate="1901.21,1918.48,2213.47,1948.28" sx="M,M,M,M"/><TAIKYOKU oya="0"/><INIT seed="0,0,0,4,5,34" ten="250,250,250,250" oya="0" hai0="78,98,126,132,45,51,15,111,92,87,79,56,72" hai1="113,99,67,100,95,76,64,112,10,73,62,83,38" hai2="75,61,20,24,40,103,18,54,91,96,60,77,129" hai3="131,44,14,125,121,0,22,119,102,104,2,94,5"/><T97/><D56/><U48/><E38/><V84/><F129/><W16/><G104/><T7/><D126/><U93/><E48/><V68/><F75/><W123/><G119/><T57/><D57/><U85/><E67/><V25/><F77/><W116/><G116/><T30/><D30/><U36/><E36/><V23/><F40/><W21/><G125/><T120/><D72/><U81/><E10/><V58/><F68/><W65/><G65/><T6/><D92/><U37/><E37/><V17/><F103/><W105/><G105/><T28/><D28/><U46/><E46/><V52/><F96/><N who="3" m="59671" /><G5/><T106/><D106/><U49/><E49/><V114/><F114/><W13/><G44/><T118/><D118/><U11/><E11/><V127/><F127/><W39/><G39/><T43/><D132/><U19/><E19/><V109/><F109/><W27/><G13/><T35/><D111/><U86/><E62/><V130/><F130/><W63/><G63/><T41/><D35/><U82/><E64/><V53/><F61/><W71/><G71/><T124/><D124/><U3/><E3/><V59/><F59/><W107/><G107/><T101/><D7/><U4/><E4/><V122/><F122/><N who="3" m="46603" /><G131/><T55/><D120/><U88/><E73/><V110/><F110/><W90/><G90/><T8/><D43/><U74/><E74/><V117/><F117/><W1/><G1/><T47/><D47/><U33/><E33/><V134/><F134/><W31/><AGARI ba="0,0" hai="0,2,14,16,21,22,27,31" m="46603,59671" machi="31" ten="30,7900,0" yaku="13,1,52,2,54,1" doraHai="34" who="3" fromWho="3" sc="250,-39,250,-20,250,-20,250,79" /><INIT seed="1,0,0,2,0,2" ten="211,230,230,329" oya="1" hai0="131,100,115,81,15,70,79,76,12,48,99,121,4" hai1="105,125,128,66,112,68,37,73,9,26,51,28,97" hai2="45,62,71,5,7,106,104,41,24,74,43,23,55" hai3="111,75,118,10,20,64,92,65,110,47,98,129,89"/><U127/><E73/><V8/><F74/><W6/><G75/><T95/><D115/><U18/><E112/><V90/><F106/><W56/><G129/><T67/><D131/><U38/><E51/><N who="2" m="29167" /><F104/><W19/><G47/><T85/><D76/><U109/><E128/><V16/><F71/><W88/><G118/><T133/><D133/><U130/><E130/><V101/><F101/><W3/><G89/><T103/><D103/><N who="1" m="62703" /><E18/><V58/><F90/><W84/><G98/><T21/><D121/><U39/><E9/><V49/><F49/><W134/><G134/><T52/><D67/><U116/><E116/><V78/><F78/><W44/><G44/><T114/><D70/><U69/><E66/><N who="2" m="39255" /><F8/><W93/><G93/><T27/><D114/><U60/><E109/><N who="3" m="41482" /><G56/><N who="0" m="32775" /><D4/><AGARI ba="0,0" hai="4,5,7,16,23,24,41,43" m="39255,29167" machi="4" ten="30,8000,1" yaku="8,1,52,3,54,1" doraHai="2" who="2" fromWho="0" sc="211,-80,230,0,230,80,329,0" /><INIT seed="2,0,0,2,2,12" ten="131,230,310,329" oya="2" hai0="116,118,124,93,56,38,89,13,51,22,94,9,112" hai1="68,37,130,109,54,88,49,23,96,104,48,59,3" hai2="115,78,35,53,62,74,131,103,102,119,114,99,86" hai3="133,5,122,10,117,121,42,82,97,81,101,45,20"/><V6/><F35/><W92/><G117/><N who="0" m="45163" /><D112/><U125/><E3/><V24/><F119/><W71/><G71/><T113/><D38/><U34/><E68/><V108/><F6/><W120/><G20/><T40/><D113/><U21/><E37/><V75/><F53/><W18/><G18/><N who="0" m="10575" /><D124/><U106/><E34/><V69/><F24/><W77/><G133/><T65/><D89/><U57/><E109/><V32/><F32/><W25/><G25/><T61/><D9/><U129/><E125/><V50/><F108/><W52/><G52/><N who="0" m="31775" /><D40/><U107/><E23/><V67/><F115/><W80/><G77/><T58/><AGARI ba="0,0" hai="58,61,65,93,94" m="31775,10575,45163" machi="58" ten="30,4000,0" yaku="12,1,52,1,54,1" doraHai="12" who="0" fromWho="0" sc="131,40,230,-10,310,-20,329,-10" /><INIT seed="3,0,0,3,5,40" ten="171,220,290,319" oya="3" hai0="72,131,70,121,52,20,97,111,94,67,55,9,0" hai1="1,74,81,57,37,118,132,44,59,105,130,25,8" hai2="135,125,50,90,96,4,82,34,22,58,106,95,102" hai3="107,101,103,93,89,134,24,33,91,21,85,35,32"/><W54/><G134/><T104/><D121/><U126/><E105/><V123/><F34/><W18/><G107/><T56/><D72/><U119/><E132/><V120/><F4/><W65/><G65/><T38/><D104/><U80/><E126/><V115/><F22/><W116/><G116/><T17/><D70/><U7/><E130/><V62/><F50/><W42/><G42/><T87/><D87/><U99/><E25/><V23/><F23/><W75/><G75/><T12/><D38/><U6/><E99/><V39/><F39/><W51/><REACH who="3" step="1"/><G91/><REACH who="3" ten="171,220,290,309" step="2"/><N who="0" m="55519" /><D131/><U41/><E119/><V127/><F135/><W76/><G76/><T71/><D71/><U124/><E118/><V112/><F106/><W86/><G86/><T26/><D0/><U77/><E124/><N who="2" m="47691" /><F123/><W60/><G60/><N who="0" m="38279" /><D111/><U114/><E114/><V45/><F115/><W53/><G53/><T69/><D69/><U28/><E28/><AGARI ba="0,1" hai="9,12,17,20,26,28,52,55" m="38279,55519" machi="28" ten="30,2000,0" yaku="8,1,54,1" doraHai="40" who="0" fromWho="1" sc="171,30,220,-20,290,0,309,0" /><INIT seed="4,0,0,4,4,39" ten="201,200,290,309" oya="0" hai0="81,80,132,53,48,9,26,89,74,90,96,32,12" hai1="25,14,104,5,22,2,0,38,118,134,66,3,83" hai2="13,63,73,94,97,121,124,115,33,110,100,31,119" hai3="59,10,45,69,49,111,19,114,107,102,108,113,36"/><T37/><D37/><U8/><E104/><V62/><F110/><W24/><G69/><T11/><D132/><U34/><E66/><V52/><F73/><W44/><G59/><T54/><D32/><U40/><E118/><V70/><F121/><W131/><G131/><T105/><D26/><U50/><E38/><V17/><F115/><N who="3" m="44043" /><G36/><T82/><D74/><U91/><E134/><V27/><F124/><W30/><G45/><T72/><D72/><U75/><E34/><V16/><F119/><W55/><G102/><T126/><D105/><U87/><E75/><V112/><F112/><W23/><G107/><T130/><D130/><U57/><E57/><V92/><F94/><W85/><G85/><T101/><D126/><U135/><E135/><V43/><F70/><W109/><G10/><T128/><D11/><U78/><E91/><V7/><F63/><W77/><G77/><T6/><D101/><U79/><E78/><V86/><F86/><W47/><G47/><N who="0" m="27807" /><D128/><U46/><E2/><V95/><F100/><W129/><G129/><T120/><D120/><U56/><E56/><V117/><F117/><W122/><G122/><T103/><D96/><U29/><AGARI ba="0,0" hai="0,3,5,8,14,22,25,29,40,46,50,79,83,87" machi="29" ten="20,8000,1" yaku="0,1,7,1,25,2,52,1" doraHai="39" who="1" fromWho="1" sc="201,-40,200,80,290,-20,309,-20" /><INIT seed="5,0,0,0,1,75" ten="161,280,270,289" oya="1" hai0="93,79,12,26,52,4,47,18,54,48,127,131,102" hai1="85,16,87,105,30,22,1,21,89,126,99,27,123" hai2="64,17,19,32,128,53,73,62,77,119,25,72,57" hai3="86,51,14,84,92,129,33,29,130,49,61,114,13"/><U69/><E123/><V98/><F119/><W44/><G114/><T88/><D131/><N who="3" m="50185" /><G61/><T121/><D127/><U74/><E74/><V115/><F128/><W39/><G39/><T9/><D102/><U56/><E69/><V103/><F73/><W95/><G29/><T24/><D121/><U134/><E1/><V91/><F91/><N who="3" m="53351" /><G33/><T35/><D35/><U23/><E126/><V96/><F98/><W100/><G49/><T37/><D37/><U78/><E134/><V104/><F115/><W45/><G45/><T107/><D107/><U10/><E105/><V125/><F125/><W55/><G100/><T46/><D4/><U120/><E120/><V106/><F106/><W42/><G55/><T112/><D112/><U81/><E99/><V90/><F90/><AGARI ba="0,0" hai="13,14,42,44,51,86,90,95" m="53351,50185" machi="90" ten="30,1000,0" yaku="19,1" doraHai="75" who="3" fromWho="2" sc="161,0,280,0,270,-10,289,10" /><INIT seed="6,0,0,3,5,103" ten="161,280,260,299" oya="2" hai0="88,38,96,89,22,23,76,25,58,30,47,49,114" hai1="129,45,128,116,28,46,123,20,79,0,131,108,34" hai2="26,110,7,82,87,64,29,72,41,100,18,61,115" hai3="80,130,120,44,1,122,48,63,57,94,101,133,99"/><V21/><F110/><W74/><G1/><T112/><D76/><U69/><E116/><V84/><F115/><W36/><G36/><T67/><D38/><U95/><E69/><V104/><F7/><W39/><G39/><T102/><D22/><U62/><E0/><V90/><F72/><W8/><G133/><T13/><D13/><U50/><E34/><V98/><F87/><W35/><G35/><T68/><D68/><U14/><E123/><V125/><F125/><W42/><G130/><T60/><D112/><U37/><E79/><V19/><REACH who="2" step="1"/><F41/><REACH who="2" ten="161,280,250,299" step="2"/><W27/><G74/><T121/><D114/><U40/><E108/><V55/><F55/><N who="3" m="34239" /><G122/><T9/><D121/><U43/><E43/><V113/><F113/><W86/><G120/><T51/><D9/><U17/><E40/><V32/><F32/><W83/><G8/><T54/><REACH who="0" step="1"/><D49/><REACH who="0" ten="151,280,250,299" step="2"/><U31/><E50/><V75/><F75/><W2/><G2/><T127/><D127/><U111/><E131/><V4/><F4/><W5/><G5/><T119/><D119/><U66/><E129/><V124/><F124/><W97/><G48/><T81/><D81/><U6/><E128/><V135/><F135/><W10/><G83/><T71/><D71/><AGARI ba="0,2" hai="18,19,21,26,29,61,64,71,82,84,90,98,100,104" machi="71" ten="30,11600,0" yaku="1,1,7,1,52,1,53,1" doraHai="103" doraHaiUra="77" who="2" fromWho="0" sc="151,-116,280,0,250,136,299,0" /><INIT seed="6,1,0,4,0,61" ten="35,280,386,299" oya="2" hai0="40,73,76,133,104,103,38,85,13,51,81,52,45" hai1="128,71,88,87,91,41,92,5,127,4,19,2,46" hai2="77,83,86,93,12,43,94,122,78,95,18,16,27" hai3="14,67,99,34,89,108,129,66,100,125,80,109,130"/><V60/><F122/><W49/><G34/><T10/><D133/><U31/><E127/><V102/><F43/><W118/><G118/><T8/><D8/><U105/><E105/><V28/><F78/><W63/><G125/><T62/><D62/><U101/><E128/><N who="3" m="49258" /><G63/><T48/><D38/><U115/><E2/><V97/><F60/><W58/><G14/><T114/><D114/><U84/><E71/><V75/><F75/><W135/><G135/><T47/><D73/><U3/><E31/><V90/><F77/><W124/><G124/><T17/><D104/><U9/><E115/><V24/><F18/><W15/><G15/><T7/><REACH who="0" step="1"/><D103/><REACH who="0" ten="25,280,386,299" step="2"/><U33/><E101/><V50/><F50/><W22/><G109/><T96/><D96/><U72/><E72/><V11/><F28/><W35/><G108/><T54/><D54/><U64/><E3/><V110/><F110/><W121/><G121/><T74/><D74/><U123/><E123/><V59/><F102/><W69/><G69/><T6/><AGARI ba="1,1" hai="6,7,10,13,17,40,45,47,48,51,52,76,81,85" machi="6" ten="30,7900,0" yaku="1,1,0,1,8,1,54,1,53,0" doraHai="61" doraHaiUra="26" who="0" fromWho="0" sc="25,92,280,-21,386,-40,299,-21" /><INIT seed="7,0,0,3,0,74" ten="117,259,346,278" oya="3" hai0="117,97,53,32,44,8,107,49,102,68,35,33,43" hai1="56,20,69,120,55,113,101,26,83,64,72,134,70" hai2="30,61,128,127,78,89,90,5,110,41,13,111,87" hai3="115,109,82,9,36,59,92,31,132,38,122,67,7"/><W11/><G122/><T129/><D117/><U118/><E118/><V105/><F105/><W45/><G109/><T29/><D129/><U98/><E120/><V86/><F30/><W2/><G132/><T24/><D8/><U133/><E113/><V65/><F78/><W18/><G115/><T119/><D119/><U3/><E3/><V63/><F41/><W23/><G31/><T94/><D94/><U73/><E64/><V60/><F127/><W81/><G11/><T126/><D126/><U121/><E73/><V123/><F128/><W4/><G4/><T130/><D130/><U93/><E121/><V57/><F111/><W19/><G19/><T27/><D27/><U88/><E134/><V116/><F110/><W76/><G82/><T91/><D91/><N who="2" m="34826" /><F123/><W71/><G92/><T42/><D42/><U80/><E133/><V52/><F65/><W22/><G71/><T46/><D46/><U104/><E70/><V66/><F66/><W47/><G38/><T124/><D124/><U50/><E72/><V51/><F116/><W84/><G36/><T106/><D106/><U10/><E10/><AGARI ba="0,0" hai="5,10,13,51,52,57,60,61,63,86,87" m="34826" machi="10" ten="30,2000,0" yaku="8,1,54,1" doraHai="74" who="2" fromWho="1" sc="117,0,259,-20,346,20,278,0" owari="117,-38.3,239,-16.1,366,46.6,278,7.8" /></mjloggm>