<mjloggm ver="2.3"><GO type="41" lobby="0"/><UN n0="%E9%A4%85%E4%B9%8B%E9%80%B2" n1="%E6%96%87%E5%A5%88%E9%9B%AA%E8%88%9F" n2="%E9%99%B8%E4%B8%B8" n3="%E2%93%9D%4C%75%63%6B%79%4A" dan="15,14,14,17" rate="1954.77,1960.99,1954.50,2122.49" sx="F,M,M,M"/><TAIKYOKU oya="0"/><INIT seed="0,0,0,0,0,69" ten="250,250,250,250" oya="0" hai0="111,16,70,9,0,11,8,106,38,68,56,34,114" hai1="35,132,113,45,15,21,44,1,39,78,75,62,30" hai2="81,60,42,91,77,32,89,116,95,103,22,108,87" hai3="92,25,33,97,49,74,102,80,96,5,109,104,51"/><T131/><D114/><U31/><E1/><V110/><F32/><W10/><G109/><N who="2" m="42089" /><F42/><W121/><G121/><T93/><D111/><U100/><E132/><V28/><F60/><W58/><G74/><T14/><D106/><U128/><E128/><V125/><F22/><W119/><G80/><T107/><D107/><U79/><E35/><V3/><F28/><W4/><G119/><T64/><D131/><U27/><E30/><V98/><F3/><W82/><G82/><T50/><D34/><U122/><E122/><V123/><F123/><W52/><G51/><T71/><D0/><U129/><E113/><V127/><F116/><W90/><REACH who="3" step="1"/><G10/><REACH who="3" ten="250,250,250,240" step="2"/><T135/><D135/><U126/><E129/><V63/><F63/><W88/><G88/><AGARI ba="0,1" hai="77,81,87,88,89,91,95,98,103,125,127" m="42089" machi="88" ten="30,7700,0" yaku="14,1,34,2,54,1" doraHai="69" who="2" fromWho="3" sc="250,0,250,0,250,87,240,-77" /><INIT seed="1,0,0,3,1,52" ten="250,250,337,163" oya="1" hai0="67,62,85,109,63,73,2,24,58,50,86,19,5" hai1="48,89,21,135,68,40,123,10,133,128,61,93,78" hai2="77,32,103,98,20,55,11,134,13,102,53,31,3" hai3="90,44,121,105,108,46,36,113,91,15,6,7,29"/><U14/><E123/><V8/><F134/><N who="1" m="51209" /><E78/><V82/><F32/><W114/><G105/><T12/><D73/><U54/><E40/><V43/><F43/><W75/><G29/><T56/><D109/><U132/><E128/><V34/><F34/><W125/><G15/><T4/><D50/><U57/><E21/><V92/><F103/><W47/><G75/><T76/><D2/><U9/><N who="1" m="51217" /><U26/><DORA hai="72" /><E26/><N who="2" m="16839" /><F3/><W45/><G108/><T42/><D42/><U79/><E79/><V120/><F120/><W116/><G121/><T35/><D24/><U97/><E14/><V1/><F1/><W122/><G122/><T0/><D35/><U117/><E117/><V112/><F112/><W83/><G116/><T25/><D25/><U51/><E51/><V59/><F55/><W110/><G110/><T84/><D76/><U88/><E89/><V126/><F126/><W22/><G125/><T87/><N who="0" m="21504" /><DORA hai="65" /><T104/><D104/><U115/><E115/><V16/><F77/><W99/><G114/><T95/><D0/><U39/><E39/><V129/><F129/><W60/><G36/><T30/><D30/><U124/><E124/><V74/><F74/><W64/><G113/><T41/><D41/><U38/><E38/><V49/><F82/><W81/><G83/><T131/><D131/><U101/><E101/><V66/><F66/><AGARI ba="0,0" hai="9,10,48,54,57,61,66,68,88,93,97" m="51217" machi="66" ten="40,12000,1" yaku="20,1,52,2,54,1" doraHai="52,72,65" who="1" fromWho="2" sc="250,0,250,120,337,-120,163,0" /><INIT seed="1,1,0,5,1,23" ten="250,370,217,163" oya="1" hai0="126,108,96,36,105,112,9,54,127,82,78,31,85" hai1="35,32,38,22,10,24,37,48,118,45,33,66,128" hai2="73,125,44,2,18,17,6,109,101,98,60,121,53" hai3="99,102,1,4,67,123,115,93,59,64,77,27,50"/><U15/><E118/><V56/><F121/><W39/><G123/><T83/><D36/><U41/><E128/><V8/><F73/><W111/><G39/><T52/><D112/><U5/><REACH who="1" step="1"/><E66/><REACH who="1" ten="250,360,217,163" step="2"/><V34/><F125/><W28/><G67/><T106/><D127/><U86/><E86/><V7/><F109/><W122/><G111/><T29/><D126/><U120/><E120/><V43/><F34/><W129/><G64/><T131/><D85/><U61/><E61/><V90/><F60/><W40/><G129/><T80/><D131/><U116/><E116/><V92/><F98/><W87/><G99/><T110/><D96/><U46/><E46/><V132/><F44/><W117/><G87/><T68/><D108/><U84/><E84/><V72/><F72/><W16/><G122/><T76/><D110/><U75/><E75/><V103/><F132/><W14/><G117/><T58/><D78/><U49/><E49/><V69/><F101/><W104/><G102/><T62/><D76/><U134/><E134/><V100/><F103/><W47/><G77/><T91/><D62/><U94/><E94/><V30/><F100/><W70/><G93/><T57/><D91/><U95/><E95/><V19/><F92/><W3/><G50/><T25/><D83/><U21/><E21/><V79/><F90/><W89/><G89/><T113/><D113/><U0/><E0/><V88/><F88/><W20/><G115/><T26/><REACH who="0" step="1"/><D9/><REACH who="0" ten="240,360,217,163" step="2"/><U97/><E97/><V119/><F79/><W12/><G3/><T130/><D130/><U114/><E114/><V13/><F119/><RYUUKYOKU ba="1,2" sc="240,15,360,15,217,-15,163,-15" hai0="25,26,29,31,52,54,57,58,68,80,82,105,106" hai1="5,10,15,22,24,32,33,35,37,38,41,45,48" /><INIT seed="1,2,2,0,4,64" ten="255,375,202,148" oya="1" hai0="67,80,109,58,130,59,12,52,3,31,68,38,44" hai1="60,23,124,6,28,116,89,76,19,21,135,49,61" hai2="22,10,112,88,14,83,46,125,1,0,9,81,51" hai3="107,36,70,95,118,99,74,114,115,132,82,26,11"/><U18/><E116/><V98/><F125/><W16/><G36/><T133/><D3/><U35/><E35/><V66/><F112/><W15/><G107/><T122/><D122/><U77/><E6/><V56/><F1/><W102/><G118/><T117/><D117/><U93/><E28/><V96/><F0/><W30/><G70/><T75/><D133/><U37/><E37/><V101/><F22/><W33/><REACH who="3" step="1"/><G132/><REACH who="3" ten="255,375,202,138" step="2"/><T120/><D120/><U85/><E135/><V7/><F83/><W129/><G129/><T57/><D130/><U127/><E127/><V73/><F81/><W105/><G105/><T84/><D80/><U54/><E124/><V55/><F73/><W103/><G103/><T2/><D75/><U29/><E76/><AGARI ba="2,3" hai="11,15,16,26,30,33,74,76,82,95,99,102,114,115" machi="76" ten="40,2600,0" yaku="1,1,54,1,53,0" doraHai="64" doraHaiUra="32" who="3" fromWho="1" sc="255,0,375,-32,202,0,138,62" /><INIT seed="2,0,0,4,0,51" ten="255,343,202,200" oya="2" hai0="49,50,121,80,3,134,41,8,2,33,113,124,91" hai1="9,26,57,88,72,129,103,12,126,81,43,5,53" hai2="58,45,17,85,54,115,62,36,25,105,32,56,74" hai3="130,70,112,86,102,47,66,61,6,133,83,109,128"/><V20/><F74/><W98/><G6/><T11/><D121/><U63/><E129/><V120/><F120/><W28/><G109/><T123/><D123/><U22/><E126/><V35/><F115/><W68/><G112/><T108/><D113/><U114/><E114/><V46/><F105/><W104/><G133/><T71/><D134/><U78/><E43/><V75/><F75/><W34/><G70/><T0/><D124/><U77/><E103/><V21/><F85/><W60/><G61/><T15/><D71/><U37/><E37/><V29/><F58/><W95/><G95/><T64/><D64/><U116/><E116/><V117/><F117/><W87/><G47/><T42/><D108/><U132/><E132/><V90/><F90/><W16/><G16/><T119/><D33/><U100/><E100/><V38/><F38/><W84/><REACH who="3" step="1"/><G83/><REACH who="3" ten="255,343,202,190" step="2"/><T107/><D80/><U92/><E81/><V10/><F10/><W118/><G118/><T99/><D119/><U106/><E106/><V79/><F46/><W101/><G101/><T55/><D107/><U52/><E72/><V110/><F110/><W30/><G30/><T93/><D11/><U127/><E127/><V59/><F59/><W82/><G82/><T48/><D93/><U23/><E78/><V4/><F4/><W73/><G73/><T1/><D8/><U44/><E77/><V39/><F79/><W13/><G13/><T19/><D15/><U27/><E44/><V111/><F111/><W94/><G94/><T40/><D19/><U76/><E76/><V131/><F17/><W67/><G67/><RYUUKYOKU ba="0,1" sc="255,-10,343,-10,202,-10,190,30" hai3="28,34,60,66,68,84,86,87,98,102,104,128,130" /><INIT seed="3,1,1,3,0,96" ten="245,333,192,220" oya="3" hai0="78,94,3,8,45,22,90,121,12,113,76,37,129" hai1="62,89,64,81,31,112,14,69,41,19,75,104,29" hai2="44,36,132,2,73,18,66,85,86,100,118,92,63" hai3="30,16,84,102,51,101,5,97,52,125,95,83,47"/><W49/><G125/><T70/><D121/><U15/><E112/><V11/><F118/><W43/><G30/><T99/><D113/><U61/><E104/><V17/><F73/><W107/><G5/><T35/><D129/><U53/><E41/><V93/><F132/><W6/><G6/><T79/><D70/><U46/><E14/><V50/><F36/><W72/><G72/><T48/><D35/><U133/><E133/><V67/><F2/><W24/><G107/><T115/><D115/><U87/><E75/><V26/><F11/><W7/><G7/><T82/><D37/><U23/><REACH who="1" step="1"/><E62/><REACH who="1" ten="245,323,192,220" step="2"/><V128/><F63/><W1/><G1/><T10/><D3/><U111/><E111/><V0/><F0/><W134/><G134/><T116/><D116/><U103/><E103/><V40/><F40/><W59/><G102/><T105/><D105/><U68/><E68/><V88/><F100/><W21/><G84/><T55/><REACH who="0" step="1"/><D82/><AGARI ba="1,2" hai="16,21,24,43,47,49,51,52,59,82,83,95,97,101" machi="82" ten="40,12000,1" yaku="8,1,52,1,54,2" doraHai="96" who="3" fromWho="0" sc="245,-123,323,0,192,0,220,143" /><INIT seed="3,2,0,1,3,42" ten="122,323,192,363" oya="3" hai0="122,4,74,71,14,38,43,87,95,110,17,66,11" hai1="35,116,114,119,53,46,90,44,85,40,45,80,13" hai2="112,12,72,76,84,52,104,1,25,3,50,15,5" hai3="86,111,56,100,47,79,117,115,31,82,93,118,8"/><W36/><G115/><T108/><D122/><U94/><E35/><V54/><F112/><W113/><G113/><T129/><D74/><U18/><E114/><V134/><F72/><W28/><G56/><T55/><D129/><U107/><E107/><V59/><F104/><W61/><G61/><T33/><D33/><U126/><E126/><V89/><BYE who="1" /><F76/><W6/><G111/><T34/><D34/><U88/><E88/><V135/><F25/><W105/><G105/><UN n1="%E6%96%87%E5%A5%88%E9%9B%AA%E8%88%9F" /><T98/><D87/><U7/><E7/><V109/><BYE who="1" /><F109/><N who="0" m="42090" /><D55/><U130/><E130/><V21/><F12/><W96/><G118/><T26/><D66/><U58/><E58/><V67/><F67/><W73/><G86/><T10/><D71/><U75/><E75/><V48/><F134/><UN n1="%E6%96%87%E5%A5%88%E9%9B%AA%E8%88%9F" /><W37/><G117/><T2/><BYE who="1" /><D26/><U19/><E19/><V62/><F62/><W69/><G69/><T121/><D121/><U103/><E103/><V132/><F132/><W99/><G99/><T41/><D38/><U106/><E106/><V125/><F125/><W27/><G37/><T124/><D124/><U63/><E63/><V70/><F70/><W68/><G68/><T51/><D51/><U57/><E57/><N who="2" m="32903" /><F135/><W128/><G128/><T127/><D127/><U78/><E78/><V65/><F65/><UN n1="%E6%96%87%E5%A5%88%E9%9B%AA%E8%88%9F" /><W39/><G39/><T83/><D83/><U123/><E123/><V97/><BYE who="1" /><F97/><W77/><G79/><T91/><AGARI ba="2,0" hai="2,4,10,11,14,17,41,43,91,95,98" m="42090" machi="91" ten="30,1100,0" yaku="14,1" doraHai="42" who="0" fromWho="0" sc="122,17,323,-5,192,-5,363,-7" /><INIT seed="4,0,0,1,4,115" ten="139,318,187,356" oya="0" hai0="18,107,16,8,71,121,33,5,41,51,66,31,123" hai1="124,10,126,20,92,118,73,6,40,9,49,59,44" hai2="50,22,103,114,116,11,89,21,133,87,88,29,131" hai3="26,120,56,67,30,134,77,80,45,54,61,108,129"/><T35/><D107/><U76/><E76/><V57/><F114/><W68/><G108/><UN n1="%E6%96%87%E5%A5%88%E9%9B%AA%E8%88%9F" /><T85/><D71/><U132/><E132/><V75/><BYE who="1" /><F75/><W130/><G134/><T135/><D85/><U32/><E32/><N who="0" m="12361" /><D135/><U48/><E48/><V122/><F133/><W27/><G120/><N who="0" m="46155" /><D66/><U25/><E25/><V60/><F122/><W42/><G30/><T39/><D51/><U98/><E98/><V72/><F72/><W104/><G104/><T101/><D41/><U53/><E53/><V74/><F74/><W81/><G81/><T23/><D101/><U62/><E62/><V19/><F103/><W15/><G15/><N who="0" m="5519" /><D39/><U64/><E64/><V37/><F50/><N who="3" m="30807" /><G80/><T119/><D119/><U97/><E97/><V34/><F116/><W127/><G77/><T12/><D18/><U86/><E86/><V128/><F37/><W84/><G84/><T36/><D36/><U43/><E43/><V28/><F87/><W95/><G95/><T3/><D31/><U13/><E13/><V82/><F82/><W91/><G91/><T1/><AGARI ba="0,0" hai="1,3,12,16,23" m="5519,46155,12361" machi="1" ten="40,7800,0" yaku="34,2,54,1" doraHai="115" who="0" fromWho="0" sc="139,78,318,-26,187,-26,356,-26" /><INIT seed="4,1,0,4,4,98" ten="217,292,161,330" oya="0" hai0="69,9,11,82,91,59,114,36,81,14,57,32,122" hai1="117,87,1,116,135,130,133,50,66,3,25,2,65" hai2="41,102,20,71,109,28,26,99,22,64,60,123,56" hai3="43,119,105,112,58,54,129,86,107,126,46,100,84"/><T44/><D122/><U83/><E83/><V103/><F123/><W89/><G119/><T96/><D114/><U16/><E16/><N who="2" m="12551" /><F71/><W38/><G129/><T106/><D69/><U52/><E52/><V7/><F109/><W92/><G126/><T42/><D32/><U33/><E33/><V49/><F99/><W76/><G112/><T95/><D11/><U70/><E70/><V53/><F7/><W21/><G21/><T4/><REACH who="0" step="1"/><D106/><REACH who="0" ten="207,292,161,330" step="2"/><U8/><E8/><V48/><F41/><W51/><G107/><T132/><D132/><U37/><E37/><V111/><F111/><W27/><G38/><T17/><D17/><U93/><E93/><V73/><F73/><W80/><G105/><T23/><D23/><U88/><E88/><V67/><F22/><W35/><G89/><T62/><D62/><U118/><E118/><V29/><F28/><W94/><G35/><T131/><D131/><U127/><E127/><V90/><F29/><W128/><G128/><T97/><D97/><U124/><E124/><V108/><F108/><W39/><G27/><T104/><D104/><U113/><E113/><V101/><F90/><W40/><G39/><T63/><D63/><U34/><E34/><V61/><F60/><W45/><G76/><T125/><D125/><U78/><E78/><V18/><F18/><W12/><G94/><T19/><D19/><U15/><E15/><V13/><F13/><W77/><G12/><T120/><D120/><U121/><E121/><V30/><F30/><W5/><G92/><T6/><D6/><U10/><E10/><V79/><F79/><RYUUKYOKU ba="1,1" sc="207,15,292,-15,161,15,330,-15" hai0="4,9,14,36,42,44,57,59,81,82,91,95,96" hai2="48,49,53,56,61,64,67,101,102,103" /><INIT seed="4,2,1,4,0,21" ten="222,277,176,315" oya="0" hai0="73,45,61,10,81,92,42,101,52,48,50,5,33" hai1="58,79,30,88,122,63,47,13,23,80,1,29,130" hai2="31,37,114,57,96,83,121,102,62,112,99,49,106" hai3="41,98,128,25,85,124,67,94,119,71,100,34,87"/><T7/><D33/><U120/><E120/><V76/><F37/><W28/><G119/><T56/><D73/><U117/><E117/><V84/><F121/><W66/><G124/><T134/><D134/><U115/><E115/><N who="2" m="44075" /><F96/><W125/><G125/><T89/><D101/><U91/><E91/><V90/><F49/><W16/><G128/><T6/><D81/><U53/><E53/><N who="2" m="34095" /><F31/><W46/><G71/><T3/><REACH who="0" step="1"/><D61/><REACH who="0" ten="212,277,176,315" step="2"/><U39/><E39/><V44/><F44/><W135/><G46/><T65/><D65/><U97/><E97/><AGARI ba="2,2" hai="3,5,6,7,10,42,45,48,50,52,56,89,92,97" machi="97" ten="30,5800,0" yaku="1,1,7,1,54,1,53,0" doraHai="21" doraHaiUra="110" who="0" fromWho="1" sc="212,84,277,-64,176,0,315,0" /><INIT seed="4,3,0,3,3,8" ten="296,213,176,315" oya="0" hai0="1,122,25,56,61,42,100,80,45,44,19,120,113" hai1="85,106,48,93,133,35,32,66,117,18,10,119,31" hai2="17,102,4,26,89,29,54,126,28,107,52,41,37" hai3="60,83,91,7,78,110,57,74,73,68,96,111,134"/><T12/><D113/><U84/><E84/><V70/><F70/><W82/><G68/><T72/><D1/><U123/><E123/><V71/><F71/><W131/><G7/><T77/><D100/><U36/><E36/><V22/><F126/><W79/><G131/><T81/><D25/><U30/><E30/><V39/><F4/><W3/><G3/><T86/><D45/><U62/><E62/><V15/><F28/><W51/><G51/><T40/><D40/><U43/><E43/><V98/><F89/><W55/><G134/><T23/><D81/><U88/><E88/><V99/><F99/><W21/><G21/><T63/><D72/><U20/><E20/><V97/><F97/><W127/><G127/><T116/><D116/><U94/><E94/><AGARI ba="3,0" hai="55,57,60,73,74,78,79,82,83,91,94,96,110,111" machi="94" ten="40,1300,0" yaku="9,1" doraHai="8" who="3" fromWho="1" sc="296,0,213,-22,176,0,315,22" /><INIT seed="5,0,0,4,0,36" ten="296,191,176,337" oya="1" hai0="121,96,134,43,2,78,12,115,122,68,82,54,129" hai1="92,114,102,108,15,61,77,89,30,5,104,125,1" hai2="119,101,46,13,51,63,34,10,81,127,95,64,58" hai3="65,109,55,21,23,112,123,19,80,67,47,105,7"/><U132/><E132/><V84/><F119/><W31/><G105/><T93/><D129/><U110/><E110/><V90/><F127/><W59/><G109/><T6/><D115/><U16/><E16/><V29/><F34/><W73/><G7/><T18/><D134/><U99/><E99/><V107/><F29/><W9/><G73/><T128/><D128/><U88/><E88/><V33/><F33/><W87/><G47/><T32/><D32/><U8/><E8/><V85/><F107/><W48/><G123/><N who="0" m="47115" /><D68/><U14/><E14/><V116/><F116/><W91/><G112/><T103/><D54/><U70/><E70/><V120/><F120/><W38/><G38/><T37/><D6/><U74/><E74/><V131/><F131/><W49/><G49/><T69/><D69/><U76/><E76/><V94/><F101/><W50/><G50/><T79/><D2/><U118/><E118/><V111/><F85/><W3/><G3/><T72/><D79/><U57/><E57/><V11/><F111/><W135/><G9/><N who="2" m="3081" /><F13/><N who="3" m="9711" /><G135/><T22/><D37/><U53/><E53/><AGARI ba="0,0" hai="46,51,53,58,63,64,81,84,90,94,95" m="3081" machi="53" ten="30,1000,0" yaku="8,1" doraHai="36" who="2" fromWho="1" sc="296,0,191,-10,176,10,337,0" /><INIT seed="6,0,0,3,1,28" ten="296,181,186,337" oya="2" hai0="29,35,47,129,130,94,21,107,10,83,3,133,32" hai1="79,126,72,113,0,40,33,117,110,91,12,66,89" hai2="124,30,48,132,109,104,9,45,76,86,58,49,36" hai3="26,112,50,92,41,98,82,84,127,54,69,80,93"/><V73/><F73/><W37/><G69/><T97/><D133/><U65/><E65/><V63/><F104/><W74/><G37/><T60/><D107/><U88/><E88/><V99/><F132/><W31/><G127/><T102/><D83/><U75/><E75/><V16/><F124/><W62/><G41/><T101/><D102/><U5/><E5/><V38/><F109/><W100/><G112/><T121/><D121/><U52/><E52/><N who="2" m="34247" /><F38/><W128/><G128/><N who="0" m="49259" /><D60/><U96/><E96/><V15/><F36/><W55/><G62/><T46/><D21/><U87/><E87/><V122/><F122/><W95/><G55/><T20/><D10/><U68/><E68/><V131/><F131/><W81/><G74/><T27/><D3/><U123/><E123/><V103/><F30/><W44/><REACH who="3" step="1"/><G84/><REACH who="3" ten="296,181,186,327" step="2"/><T56/><D56/><U111/><E111/><V8/><F86/><W70/><G70/><T13/><D13/><U39/><E39/><V105/><F49/><W6/><G6/><T43/><D43/><U34/><E34/><AGARI ba="0,1" hai="26,31,34,44,50,54,80,81,82,92,93,95,98,100" machi="34" ten="40,2600,0" yaku="1,1,52,1,53,0" doraHai="28" doraHaiUra="108" who="3" fromWho="1" sc="296,0,181,-26,186,0,327,36" /><AGARI ba="0,0" hai="20,27,29,32,34,35,46,47,94,97,101" m="49259" machi="34" ten="30,7700,0" yaku="19,1,52,3" doraHai="28" who="0" fromWho="1" sc="296,77,155,-77,186,0,363,0" /><INIT seed="7,0,0,3,1,65" ten="373,78,186,363" oya="3" hai0="62,117,116,52,97,125,32,70,93,82,25,5,37" hai1="119,71,50,47,35,30,54,33,56,66,79,75,92" hai2="64,40,48,126,74,13,91,77,1,103,58,78,38" hai3="99,41,36,45,4,129,120,128,63,53,98,2,16"/><W7/><G120/><T122/><D122/><U61/><E61/><V15/><F1/><W94/><G2/><T27/><D37/><U89/><E89/><V69/><F103/><W57/><G99/><T55/><D5/><U127/><E127/><V118/><F126/><W23/><G129/><T107/><D125/><U72/><E72/><V83/><F78/><W135/><G135/><T10/><D10/><U109/><E109/><V76/><F76/><W96/><G128/><T12/><D107/><U46/><E46/><V111/><F91/><N who="3" m="55647" /><G96/><T6/><D93/><U105/><E105/><V26/><F26/><AGARI ba="0,0" hai="4,7,16,23,26,36,41,45,53,57,63" m="55647" machi="26" ten="30,2900,0" yaku="25,1,54,1" doraHai="65" who="3" fromWho="2" sc="373,0,78,0,186,-29,363,29" owari="373,17.3,78,-42.2,157,-24.3,392,49.2" /></mjloggm>