<mjloggm ver="2.3"><GO type="41" lobby="0"/><UN n0="%E3%83%9E%E3%83%9E%E3%83%AC%E3%83%BC%E3%83%89%E7%94%B7" n1="%74%2D%79%6F%6B%6F" n2="%6E%61%6B%61%74%61%37%37" n3="%E2%93%9D%4C%75%63%6B%79%4A" dan="14,15,15,18" rate="1896.42,1954.99,1909.47,2223.45" sx="M,M,M,M"/><TAIKYOKU oya="0"/><INIT seed="0,0,0,1,5,125" ten="250,250,250,250" oya="0" hai0="91,12,82,85,36,26,2,100,1,71,43,106,48" hai1="93,88,95,113,109,101,27,75,34,52,25,80,107" hai2="117,103,24,96,68,3,60,124,76,45,58,18,131" hai3="110,49,19,98,47,11,102,40,17,127,14,56,66"/><T57/><D71/><U84/><E109/><V41/><F124/><W23/><G127/><T53/><D26/><U6/><E113/><V121/><F121/><W5/><G110/><T64/><D64/><U126/><E126/><V10/><F68/><W44/><G47/><T20/><D36/><U15/><E34/><V31/><F76/><W21/><G66/><T81/><D43/><U133/><E133/><V112/><F112/><W55/><G19/><T65/><D65/><U61/><E107/><V72/><F72/><W94/><REACH who="3" step="1"/><G17/><REACH who="3" ten="250,250,250,240" step="2"/><N who="0" m="10279" /><D57/><U135/><E135/><V87/><F18/><W99/><G99/><T4/><D53/><U67/><E52/><V30/><F96/><W7/><G7/><T54/><D4/><U128/><E6/><V130/><F58/><W123/><G123/><T132/><D132/><U35/><E67/><V16/><F16/><W42/><G42/><T50/><D54/><U13/><E27/><V70/><F24/><W104/><G104/><T118/><D106/><U32/><E25/><V33/><F45/><W59/><G59/><T51/><D118/><U122/><E122/><V129/><F41/><W86/><G86/><T46/><D46/><U90/><E84/><V108/><F87/><W0/><G0/><N who="0" m="107" /><D81/><U9/><E80/><V77/><F108/><W79/><G79/><T28/><D28/><U119/><E119/><V38/><F117/><W116/><G116/><T73/><D73/><U69/><E75/><V97/><F31/><W39/><AGARI ba="0,1" hai="5,11,14,21,23,39,40,44,49,55,56,94,98,102" machi="39" ten="20,2700,0" yaku="1,1,0,1,7,1,53,0" doraHai="125" doraHaiUra="114" who="3" fromWho="3" sc="250,-13,250,-7,250,-7,240,37" /><INIT seed="1,0,0,5,3,34" ten="237,243,243,277" oya="1" hai0="67,110,61,83,100,130,45,15,86,129,101,89,11" hai1="38,91,84,107,12,0,127,109,111,4,64,24,19" hai2="51,9,49,36,40,17,123,119,55,29,32,5,44" hai3="99,68,97,116,135,82,28,88,105,46,103,92,71"/><U114/><E114/><V118/><F123/><W73/><G28/><T108/><D45/><U35/><E107/><V8/><F36/><W125/><G125/><T60/><D100/><U131/><E127/><V25/><F17/><W1/><G135/><T95/><D101/><U69/><E38/><V10/><REACH who="2" step="1"/><F5/><REACH who="2" ten="237,243,233,277" step="2"/><W112/><G112/><T57/><D129/><U126/><E131/><V78/><F78/><W104/><G105/><T77/><D130/><U81/><E126/><V66/><F66/><W115/><G115/><T27/><D110/><N who="1" m="41995" /><E64/><V22/><F22/><W58/><G104/><T134/><D108/><U50/><E69/><V62/><F62/><W41/><G71/><T52/><D134/><U14/><E50/><V42/><F42/><W20/><G41/><T43/><D43/><U37/><E37/><V120/><F120/><W132/><G132/><T87/><D67/><U6/><E6/><V2/><F2/><W23/><G1/><T133/><D133/><U124/><E124/><V48/><F48/><W21/><G68/><T122/><D122/><U16/><E19/><V76/><F76/><W63/><G63/><N who="0" m="36263" /><D27/><U80/><E24/><V31/><F31/><W93/><G116/><T72/><D72/><U39/><E39/><V74/><F74/><W59/><G73/><T13/><D13/><U54/><E14/><V94/><F94/><W65/><G65/><T117/><D117/><U7/><E12/><V85/><F85/><W75/><G75/><T102/><D60/><U18/><E84/><V106/><F106/><W90/><G93/><T70/><D70/><RYUUKYOKU ba="0,1" sc="237,-10,243,-10,233,30,277,-10" hai2="8,9,10,25,29,32,40,44,49,51,55,118,119" /><INIT seed="2,1,1,3,2,5" ten="227,233,263,267" oya="2" hai0="131,43,96,132,40,45,71,95,128,89,41,13,66" hai1="16,119,65,56,112,101,82,78,59,63,48,3,1" hai2="64,124,72,134,130,109,8,30,50,34,23,62,84" hai3="33,24,69,129,85,44,18,116,106,19,21,76,126"/><V70/><F72/><W98/><G116/><T25/><D132/><U77/><E119/><V86/><F134/><W61/><G33/><T75/><D75/><U58/><E112/><V46/><F34/><W91/><G126/><T15/><D25/><U88/><E101/><V117/><F117/><W57/><G69/><T51/><D71/><U80/><E3/><V32/><F32/><W42/><G129/><N who="0" m="49739" /><D66/><U27/><E1/><V92/><F130/><W79/><G19/><T11/><D15/><U37/><E37/><V35/><F35/><W49/><G98/><T12/><D13/><U104/><E104/><V52/><F124/><W20/><G21/><T4/><AGARI ba="1,1" hai="4,11,12,40,41,43,45,51,89,95,96" m="49739" machi="4" ten="30,2000,0" yaku="19,1,52,1" doraHai="5" who="0" fromWho="0" sc="227,33,233,-6,263,-11,267,-6" /><INIT seed="3,0,0,4,3,84" ten="260,227,252,261" oya="3" hai0="91,99,88,36,69,1,134,35,26,40,133,89,3" hai1="56,103,120,57,121,124,15,98,113,70,34,62,2" hai2="0,54,74,131,110,30,6,48,7,20,19,44,130" hai3="41,25,65,59,67,14,49,72,78,51,38,128,27"/><W101/><G72/><T75/><D69/><U125/><E2/><N who="0" m="521" /><D75/><U135/><E34/><V122/><F110/><W123/><G123/><T108/><D108/><U45/><E15/><V114/><F114/><W87/><G128/><N who="2" m="49193" /><F122/><N who="1" m="47209" /><E113/><V63/><F74/><W4/><G101/><T102/><D40/><U96/><E96/><V115/><F115/><W9/><G38/><T31/><D36/><U55/><E135/><N who="0" m="51721" /><D91/><U23/><E23/><V33/><F0/><W112/><G112/><T66/><D66/><N who="1" m="41303" /><E45/><V76/><F76/><W28/><G78/><T12/><D12/><U97/><E97/><V126/><F30/><W46/><G28/><T129/><D129/><U50/><E57/><N who="2" m="35255" /><F33/><W109/><G109/><T90/><D90/><U94/><E98/><V107/><F107/><AGARI ba="0,0" hai="26,31,35,88,89,99,102,107" m="51721,521" machi="107" ten="30,7700,0" yaku="20,1,52,2,54,1" doraHai="84" who="0" fromWho="2" sc="260,77,227,0,252,-77,261,0" /><INIT seed="4,0,0,5,0,74" ten="337,227,175,261" oya="0" hai0="48,103,31,85,133,7,42,102,114,18,28,132,6" hai1="108,135,8,81,27,112,32,20,75,58,13,82,1" hai2="128,16,2,61,0,14,34,117,55,57,26,12,44" hai3="38,60,116,10,23,91,96,121,84,65,15,25,99"/><T104/><D48/><U89/><E108/><V98/><F128/><W11/><G116/><T53/><D53/><U50/><E135/><V9/><F117/><W63/><G38/><T69/><D85/><U77/><E32/><V79/><F2/><W5/><G11/><T62/><D62/><U70/><E1/><V64/><F0/><W36/><G121/><T4/><D42/><U129/><E70/><V67/><F34/><W107/><G107/><T83/><D83/><U80/><E129/><V30/><F30/><N who="0" m="11306" /><D69/><U17/><E112/><V93/><F26/><W97/><G36/><T100/><D18/><U126/><E126/><V123/><F123/><W29/><REACH who="3" step="1"/><G65/><REACH who="3" ten="337,227,175,251" step="2"/><T86/><D104/><U54/><REACH who="1" step="1"/><E89/><REACH who="1" ten="337,217,175,251" step="2"/><V118/><F118/><W131/><G131/><T124/><D133/><U22/><E22/><V119/><F119/><W52/><G52/><T130/><D132/><U21/><E21/><V94/><F55/><W49/><G49/><T33/><D130/><U51/><E51/><V76/><F67/><W47/><G47/><T66/><D66/><U106/><E106/><V120/><F120/><W45/><G45/><T73/><D33/><U72/><E72/><V113/><F44/><W90/><G90/><T134/><D73/><U101/><E101/><V35/><F35/><W24/><G24/><T59/><D134/><U78/><E78/><V105/><F105/><W71/><G71/><T37/><D100/><U125/><E125/><V92/><F79/><W110/><G110/><T122/><D124/><U41/><E41/><V46/><F76/><W19/><G19/><AGARI ba="0,2" hai="8,13,17,19,20,27,50,54,58,75,77,80,81,82" machi="19" ten="30,7700,0" yaku="1,1,6,1,7,1,52,1,53,0" doraHai="74" doraHaiUra="115" who="1" fromWho="3" sc="337,0,217,97,175,0,251,-77" /><INIT seed="5,0,0,5,0,22" ten="337,314,175,174" oya="1" hai0="113,19,121,6,56,132,124,94,83,118,116,25,123" hai1="62,125,71,0,109,77,35,88,134,69,135,28,103" hai2="96,120,60,106,131,117,2,75,54,38,86,99,21" hai3="24,128,55,27,23,36,57,100,63,130,95,43,5"/><U84/><E0/><V115/><F117/><W51/><G36/><T46/><D46/><U34/><E125/><V101/><F120/><N who="0" m="46154" /><D56/><U112/><E112/><V97/><F2/><W13/><G100/><T37/><D37/><U39/><E39/><V40/><F115/><W78/><G78/><T49/><D49/><U8/><E8/><V42/><F131/><N who="3" m="50219" /><G95/><T91/><D83/><N who="1" m="49183" /><E77/><V74/><F38/><W89/><G89/><T15/><D113/><U105/><E109/><V58/><F75/><W126/><G126/><T59/><D124/><U32/><E28/><V10/><F74/><W122/><G122/><T85/><D6/><U4/><E4/><V3/><F106/><W80/><G80/><T26/><D59/><U64/><E71/><V14/><F101/><W114/><G114/><T45/><D45/><U7/><E7/><V93/><F3/><W50/><G43/><N who="2" m="16425" /><F21/><W18/><G5/><T79/><D79/><U17/><E103/><N who="2" m="60815" /><F86/><W47/><G47/><T76/><D76/><U70/><E70/><V53/><F53/><W66/><G55/><T67/><D116/><U30/><E69/><V16/><AGARI ba="0,0" hai="10,14,16,54,58,60,97,99" m="60815,16425" machi="16" ten="30,2000,0" yaku="8,1,54,1" doraHai="22" who="2" fromWho="2" sc="337,-5,314,-10,175,20,174,-5" /><INIT seed="6,0,0,3,0,19" ten="332,304,195,169" oya="2" hai0="133,16,7,123,53,120,114,25,26,109,104,21,59" hai1="39,130,124,84,67,55,96,33,90,29,5,74,119" hai2="38,42,46,28,31,112,72,50,15,64,18,69,117" hai3="105,13,2,129,6,121,83,95,3,75,115,89,77"/><V24/><F117/><W30/><G121/><T17/><D104/><U111/><E74/><V61/><F112/><W134/><G105/><T106/><D106/><U86/><E39/><V51/><F72/><W56/><G134/><T43/><D109/><U68/><E55/><V110/><F110/><W47/><G30/><T100/><D100/><U37/><E37/><V73/><F73/><W113/><G56/><T135/><D43/><U10/><E67/><V49/><REACH who="2" step="1"/><F24/><REACH who="2" ten="332,304,185,169" step="2"/><W62/><G115/><T0/><D114/><U101/><E119/><V102/><F102/><W94/><G75/><T85/><D120/><U92/><E101/><V132/><F132/><W78/><G113/><T127/><D123/><U8/><E111/><V9/><AGARI ba="0,1" hai="9,15,18,28,31,38,42,46,49,50,51,61,64,69" machi="9" ten="30,6000,0" yaku="1,1,0,1,53,1" doraHai="19" doraHaiUra="66" who="2" fromWho="2" sc="332,-20,304,-20,185,70,169,-20" /><INIT seed="6,1,0,1,3,51" ten="312,284,255,149" oya="2" hai0="57,104,110,2,88,38,103,74,83,26,115,101,100" hai1="71,102,131,68,47,118,17,6,54,108,94,28,89" hai2="45,21,1,25,52,119,11,78,105,44,87,77,69" hai3="36,106,70,14,116,66,7,114,42,76,134,63,62"/><V111/><F119/><W58/><G106/><T8/><D38/><U107/><E118/><V135/><F69/><W96/><G76/><T18/><D110/><U67/><E108/><V64/><F111/><W50/><G96/><T53/><D115/><U56/><E6/><V109/><F109/><W132/><G14/><T30/><D104/><U33/><E47/><V61/><F105/><W39/><G7/><T90/><D74/><U32/><E67/><V40/><F64/><N who="3" m="41247" /><G116/><T82/><D82/><U16/><E131/><V15/><F1/><W34/><G34/><T75/><D75/><U126/><E126/><V0/><F0/><W84/><G84/><T113/><D113/><U35/><E28/><V98/><F98/><W19/><G19/><T3/><D3/><U31/><E31/><V95/><F25/><W49/><G114/><T65/><D65/><U99/><E71/><V129/><F21/><W5/><G5/><T85/><D2/><U12/><E12/><V120/><F95/><W73/><G73/><T46/><D46/><U86/><REACH who="1" step="1"/><E68/><REACH who="1" ten="312,274,255,149" step="2"/><V97/><F15/><W24/><G24/><T23/><D30/><U127/><E127/><V125/><F125/><W128/><G128/><T20/><D8/><U93/><E93/><V22/><F11/><W29/><G29/><T55/><D23/><U92/><E92/><V60/><F22/><W91/><G66/><T80/><D57/><U81/><E81/><V79/><F129/><W124/><G124/><T123/><D123/><U4/><E4/><V130/><F120/><W13/><G58/><T9/><D9/><RYUUKYOKU ba="1,1" sc="312,15,274,15,255,-15,149,-15" hai0="18,20,26,53,55,80,83,85,88,90,100,101,103" hai1="16,17,32,33,35,54,56,86,89,94,99,102,107" /><INIT seed="7,2,1,2,2,102" ten="327,289,240,134" oya="3" hai0="80,13,54,78,71,15,131,103,33,46,34,87,124" hai1="31,48,29,59,92,25,68,83,10,63,130,6,123" hai2="73,5,7,132,69,111,109,117,114,39,121,24,26" hai3="9,45,47,44,104,61,28,49,65,52,91,20,115"/><W3/><G104/><T93/><D71/><U120/><E68/><V60/><F117/><W58/><G115/><T116/><D116/><U129/><E48/><V22/><F73/><W77/><G77/><T70/><D70/><U86/><E92/><V99/><F39/><W94/><G3/><T118/><D118/><U98/><E98/><V37/><F37/><W32/><G32/><T19/><D33/><U106/><E106/><V72/><F72/><W127/><G127/><T21/><D34/><N who="1" m="20783" /><E31/><V18/><F121/><W110/><G110/><T38/><D124/><U88/><E59/><V126/><F18/><W90/><G9/><T113/><D113/><U85/><E85/><V23/><F114/><W8/><G8/><T56/><D38/><U41/><E63/><V2/><F126/><W11/><G11/><T64/><D46/><N who="3" m="17417" /><G94/><T53/><D131/><N who="1" m="50187" /><E41/><V36/><F2/><AGARI ba="2,1" hai="2,6,10,83,86,88,120,123" m="50187,20783" machi="2" ten="30,2000,0" yaku="19,1,54,1" doraHai="102" who="1" fromWho="2" sc="327,0,289,36,240,-26,134,0" owari="327,42.7,325,12.5,214,-18.6,134,-36.6" /></mjloggm>