<mjloggm ver="2.3"><GO type="41" lobby="0"/><UN n0="%E5%A5%8F%E9%9F%B3" n1="%E2%93%9D%4C%75%63%6B%79%4A" n2="%E3%82%A2%E3%83%89%E3%83%90%E3%83%BC%E3%82%B0" n3="%23%E6%97%A5%E6%9B%9C%E6%97%A5%E3%81%AE%E7%8C%AB" dan="14,18,15,15" rate="1951.27,2204.98,1983.36,2054.39" sx="M,M,M,M"/><TAIKYOKU oya="0"/><INIT seed="0,0,0,5,4,58" ten="250,250,250,250" oya="0" hai0="45,93,43,134,22,125,21,117,18,40,10,83,55" hai1="51,110,60,16,34,76,118,119,74,47,109,27,126" hai2="23,68,105,124,103,122,135,11,41,114,91,1,88" hai3="111,73,17,77,38,87,42,108,0,9,31,71,26"/><T5/><D117/><U97/><E74/><V12/><F114/><W101/><G101/><T50/><D125/><U3/><E76/><V63/><F122/><W28/><G87/><T104/><D104/><U39/><E3/><V130/><F124/><W20/><G71/><T127/><D127/><U75/><E75/><V129/><F41/><W116/><G116/><T107/><D107/><U82/><E82/><V2/><F23/><W72/><G72/><T90/><D83/><U69/><E97/><N who="2" m="61679" /><F12/><W57/><G57/><T94/><D134/><U92/><E92/><V25/><F25/><W37/><G77/><T70/><D70/><U56/><E69/><V15/><F15/><W35/><G73/><T29/><D29/><U86/><E86/><V33/><F33/><W36/><G42/><N who="0" m="15915" /><D5/><U98/><E34/><V14/><F14/><N who="3" m="9271" /><G31/><T80/><D10/><U65/><E126/><V106/><F106/><W44/><G44/><T24/><D22/><N who="1" m="13767" /><E119/><V59/><F68/><W49/><G49/><T13/><D24/><U96/><E118/><V61/><F59/><W6/><AGARI ba="0,0" hai="0,6,9,26,28,35,36,37,38,108,111" m="9271" machi="6" ten="40,1500,0" yaku="24,1" doraHai="58" who="3" fromWho="3" sc="250,-7,250,-4,250,-4,250,15" /><INIT seed="1,0,0,0,5,117" ten="243,246,246,265" oya="1" hai0="123,118,66,70,109,84,128,3,5,35,112,49,13" hai1="47,58,38,107,69,102,54,86,79,26,101,80,124" hai2="39,96,100,7,121,57,32,83,114,65,40,43,104" hai3="81,113,10,18,85,110,67,111,50,33,6,72,20"/><U52/><E69/><V75/><F32/><W45/><G33/><T48/><D118/><U55/><E124/><V108/><F108/><N who="3" m="41515" /><G72/><T17/><D109/><U29/><E107/><V8/><F114/><W11/><G67/><T23/><D112/><U89/><E38/><V56/><F43/><N who="3" m="24895" /><G6/><T131/><D35/><U106/><E106/><V122/><F56/><W63/><G63/><T132/><D66/><U61/><E79/><N who="2" m="44543" /><F57/><W53/><G53/><T91/><D70/><U103/><REACH who="1" step="1"/><E47/><REACH who="1" ten="243,236,246,265" step="2"/><N who="2" m="23967" /><F65/><W30/><G113/><T9/><D131/><U116/><E116/><V42/><F42/><W93/><G93/><T135/><D128/><U68/><E68/><V46/><F46/><W62/><G81/><T77/><D135/><U76/><E76/><V16/><F16/><W87/><G18/><T41/><D77/><U4/><E4/><V25/><F25/><W97/><G30/><T95/><D132/><U2/><E2/><AGARI ba="0,1" hai="2,7,8,96,100,104,121,122" m="23967,44543" machi="2" ten="30,7700,0" yaku="25,1,23,1,52,2" doraHai="117" who="2" fromWho="1" sc="243,0,236,-77,246,87,265,0" /><INIT seed="2,0,0,5,4,116" ten="243,159,333,265" oya="2" hai0="41,72,23,108,40,105,103,131,81,91,21,28,111" hai1="125,59,27,44,128,89,120,47,8,73,134,124,135" hai2="14,29,127,3,2,17,104,132,92,32,46,53,52" hai3="90,20,129,133,86,69,0,24,87,78,38,115,31"/><V74/><F104/><W19/><G38/><T62/><D131/><U36/><E73/><V55/><F74/><W82/><G69/><T48/><D105/><U102/><E102/><V123/><F132/><N who="1" m="50729" /><E8/><V122/><F127/><N who="1" m="48713" /><E27/><V101/><F46/><N who="1" m="17449" /><E89/><V54/><N who="2" m="13312" /><DORA hai="60" /><V117/><F117/><W79/><G90/><T37/><D103/><U45/><E59/><V109/><F109/><W113/><G87/><T7/><D91/><U121/><E128/><V110/><F110/><W22/><G86/><T35/><D72/><U97/><E97/><V95/><F29/><W84/><G84/><T50/><D28/><U49/><E49/><V65/><F32/><W100/><G100/><T61/><D48/><U43/><AGARI ba="0,0" hai="36,43,45,120,121" m="17449,48713,50729" machi="43" ten="40,12000,2" yaku="20,1,18,1,34,2,52,2" doraHai="116,60" who="1" fromWho="1" sc="243,-30,159,120,333,-60,265,-30" /><INIT seed="3,0,0,3,4,53" ten="213,279,273,235" oya="3" hai0="91,20,38,84,134,29,116,121,18,92,24,87,126" hai1="14,37,21,41,45,106,63,9,90,56,128,130,12" hai2="23,67,112,50,114,70,101,71,118,124,0,108,44" hai3="82,40,30,66,135,69,88,4,68,127,10,39,11"/><W58/><G135/><T2/><D134/><U3/><E106/><V25/><F118/><W103/><G127/><T78/><D126/><U43/><E43/><V74/><F0/><W65/><G103/><T8/><D116/><U94/><E21/><V31/><F74/><W32/><G32/><T113/><D38/><U35/><E35/><V26/><F124/><W105/><G105/><T93/><D121/><U76/><E76/><V17/><F108/><W133/><G133/><T54/><D113/><U100/><E100/><V62/><F101/><W89/><G30/><T47/><D2/><U120/><E120/><V75/><F71/><W72/><G11/><T119/><D119/><U52/><E3/><V61/><F62/><W15/><G69/><T42/><D42/><U97/><REACH who="1" step="1"/><E9/><REACH who="1" ten="213,269,273,235" step="2"/><V102/><F102/><W117/><G117/><T96/><D78/><U109/><E109/><V49/><F114/><W28/><G40/><T1/><D1/><U86/><E86/><V132/><F75/><W99/><G72/><T59/><D84/><U5/><E5/><V57/><F112/><W6/><G4/><T27/><D87/><U64/><E64/><V48/><F132/><W81/><G66/><T51/><D8/><U77/><E77/><V79/><F79/><W129/><G10/><T22/><D93/><U16/><E16/><V80/><F17/><W36/><G65/><T111/><D111/><U13/><AGARI ba="0,1" hai="12,13,14,37,41,45,52,56,63,90,94,97,128,130" machi="13" ten="30,12000,2" yaku="1,1,0,1,52,1,54,1,53,2" doraHai="53" doraHaiUra="125" who="1" fromWho="1" sc="213,-30,269,130,273,-30,235,-60" /><INIT seed="4,0,0,1,2,53" ten="183,399,243,175" oya="0" hai0="130,46,106,30,17,103,4,99,9,66,56,69,11" hai1="39,74,63,55,89,5,40,108,113,24,88,125,26" hai2="50,35,133,95,44,79,100,14,107,52,98,92,112" hai3="129,1,13,71,126,80,12,54,94,115,109,110,77"/><T75/><D75/><U81/><E108/><V51/><F35/><W32/><G1/><T31/><D69/><U62/><E39/><V49/><F133/><W19/><G32/><T127/><D127/><U15/><E40/><V47/><F112/><W131/><G71/><T86/><D130/><N who="3" m="49673" /><G115/><T3/><D46/><U43/><E43/><V122/><F122/><W68/><G68/><T123/><D123/><U61/><E125/><V16/><F79/><W114/><G126/><T85/><D11/><N who="1" m="4591" /><E74/><V116/><F116/><W96/><G54/><T135/><D135/><U91/><E113/><V118/><F118/><W22/><G12/><T45/><D45/><U64/><E81/><V8/><REACH who="2" step="1"/><F51/><REACH who="2" ten="183,399,233,175" step="2"/><W105/><G114/><T78/><D78/><U132/><E132/><V83/><F83/><W84/><G105/><T121/><D121/><U57/><E64/><V87/><F87/><W90/><AGARI ba="0,1" hai="13,19,22,77,80,84,90,94,96,109,110" m="49673" machi="90" ten="30,1100,0" yaku="19,1" doraHai="53" who="3" fromWho="3" sc="183,-5,399,-3,233,-3,175,21" /><INIT seed="5,0,0,3,2,0" ten="178,396,230,196" oya="1" hai0="59,110,10,39,20,129,11,19,53,22,99,86,44" hai1="7,77,122,31,40,18,70,133,74,61,120,117,82" hai2="21,2,58,46,79,29,106,95,5,68,12,94,105" hai3="26,135,108,119,69,72,23,102,6,78,73,51,43"/><U91/><E117/><V25/><F68/><W97/><G108/><T76/><D110/><U8/><E18/><V16/><F79/><W9/><G69/><T83/><D129/><U17/><E17/><V34/><F58/><W38/><G135/><T55/><D22/><U71/><E133/><V3/><F46/><W101/><G119/><T67/><D99/><U115/><E115/><V113/><F2/><W24/><G38/><T1/><D67/><U4/><E31/><V66/><F66/><W96/><G78/><T33/><D33/><U93/><E40/><V104/><F113/><W42/><G51/><T75/><D75/><U57/><E71/><V89/><F89/><W15/><G72/><T49/><D1/><U131/><E70/><V81/><F81/><W54/><G73/><T62/><REACH who="0" step="1"/><D39/><REACH who="0" ten="168,396,230,196" step="2"/><U27/><E131/><V134/><F134/><W111/><G111/><T52/><D52/><U37/><E37/><V60/><F60/><W114/><G114/><T132/><D132/><U84/><E27/><AGARI ba="0,1" hai="10,11,19,20,27,44,49,53,55,59,62,76,83,86" machi="27" ten="30,7700,0" yaku="1,1,7,1,8,1,53,1" doraHai="0" doraHaiUra="45" who="0" fromWho="1" sc="168,87,396,-77,230,0,196,0" /><INIT seed="6,0,0,0,4,81" ten="255,319,230,196" oya="2" hai0="101,2,31,110,65,85,29,28,84,99,80,69,116" hai1="25,130,55,48,108,18,56,51,93,12,59,72,15" hai2="13,11,19,67,3,95,68,92,16,64,71,21,96" hai3="133,54,43,78,131,42,32,74,109,37,40,66,76"/><V94/><F96/><W57/><G32/><T44/><D110/><U129/><E72/><V125/><F125/><W102/><G109/><T104/><D2/><U33/><E108/><V60/><F3/><W83/><G131/><N who="1" m="50186" /><E93/><V88/><F64/><W24/><G133/><T30/><N who="0" m="7168" /><DORA hai="26" /><T128/><D128/><U17/><E25/><V114/><F114/><W4/><G24/><T97/><D99/><U62/><E33/><V27/><REACH who="2" step="1"/><F71/><REACH who="2" ten="255,319,220,196" step="2"/><W0/><G66/><T119/><D65/><U41/><E15/><V10/><F10/><W35/><G102/><T87/><D69/><U86/><E12/><V39/><F39/><W47/><G35/><T20/><D20/><U52/><E62/><V117/><F117/><N who="0" m="45130" /><D44/><U127/><E59/><V79/><F79/><AGARI ba="0,1" hai="79,80,84,85,87,97,101,104" m="45130,7168" machi="79" ten="40,16000,3" yaku="12,1,52,7" doraHai="81,26" who="0" fromWho="2" sc="255,170,319,0,220,-160,196,0" /><INIT seed="7,0,0,4,3,13" ten="425,319,60,196" oya="3" hai0="83,50,79,65,26,5,48,133,102,0,19,75,119" hai1="21,104,40,20,118,128,110,38,81,27,36,16,4" hai2="43,94,18,33,17,24,103,30,109,129,6,51,74" hai3="117,25,116,7,28,89,8,62,52,124,98,22,95"/><W34/><G124/><T29/><D119/><U92/><E104/><V131/><F74/><W10/><G34/><T46/><D133/><U78/><E110/><V53/><F43/><W135/><G135/><T86/><D19/><N who="2" m="7178" /><F103/><W112/><G112/><T120/><D120/><U96/><E4/><V88/><F109/><W58/><REACH who="3" step="1"/><G10/><REACH who="3" ten="425,319,60,186" step="2"/><T63/><D75/><U132/><E132/><V93/><F88/><W101/><G101/><T23/><D102/><U113/><E113/><V127/><F6/><W122/><G122/><T2/><D5/><U70/><E118/><V35/><F35/><W77/><G77/><T32/><D32/><U66/><E78/><V91/><F91/><W14/><AGARI ba="0,1" hai="7,8,14,22,25,28,52,58,62,89,95,98,116,117" machi="14" ten="20,7800,0" yaku="1,1,0,1,7,1,54,1,53,0" doraHai="13" doraHaiUra="44" who="3" fromWho="3" sc="425,-26,319,-26,60,-26,186,88" /><INIT seed="7,1,0,0,0,45" ten="399,293,34,274" oya="3" hai0="22,121,65,81,130,119,50,132,135,125,26,123,1" hai1="66,23,57,61,60,5,33,118,88,99,30,12,117" hai2="95,78,104,80,17,94,122,48,15,37,77,67,74" hai3="131,91,115,62,56,83,72,90,107,79,21,41,28"/><W106/><G115/><T51/><D1/><U100/><E33/><V35/><F35/><W16/><G28/><T46/><D46/><U32/><E32/><V133/><F67/><W43/><G131/><T49/><D130/><U8/><E61/><V93/><F37/><W13/><G91/><T127/><D65/><U84/><E30/><V47/><F133/><N who="0" m="51274" /><D81/><U34/><E34/><V3/><F3/><W2/><G2/><T27/><D119/><U70/><E23/><V25/><F25/><N who="0" m="9226" /><D22/><U111/><E111/><V18/><F122/><AGARI ba="1,0" hai="49,50,51,121,122,123,125,127" m="9226,51274" machi="122" ten="40,12000,2" yaku="28,2,20,1,52,3" doraHai="45" who="0" fromWho="2" sc="399,123,293,0,34,-123,274,0" owari="522,62.2,293,9.3,-89,-58.9,274,-12.6" /></mjloggm>