<mjloggm ver="2.3"><GO type="41" lobby="0"/><UN n0="%49%6E%64%72%32" n1="%E3%82%AA%E3%82%A4%E3%82%BF%E3%83%AC%E3%83%83%E3%82%B0" n2="%E2%93%9D%4C%75%63%6B%79%4A" n3="%E3%81%8A%E3%83%BC%E3%81%9F%E3%82%93" dan="15,14,18,14" rate="2006.26,1835.94,2143.82,1933.07" sx="M,M,M,M"/><TAIKYOKU oya="0"/><INIT seed="0,0,0,2,3,18" ten="250,250,250,250" oya="0" hai0="129,56,67,33,124,126,83,107,120,112,5,14,42" hai1="41,8,11,10,97,134,122,100,75,27,135,59,77" hai2="85,125,36,12,45,29,15,34,76,131,55,98,48" hai3="3,115,43,99,70,78,72,93,117,57,90,88,17"/><T60/><D112/><U20/><E122/><V38/><F125/><W19/><G70/><T86/><D120/><U106/><E77/><V114/><F114/><W71/><G71/><T35/><D107/><U62/><E75/><V103/><F34/><W22/><G3/><T0/><D0/><U46/><E46/><V31/><F131/><W13/><G117/><T47/><D129/><U96/><E97/><V54/><F38/><W128/><G128/><T110/><D110/><U39/><E41/><V4/><F36/><W116/><G43/><T121/><D121/><U102/><E102/><V25/><F55/><W58/><G116/><T2/><D2/><U101/><E101/><V44/><F45/><W51/><G115/><T92/><D92/><U7/><E7/><V127/><F31/><W132/><G132/><N who="1" m="50730" /><E39/><V16/><F4/><W6/><G6/><T80/><D47/><U81/><E81/><N who="2" m="47271" /><F29/><W26/><G51/><T113/><D42/><U82/><E82/><V68/><F68/><W104/><G104/><T73/><D83/><U89/><E89/><V84/><F84/><W23/><G78/><N who="0" m="46359" /><D73/><U9/><N who="1" m="2048" /><DORA hai="130" /><U24/><E20/><N who="2" m="13447" /><F127/><N who="0" m="48682" /><D113/><U123/><E123/><V64/><F103/><N who="3" m="60911" /><G72/><T65/><D35/><U69/><E69/><V79/><F79/><W21/><G21/><T61/><D33/><U1/><E1/><V52/><F44/><W28/><G28/><T37/><D37/><U74/><E74/><V87/><F48/><W94/><G90/><T40/><D40/><U95/><E106/><V111/><F111/><W53/><G53/><AGARI ba="0,0" hai="24,27,53,59,62,95,96,100" m="2048,50730" machi="53" ten="40,8000,1" yaku="20,1,52,3" doraHai="18,130" who="1" fromWho="3" sc="250,0,250,80,250,0,250,-80" /><INIT seed="1,0,0,3,0,3" ten="250,330,250,170" oya="1" hai0="9,120,73,82,37,44,127,39,55,38,11,59,33" hai1="48,53,31,109,17,13,92,115,71,4,14,60,118" hai2="22,132,56,85,117,54,28,102,101,36,94,130,57" hai3="43,135,96,64,41,46,29,51,47,83,134,122,72"/><U78/><E118/><V124/><F117/><W52/><G122/><T7/><D33/><U45/><E31/><V19/><F36/><N who="3" m="21799" /><G29/><T69/><D69/><U121/><E121/><V116/><F124/><W103/><G83/><T66/><D127/><U20/><E115/><V16/><F132/><N who="3" m="50731" /><G72/><T84/><D120/><U77/><E92/><V126/><F130/><W100/><G96/><T88/><D73/><U91/><E91/><V35/><F35/><W15/><G15/><T119/><D119/><U68/><E60/><V26/><F126/><W108/><G108/><T110/><D110/><U133/><E109/><V112/><F112/><W42/><G103/><T58/><D11/><U128/><E133/><V111/><F111/><W40/><G100/><T34/><D34/><U106/><E128/><V87/><F102/><W70/><G64/><T74/><D74/><U113/><E113/><V8/><F8/><W25/><G25/><T2/><D66/><U18/><E106/><V131/><F131/><W6/><G6/><T93/><D82/><U30/><E4/><V0/><F0/><W23/><G23/><T75/><D75/><U81/><E30/><V61/><F116/><W79/><G79/><T95/><D95/><U125/><E125/><V24/><F26/><W12/><G12/><T49/><AGARI ba="0,0" hai="2,7,9,37,38,39,44,49,55,58,59,84,88,93" machi="49" ten="40,5200,0" yaku="0,1,52,1,54,1" doraHai="3" who="0" fromWho="0" sc="250,52,330,-26,250,-13,170,-13" /><INIT seed="2,0,0,4,4,89" ten="302,304,237,157" oya="2" hai0="38,110,31,23,116,12,42,112,111,86,4,100,50" hai1="66,97,94,47,40,132,20,6,68,46,27,15,26" hai2="0,117,120,103,9,53,83,135,133,70,124,11,69" hai3="114,88,96,17,22,93,2,74,19,130,58,35,87"/><V95/><F120/><W109/><G109/><T7/><D112/><U36/><E68/><N who="2" m="26219" /><F117/><W29/><G130/><T121/><D38/><U8/><E66/><V75/><F0/><W134/><G134/><N who="2" m="51209" /><F53/><W37/><G37/><T28/><D121/><U91/><E132/><V60/><F60/><W63/><G114/><T76/><D116/><U52/><E20/><V25/><F25/><N who="3" m="16567" /><G74/><T54/><D54/><U65/><REACH who="1" step="1"/><E65/><REACH who="1" ten="302,294,237,157" step="2"/><V104/><F124/><W131/><G35/><T67/><D23/><U5/><E5/><V90/><F104/><W79/><G131/><T61/><D7/><U33/><E33/><V122/><F122/><W125/><G125/><T51/><D4/><U56/><E56/><V81/><F75/><W98/><G2/><T45/><D67/><U82/><E82/><N who="2" m="31243" /><F103/><W126/><G126/><T10/><D100/><U118/><E118/><V72/><F72/><W24/><G79/><T127/><D76/><U18/><E18/><N who="3" m="6666" /><G24/><T32/><D127/><U85/><E85/><AGARI ba="0,1" hai="9,11,85,90,95" m="31243,51209,26219" machi="85" ten="30,2900,0" yaku="20,1,52,1" doraHai="89" who="2" fromWho="1" sc="302,0,294,-29,237,39,157,0" /><INIT seed="2,1,0,2,2,77" ten="302,265,276,157" oya="2" hai0="87,61,10,95,35,115,33,71,69,6,24,21,43" hai1="123,103,85,111,44,2,56,116,135,98,119,105,132" hai2="124,65,28,41,60,26,14,134,48,4,96,84,120" hai3="90,67,117,40,94,126,72,73,104,88,58,86,122"/><V97/><F120/><W82/><G40/><T54/><D115/><U110/><E2/><V22/><F124/><W46/><G46/><T108/><D108/><N who="1" m="41515" /><E44/><V78/><F134/><N who="1" m="51241" /><E56/><V68/><F41/><W16/><G117/><N who="1" m="45130" /><E85/><V47/><F4/><W99/><G126/><T20/><D43/><U3/><E3/><V131/><F131/><W64/><G122/><AGARI ba="1,0" hai="98,103,105,122,123" m="45130,51241,41515" machi="122" ten="40,8000,1" yaku="14,1,20,1,23,1,34,2" doraHai="77" who="1" fromWho="3" sc="302,0,265,83,276,0,157,-83" /><INIT seed="3,0,0,4,5,57" ten="302,348,276,74" oya="3" hai0="86,20,88,94,132,125,40,33,84,51,134,15,112" hai1="82,83,81,11,98,17,43,89,8,131,42,69,133" hai2="130,2,102,67,87,55,5,3,99,61,117,105,46" hai3="116,123,121,113,128,135,68,104,100,118,97,72,60"/><W44/><G44/><T0/><D33/><U27/><E69/><V28/><F117/><N who="3" m="45163" /><G72/><T107/><D0/><U85/><E133/><V21/><F130/><W39/><G113/><T126/><D51/><U124/><E131/><V90/><F5/><W74/><G128/><T58/><D40/><N who="1" m="15403" /><E124/><N who="0" m="47721" /><D58/><U23/><E98/><V50/><F28/><W24/><G135/><N who="0" m="51755" /><D20/><U127/><E127/><V53/><F21/><W4/><G4/><T109/><D15/><U108/><E108/><V38/><F38/><W19/><G74/><T122/><D122/><N who="3" m="46601" /><G19/><T110/><D107/><U47/><E47/><V75/><F75/><W71/><G24/><T93/><D112/><U29/><E29/><V16/><F16/><W41/><G60/><T101/><D101/><U6/><E6/><V106/><F102/><W103/><G103/><T1/><D1/><U64/><E64/><V7/><F3/><W36/><G41/><T66/><D66/><U34/><E34/><V115/><F2/><W56/><G56/><T54/><D54/><U111/><E111/><N who="0" m="42505" /><D88/><U30/><E30/><V96/><F7/><W114/><G114/><T80/><D80/><AGARI ba="0,0" hai="8,11,17,23,27,80,81,82,83,85,89" m="15403" machi="80" ten="30,1000,0" yaku="8,1" doraHai="57" who="1" fromWho="0" sc="302,-10,348,10,276,0,74,0" /><INIT seed="4,0,0,3,4,38" ten="292,358,276,74" oya="0" hai0="117,20,22,82,39,32,78,41,108,134,130,81,88" hai1="16,45,31,128,59,26,115,14,69,106,87,100,116" hai2="72,15,102,80,98,120,4,112,86,126,107,9,131" hai3="104,90,105,135,13,67,65,12,57,68,21,125,74"/><T110/><D117/><U60/><E69/><V28/><F120/><W71/><G125/><T3/><D32/><U48/><E116/><V7/><F126/><W85/><G74/><T99/><D3/><U129/><E115/><V121/><F121/><W66/><G135/><T109/><D134/><U61/><E106/><V123/><F123/><W0/><G0/><T56/><D56/><U53/><E100/><V124/><F124/><W94/><G57/><T23/><D130/><N who="1" m="50283" /><E87/><V42/><F28/><W46/><G46/><N who="0" m="23871" /><D78/><U2/><E2/><V25/><F112/><W93/><G21/><T95/><AGARI ba="0,0" hai="20,22,23,81,82,88,95,99,108,109,110" m="23871" machi="95" ten="40,7800,0" yaku="10,1,52,1,54,1" doraHai="38" who="0" fromWho="0" sc="292,78,358,-26,276,-26,74,-26" /><INIT seed="4,1,0,4,4,13" ten="370,332,250,48" oya="0" hai0="74,54,112,29,27,42,115,107,60,34,134,130,57" hai1="1,97,104,53,30,135,69,124,83,25,71,127,128" hai2="58,59,62,24,88,82,10,47,41,17,70,56,12" hai3="44,85,87,63,9,52,76,108,133,131,68,80,123"/><T45/><D74/><U103/><E53/><V118/><F118/><W111/><G131/><T22/><D107/><U36/><E128/><V100/><F70/><W95/><G133/><T3/><D130/><U65/><E135/><V81/><F100/><W72/><G123/><T50/><D134/><U98/><E83/><V89/><F24/><W2/><G68/><T43/><D3/><U16/><E36/><V40/><F62/><W129/><G129/><T109/><D109/><U37/><E37/><V79/><F41/><W7/><G95/><T117/><D117/><U46/><E46/><V93/><F79/><W32/><G32/><T19/><REACH who="0" step="1"/><D42/><REACH who="0" ten="360,332,250,48" step="2"/><U102/><E1/><V105/><F105/><W61/><G108/><T73/><D73/><U126/><E65/><V121/><F121/><W90/><G111/><T125/><D125/><U26/><E30/><V78/><F78/><W75/><G75/><T106/><D106/><U96/><E104/><V119/><F119/><W122/><G122/><T51/><D51/><U28/><E28/><V55/><F40/><W91/><G72/><T84/><D84/><U64/><E64/><V101/><F55/><W116/><G116/><T18/><D18/><U113/><E16/><V77/><F17/><W49/><REACH who="3" step="1"/><G76/><REACH who="3" ten="360,332,250,38" step="2"/><T8/><D8/><U66/><E71/><V21/><F10/><W0/><G0/><T5/><D5/><U14/><E69/><V86/><F77/><W33/><G33/><T114/><D114/><U92/><E113/><V132/><F132/><W23/><G23/><T110/><D110/><U11/><E127/><RYUUKYOKU ba="1,2" sc="360,15,332,-15,250,-15,38,15" hai0="19,22,27,29,34,43,45,50,54,57,60,112,115" hai3="2,7,9,44,49,52,61,63,80,85,87,90,91" /><INIT seed="4,2,2,0,2,22" ten="375,317,235,53" oya="0" hai0="25,98,20,103,62,65,95,39,110,83,77,78,53" hai1="123,33,87,10,4,70,71,129,61,79,57,51,88" hai2="90,56,99,82,133,15,85,34,5,44,69,52,7" hai3="135,114,0,12,119,9,68,60,49,104,115,66,67"/><T112/><D112/><N who="3" m="43049" /><G104/><T16/><D110/><U74/><E33/><V18/><F69/><W47/><G119/><T86/><D39/><U38/><E38/><V91/><F34/><W58/><G135/><T72/><D53/><U127/><E123/><V126/><F126/><W73/><G73/><T23/><D23/><U59/><E127/><V84/><F99/><W128/><G0/><T105/><D78/><U37/><E37/><V36/><F44/><W29/><G29/><T40/><D40/><U100/><E100/><V111/><F36/><W63/><G12/><T113/><D113/><U32/><E32/><V6/><F111/><W17/><G17/><T132/><D132/><U118/><E118/><V101/><F101/><W14/><G14/><T27/><D105/><U43/><E129/><V3/><F3/><W19/><G19/><T117/><D117/><U42/><E74/><V76/><F85/><W81/><G81/><T107/><D107/><U2/><E79/><V45/><F45/><W92/><G92/><T80/><D80/><U8/><E51/><N who="2" m="30751" /><F133/><W121/><G9/><AGARI ba="2,2" hai="5,6,7,9,15,18,76,82,84,90,91" m="30751" machi="9" ten="30,2000,0" yaku="8,1,54,1" doraHai="22" who="2" fromWho="3" sc="375,0,317,0,235,46,53,-26" /><INIT seed="5,0,0,1,1,109" ten="375,317,281,27" oya="1" hai0="36,15,116,90,73,69,55,112,85,7,47,124,120" hai1="35,132,30,17,25,89,107,29,24,78,9,11,4" hai2="8,64,26,61,118,125,95,60,34,14,41,105,79" hai3="20,32,75,37,46,122,81,23,103,63,33,88,44"/><U5/><E107/><V97/><F118/><W19/><G103/><T92/><D116/><U3/><E89/><V130/><F125/><W86/><G122/><T106/><D73/><U115/><E78/><V98/><F41/><W113/><G75/><T2/><D2/><N who="1" m="151" /><E132/><V12/><F8/><W111/><G111/><T121/><D69/><U42/><E42/><V57/><F130/><W10/><G37/><T110/><D110/><U62/><E62/><V80/><F98/><W133/><G133/><T22/><D106/><U77/><E77/><V108/><F61/><W59/><G10/><T48/><D36/><U84/><E84/><V66/><F66/><W129/><G129/><T102/><D102/><U71/><E71/><V54/><F64/><W21/><G113/><T65/><D112/><U39/><E39/><V50/><F60/><W83/><G81/><T104/><D104/><U91/><E91/><N who="2" m="55551" /><F108/><W87/><G86/><T94/><D65/><U27/><E17/><V16/><F105/><W101/><G101/><T40/><D40/><U100/><E100/><V93/><F93/><W99/><G99/><T82/><D94/><U70/><E70/><V1/><F80/><W31/><G19/><T38/><D38/><U134/><E134/><V74/><F74/><W123/><G123/><N who="0" m="47179" /><D92/><U18/><E115/><V52/><F79/><W56/><G63/><T114/><D114/><U49/><E49/><V45/><F16/><W127/><G83/><T13/><D7/><U67/><E67/><V58/><F50/><W131/><G87/><T72/><D72/><U28/><E18/><RYUUKYOKU ba="0,0" sc="375,-10,317,30,281,-10,27,-10" hai1="3,5,11,24,25,27,28,29,30,35" /><INIT seed="5,1,0,0,1,21" ten="365,347,271,17" oya="1" hai0="29,43,92,100,38,34,65,86,131,47,2,42,12" hai1="129,121,135,19,98,110,33,18,120,128,118,3,102" hai2="11,73,79,59,119,97,67,93,109,127,117,1,48" hai3="89,31,16,35,13,41,111,53,124,108,74,94,114"/><U9/><E118/><V87/><F1/><W20/><G74/><T22/><D2/><U62/><E135/><V64/><F11/><W112/><G124/><T23/><D131/><N who="1" m="50251" /><E110/><V96/><F48/><W54/><G41/><T46/><D65/><U70/><E33/><V27/><F59/><W106/><G106/><T82/><D12/><U56/><E70/><V77/><F87/><W134/><G134/><T91/><D100/><U122/><E3/><V0/><F0/><W32/><G54/><T63/><D63/><U115/><E9/><V15/><F127/><W26/><G53/><T101/><D101/><U99/><E115/><N who="3" m="44074" /><G89/><T75/><D75/><U68/><E68/><V95/><F73/><W17/><G94/><T28/><D92/><N who="1" m="58695" /><E99/><V25/><F15/><N who="3" m="9279" /><G35/><T72/><D72/><U107/><E107/><V61/><F61/><W80/><G80/><T10/><D34/><U71/><E71/><V90/><F90/><W36/><G36/><T14/><D91/><U78/><E78/><V66/><F67/><AGARI ba="1,0" hai="18,19,56,62,67,120,121,122" m="58695,50251" machi="67" ten="40,2000,0" yaku="19,1" doraHai="21" who="1" fromWho="2" sc="365,0,347,23,271,-23,17,0" /><INIT seed="5,2,0,4,1,14" ten="365,370,248,17" oya="1" hai0="100,80,29,120,58,3,73,40,16,117,103,9,52" hai1="53,24,66,84,126,135,130,61,21,0,59,5,127" hai2="23,112,106,93,34,124,43,109,45,95,4,118,48" hai3="68,36,50,85,69,101,41,133,70,94,44,51,37"/><U86/><E135/><V22/><F34/><W123/><G85/><T18/><D120/><U129/><E5/><V64/><F106/><W46/><G94/><T119/><D29/><U20/><E0/><V134/><F118/><W114/><G101/><T57/><D40/><U6/><E6/><V115/><F109/><W102/><G102/><T31/><D31/><U56/><E21/><V10/><F64/><W17/><G123/><T97/><D3/><U92/><E92/><N who="2" m="35403" /><F124/><N who="1" m="47657" /><E66/><V108/><F108/><W28/><G28/><T2/><D2/><U74/><E59/><V12/><F134/><W33/><G33/><T49/><D9/><U125/><N who="1" m="47665" /><U30/><DORA hai="132" /><E74/><V47/><F115/><W107/><G107/><T79/><D58/><U19/><E30/><V32/><F112/><W11/><G114/><T27/><D57/><U13/><E13/><V96/><F32/><W122/><G122/><T72/><D73/><U110/><E110/><V91/><F23/><W35/><G35/><T104/><D72/><U113/><E113/><V26/><F22/><W63/><G133/><T90/><D103/><U62/><E62/><V89/><F26/><W77/><G77/><T105/><D100/><U131/><AGARI ba="2,0" hai="19,20,24,53,56,61,84,86,129,130,131" m="47665" machi="131" ten="50,18000,2" yaku="19,1,18,1,52,5" doraHai="14,132" who="1" fromWho="1" sc="365,-62,370,186,248,-62,17,-62" owari="303,10.3,556,65.6,186,-21.4,-45,-54.5" /></mjloggm>