<mjloggm ver="2.3"><GO type="41" lobby="0"/><UN n0="%E3%81%BC%E3%81%86%E3%81%A1%E3%82%83%E3%82%93" n1="%E5%8B%9D%E3%81%A1%E7%A2%BA%E3%83%AA%E3%83%BC%E3%83%81" n2="%E3%82%B3%E3%82%BF%E3%82%B3%E3%82%BF" n3="%E2%93%9D%4C%75%63%6B%79%4A" dan="13,15,14,18" rate="1893.75,2037.03,1902.98,2214.49" sx="M,M,M,M"/><TAIKYOKU oya="0"/><INIT seed="0,0,0,0,4,128" ten="250,250,250,250" oya="0" hai0="66,65,103,31,17,11,13,45,1,14,18,74,8" hai1="2,23,5,112,26,67,114,39,56,6,47,106,116" hai2="88,29,12,104,78,68,77,28,121,89,42,95,35" hai3="59,93,107,15,21,3,100,94,10,91,38,123,131"/><T57/><D74/><U60/><E116/><V58/><F68/><W46/><G3/><T50/><D1/><U126/><E106/><V125/><F104/><W109/><G131/><T118/><D118/><U99/><E99/><V98/><F125/><W70/><G70/><T16/><D31/><U9/><E126/><V82/><F35/><W34/><G109/><T27/><D103/><U102/><E102/><V22/><F121/><W132/><G21/><N who="0" m="13743" /><D57/><U71/><E6/><V51/><F77/><W97/><G34/><T80/><D80/><U113/><E47/><V49/><F89/><W4/><G123/><T120/><D120/><U7/><E7/><V129/><F129/><W108/><G108/><T75/><D75/><U101/><E101/><V33/><F33/><W63/><G38/><T115/><D115/><U53/><E39/><V119/><F119/><W55/><G46/><T84/><D84/><U52/><REACH who="1" step="1"/><E71/><REACH who="1" ten="250,240,250,250" step="2"/><V79/><F58/><W32/><G107/><T85/><D85/><U41/><E41/><AGARI ba="0,1" hai="8,11,13,14,16,18,41,45,50,65,66" m="13743" machi="41" ten="30,2900,0" yaku="8,1,54,1" doraHai="128" who="0" fromWho="1" sc="250,39,240,-29,250,0,250,0" /><INIT seed="0,1,0,2,1,52" ten="289,211,250,250" oya="0" hai0="105,2,127,117,121,78,65,113,24,132,71,9,40" hai1="44,135,41,23,55,99,122,14,108,97,35,1,130" hai2="58,0,64,123,83,51,86,45,59,95,28,25,6" hai3="37,68,69,4,75,61,131,107,124,31,77,32,82"/><T110/><RYUUKYOKU type="yao9" ba="1,0" sc="289,0,211,0,250,0,250,0" hai0="2,9,24,40,65,71,78,105,110,113,117,121,127,132" /><INIT seed="0,2,0,5,0,16" ten="289,211,250,250" oya="0" hai0="31,95,97,98,91,10,2,109,30,101,4,63,92" hai1="24,125,113,25,67,51,76,28,99,105,7,47,15" hai2="117,14,90,87,13,12,29,65,70,17,80,118,53" hai3="115,52,59,71,27,116,133,35,39,110,119,55,130"/><T83/><D109/><U96/><E125/><V108/><F108/><W41/><G110/><T6/><D63/><U93/><E105/><V19/><F70/><W73/><G73/><T61/><D61/><U26/><E113/><V43/><F43/><W134/><G35/><T75/><D6/><U36/><E36/><V62/><F65/><W103/><G103/><T104/><D104/><U106/><E106/><V23/><F29/><W122/><G27/><T132/><D132/><N who="3" m="50793" /><G130/><T131/><D131/><U72/><E67/><V123/><F123/><W37/><G71/><T3/><D3/><U8/><E28/><V124/><F124/><W54/><G115/><T127/><D127/><U34/><E34/><V60/><F12/><W68/><G68/><T56/><D56/><U78/><E72/><V21/><F53/><N who="3" m="20555" /><G122/><T88/><D101/><U44/><E51/><V107/><F107/><W64/><G64/><T0/><REACH who="0" step="1"/><D2/><REACH who="0" ten="279,211,250,250" step="2"/><U135/><E135/><V129/><F129/><W33/><G33/><T81/><D81/><U126/><E126/><V9/><F118/><N who="3" m="45099" /><G41/><T100/><D100/><U50/><E50/><AGARI ba="2,1" hai="37,39,50,54,59" m="45099,20555,50793" machi="50" ten="30,7700,0" yaku="20,1,34,2,54,1" doraHai="16" who="3" fromWho="1" sc="279,0,211,-83,250,0,250,93" /><INIT seed="1,0,0,1,5,65" ten="279,128,250,343" oya="1" hai0="121,15,83,98,1,11,95,55,40,57,6,13,128" hai1="20,118,59,100,48,63,117,71,9,108,38,75,14" hai2="0,26,97,45,53,103,46,110,104,54,10,67,16" hai3="50,89,47,112,42,69,72,93,64,17,36,56,94"/><U101/><E75/><V19/><F110/><W60/><G112/><T111/><D128/><U119/><E38/><V7/><F67/><W35/><G35/><T105/><D111/><U113/><E113/><V77/><F77/><W122/><G122/><T49/><D121/><U27/><E108/><V32/><F32/><W61/><G72/><T88/><D40/><U66/><E48/><V28/><F28/><W44/><G17/><T133/><D105/><U78/><E78/><V80/><F80/><W123/><G123/><T39/><D39/><U124/><E124/><V29/><F29/><W23/><G23/><T21/><D133/><U22/><E59/><V91/><F91/><W134/><G134/><T33/><D33/><U131/><E131/><V125/><F125/><W135/><G135/><T96/><D96/><U84/><E84/><V37/><F46/><W92/><G61/><T130/><D130/><U12/><E22/><V116/><F116/><W120/><G120/><T5/><D5/><U79/><E79/><V129/><F129/><W85/><REACH who="3" step="1"/><G56/><REACH who="3" ten="279,128,250,333" step="2"/><T81/><D1/><U41/><E117/><V132/><F132/><W8/><G8/><T24/><D13/><U126/><E14/><V52/><REACH who="2" step="1"/><F26/><REACH who="2" ten="279,128,240,333" step="2"/><W107/><G107/><T4/><REACH who="0" step="1"/><D4/><REACH who="0" ten="269,128,240,333" step="2"/><U86/><E119/><V76/><F76/><W2/><G2/><T114/><D114/><U68/><E118/><V43/><AGARI ba="0,3" hai="0,7,10,16,19,37,43,45,52,53,54,97,103,104" machi="43" ten="30,7900,0" yaku="1,1,0,1,54,2,53,0" doraHai="65" doraHaiUra="18" who="2" fromWho="2" sc="269,-20,128,-39,240,109,333,-20" /><INIT seed="2,0,0,4,1,17" ten="249,89,349,313" oya="2" hai0="127,112,129,101,34,69,12,5,11,33,85,49,26" hai1="108,72,89,107,38,100,71,7,116,24,76,50,39" hai2="4,124,70,110,73,8,133,114,65,15,57,87,10" hai3="42,78,3,45,102,132,58,128,68,46,14,83,9"/><V82/><F73/><W30/><G68/><T92/><D69/><U99/><E108/><V74/><F114/><W95/><G3/><T119/><D112/><U35/><E116/><V36/><F74/><W1/><G1/><T41/><D127/><U61/><E89/><V94/><F36/><W126/><G30/><T53/><D129/><U23/><E50/><V118/><F118/><W75/><G132/><T134/><D134/><U115/><E7/><V60/><F133/><W47/><G126/><T105/><D119/><U25/><E25/><V67/><F124/><W111/><G111/><T31/><D105/><U16/><E35/><V122/><F122/><W121/><G58/><T6/><D41/><U125/><E115/><V64/><F94/><W56/><G56/><T54/><D54/><U91/><E91/><V109/><F10/><W88/><G102/><T18/><D34/><U113/><E113/><V27/><F27/><W52/><G128/><T63/><D63/><U62/><E125/><V28/><F28/><W96/><G121/><T77/><D77/><U29/><E29/><V104/><F104/><W21/><G21/><T120/><D120/><U44/><E44/><V97/><F97/><W32/><G32/><T98/><D85/><U123/><E123/><V80/><F80/><W59/><G42/><T40/><D40/><U79/><E72/><V117/><F117/><W37/><G37/><N who="1" m="13834" /><E71/><V66/><REACH who="2" step="1"/><F70/><REACH who="2" ten="249,89,339,313" step="2"/><W131/><G131/><T81/><D81/><U2/><E107/><V130/><F130/><W90/><G75/><T55/><D26/><U19/><E24/><RYUUKYOKU ba="0,1" sc="249,-10,89,-10,339,30,313,-10" hai2="4,8,15,57,60,64,65,66,67,82,87,109,110" /><INIT seed="2,1,1,0,4,73" ten="239,79,369,303" oya="2" hai0="9,30,90,88,46,113,57,48,119,96,21,42,28" hai1="35,74,10,135,69,91,37,126,67,108,125,100,78" hai2="94,107,92,79,7,11,89,62,52,14,51,68,118" hai3="98,64,106,55,80,101,120,129,124,39,24,27,127"/><V3/><F107/><W22/><G120/><T20/><D113/><U58/><E108/><V86/><F118/><W5/><G39/><T17/><D119/><U15/><E69/><V123/><F123/><W105/><G5/><T41/><D41/><U13/><E35/><V128/><F128/><W85/><G64/><T34/><D34/><U43/><E135/><V103/><F68/><W18/><G129/><T61/><D9/><U6/><E100/><V54/><F62/><W117/><G117/><T49/><D49/><U71/><E71/><V45/><F3/><W132/><G55/><N who="0" m="33983" /><D21/><U131/><E131/><V1/><F1/><W44/><G44/><T83/><D96/><U38/><E43/><N who="2" m="25023" /><F79/><N who="3" m="46239" /><G106/><T134/><D134/><U36/><E36/><V60/><F60/><W4/><G132/><T76/><D30/><U72/><E38/><V75/><F75/><W59/><G59/><T2/><D28/><U116/><E37/><V53/><F103/><W70/><G70/><T95/><D95/><AGARI ba="1,1" hai="7,11,14,52,53,54,86,89,92,94,95" m="25023" machi="95" ten="30,2900,0" yaku="8,1,54,1" doraHai="73" who="2" fromWho="0" sc="239,-32,79,0,369,42,303,0" /><INIT seed="2,2,0,5,2,123" ten="207,79,411,303" oya="2" hai0="2,74,87,53,128,19,27,119,24,7,80,55,29" hai1="102,117,26,40,57,125,35,15,122,77,38,46,78" hai2="92,22,8,47,100,44,72,43,82,69,132,14,116" hai3="126,106,111,98,31,115,91,30,113,110,85,33,133"/><V105/><F69/><W49/><G126/><T84/><D128/><U127/><E117/><V59/><F116/><W42/><G133/><T3/><D74/><U13/><E122/><V71/><F71/><W64/><G64/><T56/><D119/><U21/><E35/><V54/><F132/><W121/><G121/><T86/><D7/><U135/><E102/><V16/><F105/><W95/><G42/><T62/><D3/><U10/><E57/><V101/><F72/><W81/><G49/><T60/><D2/><U20/><E135/><V39/><F47/><W48/><G48/><T114/><D114/><N who="3" m="43529" /><G106/><T36/><D36/><U70/><E70/><V75/><F92/><W108/><G33/><T9/><D29/><U50/><E38/><V134/><F134/><W34/><G34/><T1/><D1/><U104/><E104/><V90/><F8/><W65/><G65/><T73/><D73/><U23/><E26/><V103/><F75/><W25/><G25/><T4/><D4/><U67/><E67/><V5/><F5/><W28/><G31/><T41/><D41/><U131/><E131/><V99/><F99/><W18/><G18/><T93/><D93/><U58/><E58/><V97/><F97/><W66/><G66/><T118/><D118/><U109/><E127/><V130/><F130/><W124/><G124/><T63/><D80/><U112/><E125/><V17/><F17/><W6/><G6/><T12/><D56/><U79/><E112/><V51/><F82/><W89/><AGARI ba="2,0" hai="28,30,81,85,89,91,95,98,108,110,111" m="43529" machi="89" ten="40,8000,1" yaku="14,1,11,1,52,3" doraHai="123" who="3" fromWho="3" sc="207,-22,79,-22,411,-42,303,86" /><INIT seed="3,0,0,4,0,51" ten="185,57,369,389" oya="3" hai0="103,104,64,65,60,82,40,8,92,12,133,127,119" hai1="4,102,52,36,47,78,129,90,26,123,7,132,10" hai2="38,57,112,22,58,54,25,45,74,69,33,23,59" hai3="1,101,135,55,73,61,75,3,108,88,84,89,28"/><W29/><G101/><T83/><D119/><U30/><E123/><V81/><F112/><W0/><G135/><T79/><D133/><U42/><E132/><V86/><F69/><W43/><G43/><T67/><D104/><U37/><E129/><V62/><F74/><W124/><G124/><T130/><D127/><U50/><E78/><V63/><F33/><W15/><G15/><T48/><D130/><U21/><E102/><V35/><F35/><W72/><G108/><T118/><D118/><U116/><E116/><V76/><F38/><W19/><G19/><T31/><D31/><U11/><E90/><V93/><F45/><W122/><G122/><T2/><D2/><U6/><REACH who="1" step="1"/><E36/><REACH who="1" ten="185,47,369,389" step="2"/><V131/><F131/><W99/><G89/><T39/><D39/><U18/><E18/><V9/><F76/><W87/><G88/><T49/><D103/><U107/><E107/><V34/><F62/><W121/><G61/><T41/><D60/><U20/><E20/><V71/><F34/><W53/><G121/><T115/><D115/><U46/><AGARI ba="0,1" hai="4,6,7,10,11,21,26,30,37,42,46,47,50,52" machi="46" ten="30,8000,1" yaku="1,1,0,1,52,1,54,1,53,1" doraHai="51" doraHaiUra="70" who="1" fromWho="1" sc="185,-20,47,90,369,-20,389,-40" /><INIT seed="4,0,0,3,4,111" ten="165,137,349,349" oya="0" hai0="81,86,100,99,108,74,48,58,84,21,82,57,96" hai1="114,78,26,103,36,20,113,51,110,132,89,85,117" hai2="135,93,11,79,128,5,39,42,41,65,50,125,27" hai3="19,24,22,120,49,70,0,95,83,88,107,105,3"/><T71/><D71/><U66/><E110/><V87/><F39/><W15/><G70/><T126/><D108/><U69/><E117/><V76/><F135/><W25/><G83/><T112/><D112/><N who="1" m="43115" /><E36/><V31/><F128/><W6/><G120/><T44/><D126/><U134/><E103/><V101/><F125/><W35/><G49/><T109/><D74/><U129/><E78/><V121/><F121/><W122/><G122/><T62/><D109/><U29/><E51/><V131/><F131/><W34/><G107/><T75/><D75/><U80/><E129/><V118/><F118/><W61/><G105/><T104/><D21/><U124/><E124/><V45/><F42/><W133/><G35/><T73/><D73/><U52/><E52/><V37/><F37/><W116/><G34/><T14/><D14/><U40/><E40/><V106/><F106/><W63/><G15/><T56/><D62/><AGARI ba="0,0" hai="20,26,29,62,66,69,80,85,89,132,134" m="43115" machi="62" ten="30,8000,1" yaku="15,1,11,1,52,3" doraHai="111" who="1" fromWho="0" sc="165,-80,137,80,349,0,349,0" /><INIT seed="5,0,0,3,1,61" ten="85,217,349,349" oya="1" hai0="32,54,21,28,8,116,22,25,71,123,50,127,16" hai1="119,121,34,60,4,83,7,100,135,108,38,24,115" hai2="74,2,53,105,33,39,42,68,114,117,84,133,113" hai3="29,95,134,46,5,118,3,6,44,19,131,76,106"/><U82/><E115/><N who="2" m="44043" /><F105/><W77/><G29/><T96/><D71/><U73/><E121/><V93/><F74/><W55/><G3/><T75/><D75/><U104/><E119/><V129/><F68/><W31/><G31/><T126/><D96/><U1/><E135/><V9/><F33/><W59/><G19/><T86/><D86/><U97/><E38/><V132/><F117/><W128/><G95/><T20/><D116/><U15/><E1/><V98/><F84/><W130/><G106/><T37/><D37/><U91/><E108/><V10/><F53/><W99/><G99/><T48/><D54/><U109/><E109/><V88/><F129/><W79/><G134/><N who="2" m="51817" /><F2/><W35/><G35/><T12/><D50/><U51/><E51/><V0/><F0/><W70/><G70/><T94/><D94/><U87/><E73/><V112/><F112/><W26/><G26/><T63/><D48/><U85/><E24/><V36/><F36/><W89/><G89/><T47/><D47/><AGARI ba="0,0" hai="9,10,39,42,47,88,93,98" m="51817,44043" machi="47" ten="30,7700,0" yaku="15,1,11,1,20,1,54,1" doraHai="61" who="2" fromWho="0" sc="85,-77,217,0,349,77,349,0" /><INIT seed="6,0,0,1,3,20" ten="8,217,426,349" oya="2" hai0="29,93,2,108,53,118,8,76,57,25,131,114,5" hai1="4,89,92,74,63,28,7,45,47,123,44,51,6" hai2="3,96,90,91,78,15,122,107,24,0,130,79,33" hai3="98,103,113,95,75,12,34,112,84,31,116,48,83"/><V1/><F122/><W16/><G116/><T77/><D93/><U69/><E74/><V121/><F121/><W35/><G48/><T17/><D77/><U85/><E123/><V73/><F130/><W120/><G120/><T49/><D76/><U94/><E28/><V70/><F70/><W88/><G75/><T32/><D118/><U42/><E69/><V19/><F24/><W106/><G106/><T72/><D114/><N who="3" m="44137" /><G31/><T134/><D131/><U100/><E63/><V71/><F33/><W62/><G62/><T110/><D134/><U43/><E51/><V18/><F71/><W115/><N who="3" m="44145" /><W11/><AGARI ba="0,0" hai="11,12,16,34,35,83,84,88,95,98,103" m="44145" machi="11" ten="40,8000,1" yaku="4,1,15,1,11,1,54,2" doraHai="20" who="3" fromWho="3" sc="8,-20,217,-20,426,-40,349,80" owari="-12,-51.2,197,-20.3,386,18.6,429,52.9" /></mjloggm>