<mjloggm ver="2.3"><GO type="41" lobby="0"/><UN n0="%E2%93%9D%4C%75%63%6B%79%4A" n1="%E3%81%AE%E3%82%89%E3%81%BF%E3%81%93" n2="%4B%4F%4B%49%34%30%36%32" n3="%E3%82%BB%E3%83%BB%E3%83%A9%E3%83%B4%E3%82%A3" dan="16,15,14,14" rate="2146.37,2003.21,1984.64,1900.11" sx="M,M,M,M"/><TAIKYOKU oya="0"/><INIT seed="0,0,0,3,2,52" ten="250,250,250,250" oya="0" hai0="89,70,18,102,28,61,62,100,76,41,44,109,106" hai1="108,110,57,14,0,74,99,25,40,53,119,5,132" hai2="94,2,78,1,24,63,22,82,103,87,45,96,8" hai3="117,75,131,107,80,118,66,64,92,79,60,115,20"/><T7/><D28/><U124/><E119/><V133/><F133/><W43/><G115/><T49/><D106/><U55/><E132/><V17/><F8/><W29/><G131/><T6/><D76/><U59/><E74/><V86/><F45/><W71/><G107/><T48/><D70/><U113/><E113/><V97/><F97/><W26/><G43/><T91/><D44/><U88/><E0/><V37/><F37/><W67/><G67/><T129/><D18/><U69/><E40/><V73/><F73/><W123/><G123/><T23/><D41/><U83/><E25/><V16/><F17/><W54/><G66/><T42/><D42/><U135/><E69/><V101/><F101/><W34/><G34/><T130/><REACH who="0" step="1"/><D23/><REACH who="0" ten="240,250,250,250" step="2"/><U84/><E135/><V50/><F50/><W126/><G117/><T111/><AGARI ba="0,1" hai="6,7,48,49,61,62,89,91,100,102,109,111,129,130" machi="111" ten="25,12000,1" yaku="1,1,2,1,0,1,22,2,53,0" doraHai="52" doraHaiUra="105" who="0" fromWho="0" sc="240,130,250,-40,250,-40,250,-40" /><INIT seed="0,1,0,2,4,97" ten="370,210,210,210" oya="0" hai0="93,95,49,34,23,120,62,32,92,126,40,84,79" hai1="105,41,104,116,91,109,110,73,15,69,31,125,27" hai2="119,81,61,25,118,44,121,89,74,29,26,42,51" hai3="117,6,75,38,14,5,64,86,111,68,7,35,71"/><T11/><D120/><U58/><E116/><N who="2" m="44587" /><F121/><W100/><G117/><T99/><D126/><U19/><E69/><V43/><F43/><W10/><G75/><T129/><D129/><U96/><E125/><V122/><F122/><W113/><G113/><T2/><D23/><U59/><E73/><V20/><F25/><W76/><G38/><T46/><D62/><U114/><E41/><V78/><F89/><W133/><G35/><T33/><D2/><U0/><E0/><V60/><AGARI ba="1,0" hai="20,26,29,42,44,51,60,61,74,78,81" m="44587" machi="60" ten="30,1100,0" yaku="12,1" doraHai="97" who="2" fromWho="2" sc="370,-6,210,-4,210,14,210,-4" /><INIT seed="1,0,0,5,1,67" ten="364,206,224,206" oya="1" hai0="27,135,124,13,71,30,102,81,64,0,69,33,109" hai1="113,37,110,50,97,10,106,16,120,25,70,95,80" hai2="92,66,104,29,82,84,1,31,46,78,49,56,52" hai3="41,132,125,61,129,133,22,21,45,121,38,96,75"/><U108/><E120/><V20/><F104/><W63/><G75/><T79/><D64/><U100/><E113/><V4/><F1/><W111/><G121/><T122/><D122/><U14/><E37/><V107/><F107/><W39/><G96/><T35/><D109/><N who="1" m="42091" /><E80/><V126/><F126/><W134/><G111/><T58/><D0/><U91/><E25/><V68/><F68/><W118/><G118/><T15/><D124/><U77/><E77/><V76/><F4/><W94/><G94/><T9/><D135/><U11/><E50/><V105/><F105/><W42/><G125/><T62/><D35/><U12/><E70/><V83/><F92/><W112/><G112/><T65/><D102/><U98/><E12/><V103/><F103/><W116/><G116/><T74/><REACH who="0" step="1"/><D15/><REACH who="0" ten="354,206,224,206" step="2"/><U47/><E47/><V40/><F66/><W3/><G3/><T127/><D127/><U59/><E59/><V57/><F56/><W26/><G129/><T53/><D53/><U54/><E54/><V43/><F40/><W28/><REACH who="3" step="1"/><G22/><AGARI ba="0,1" hai="10,11,14,16,22,91,95,97,98,100,106" m="42091" machi="22" ten="30,5800,0" yaku="14,1,10,1,54,1" doraHai="67" who="1" fromWho="3" sc="354,0,206,68,224,0,206,-58" /><INIT seed="1,1,0,3,4,133" ten="354,274,224,148" oya="1" hai0="128,37,54,67,64,112,73,75,87,78,135,59,55" hai1="4,72,23,28,48,24,71,26,132,32,118,111,109" hai2="120,77,20,101,122,79,47,107,60,49,83,104,25" hai3="124,108,42,19,40,61,126,117,106,13,85,119,7"/><U2/><E72/><V121/><F60/><W100/><G7/><T8/><D112/><U57/><E71/><V89/><F89/><W15/><G100/><T88/><D37/><U70/><E132/><V41/><F101/><W3/><G3/><T58/><D128/><U50/><E70/><V68/><F68/><W6/><G106/><T18/><D135/><U17/><E118/><N who="3" m="45066" /><G108/><N who="1" m="41546" /><E57/><V5/><F5/><W116/><N who="3" m="45074" /><W127/><DORA hai="102" /><G61/><T38/><D38/><U31/><E50/><V51/><F51/><W1/><G1/><T9/><D78/><U11/><E48/><V86/><REACH who="2" step="1"/><F79/><REACH who="2" ten="354,274,214,148" step="2"/><W99/><G99/><T16/><REACH who="0" step="1"/><D87/><REACH who="0" ten="344,274,214,148" step="2"/><U103/><E103/><V44/><F44/><W96/><G85/><T74/><D74/><U80/><E80/><V35/><F35/><W29/><G96/><T97/><D97/><U129/><E129/><V14/><F14/><W12/><G6/><T52/><D52/><U10/><E31/><AGARI ba="1,2" hai="20,25,31,41,47,49,77,83,86,104,107,120,121,122" machi="31" ten="40,8000,1" yaku="1,1,52,2,53,1" doraHai="133,102" doraHaiUra="45,90" who="2" fromWho="1" sc="344,0,274,-83,214,103,148,0" /><INIT seed="2,0,0,3,5,55" ten="344,191,317,148" oya="2" hai0="48,38,83,67,73,34,122,107,27,62,1,135,75" hai1="81,46,100,41,17,21,113,104,118,117,114,115,98" hai2="63,13,110,97,56,88,108,102,124,25,60,87,89" hai3="69,31,57,58,105,133,65,82,128,96,51,129,18"/><V106/><F124/><W130/><G133/><T61/><D48/><U16/><E81/><V119/><F119/><W66/><G31/><T44/><D62/><U126/><E126/><V54/><F13/><W85/><G96/><T11/><D122/><U111/><E111/><N who="2" m="42539" /><F25/><W127/><G127/><T76/><D75/><U23/><E23/><V47/><F47/><W0/><G0/><T125/><D135/><U123/><E123/><V77/><F63/><W103/><G103/><T29/><D125/><U2/><E2/><V22/><F22/><W70/><G18/><T121/><D121/><U120/><E120/><V36/><F36/><W24/><G24/><T4/><D107/><U20/><E20/><V52/><F54/><W71/><G51/><T8/><D11/><U91/><E91/><V12/><F12/><W132/><G105/><T32/><D27/><U134/><E134/><V84/><F84/><W99/><G99/><T109/><D109/><U15/><REACH who="1" step="1"/><E17/><REACH who="1" ten="344,181,317,148" step="2"/><V53/><F53/><W10/><G132/><T86/><D1/><U33/><E33/><V131/><F131/><W26/><G26/><T49/><D34/><U112/><N who="1" m="28672" /><DORA hai="59" /><U3/><E3/><V93/><F89/><N who="3" m="51383" /><G10/><T9/><D9/><U101/><E101/><V50/><F50/><AGARI ba="0,1" hai="15,16,21,41,46,50,98,100,104,117,118" m="28672" machi="50" ten="70,8000,1" yaku="1,1,54,1,53,2" doraHai="55,59" doraHaiUra="40,37" who="1" fromWho="2" sc="344,0,181,90,317,-80,148,0" /><INIT seed="3,0,0,4,2,80" ten="344,271,237,148" oya="3" hai0="112,49,37,82,6,50,31,59,14,92,65,9,22" hai1="53,73,129,97,81,132,16,106,102,70,69,34,131" hai2="90,39,0,109,117,127,44,21,121,62,104,10,105" hai3="110,64,23,130,91,57,36,45,128,42,124,116,111"/><W122/><G23/><T133/><D37/><U79/><E132/><V77/><F127/><W41/><G91/><T47/><D112/><U75/><E53/><V7/><F121/><W51/><G122/><T85/><D133/><U120/><E120/><V12/><F117/><W68/><G116/><T26/><D92/><U135/><E135/><V58/><F109/><N who="3" m="41483" /><G124/><T86/><D82/><U46/><E46/><V24/><F77/><W54/><G42/><T61/><REACH who="0" step="1"/><D50/><REACH who="0" ten="334,271,237,148" step="2"/><U28/><E131/><N who="3" m="50218" /><G64/><T63/><D63/><U33/><E129/><V35/><F39/><W30/><G30/><T3/><D3/><U93/><E28/><V52/><F105/><W99/><G99/><T96/><D96/><U100/><E106/><V114/><F104/><W5/><G5/><T118/><D118/><U13/><E97/><V20/><F114/><W115/><G115/><T66/><D66/><U4/><E4/><V38/><F38/><W108/><G108/><T11/><D11/><U60/><E81/><V125/><F125/><W43/><G43/><AGARI ba="0,1" hai="6,9,14,22,26,31,43,47,49,59,61,65,85,86" machi="43" ten="30,12000,2" yaku="1,1,7,1,8,1,52,2,53,1" doraHai="80" doraHaiUra="55" who="0" fromWho="3" sc="334,130,271,0,237,0,148,-120" /><INIT seed="4,0,0,0,2,127" ten="464,271,237,28" oya="0" hai0="1,82,125,15,95,65,54,129,25,53,24,115,45" hai1="10,77,58,35,128,42,61,112,114,132,12,50,98" hai2="51,7,16,75,56,107,9,66,27,59,131,28,21" hai3="63,4,6,18,22,96,100,67,8,106,34,71,113"/><T19/><D1/><U102/><E128/><V121/><F131/><W41/><G113/><N who="1" m="43626" /><E77/><V36/><F36/><W79/><G79/><T108/><D65/><N who="1" m="39095" /><E35/><V26/><F75/><W88/><G41/><T85/><D125/><U0/><E0/><V110/><F110/><W30/><G8/><T133/><D133/><U135/><E50/><V130/><F130/><W72/><G72/><T44/><D108/><U104/><E42/><V93/><F107/><W80/><G80/><T111/><D82/><U124/><E124/><V87/><F66/><W46/><G46/><T119/><D45/><U55/><E55/><V109/><F109/><W29/><G29/><T23/><D54/><U116/><E116/><V92/><F121/><W81/><G81/><T33/><D119/><U97/><E98/><V64/><F51/><W101/><G101/><T78/><D111/><U89/><E89/><V118/><F118/><W90/><G6/><AGARI ba="0,0" hai="6,10,12,97,102,104,132,135" m="39095,43626" machi="6" ten="30,2000,0" yaku="15,1,11,1" doraHai="127" who="1" fromWho="3" sc="464,0,271,20,237,0,28,-20" /><INIT seed="5,0,0,1,4,63" ten="464,291,237,8" oya="1" hai0="113,15,71,16,22,66,95,57,98,30,122,128,108" hai1="92,31,51,107,118,104,18,59,83,32,33,42,52" hai2="56,100,49,29,2,53,73,20,38,125,14,1,26" hai3="76,78,61,132,44,87,114,43,85,127,41,54,34"/><U88/><E118/><V112/><F125/><W102/><G34/><T116/><D116/><U119/><E119/><V23/><F73/><W67/><G127/><T55/><D108/><U0/><E0/><V62/><F38/><W103/><G132/><T19/><D113/><U35/><E83/><V58/><F112/><W46/><G114/><T110/><D128/><U94/><E42/><V9/><F100/><W68/><G68/><T84/><D122/><U135/><E135/><V97/><F97/><W10/><G61/><N who="0" m="38191" /><D71/><U82/><E18/><V99/><F99/><W25/><G25/><N who="0" m="16695" /><D110/><U7/><E7/><V134/><F20/><W27/><G27/><T65/><D65/><U3/><E3/><V96/><F96/><W37/><G67/><T36/><D36/><U109/><E31/><V115/><F115/><W60/><G60/><T91/><D55/><U93/><REACH who="1" step="1"/><E109/><REACH who="1" ten="464,281,237,8" step="2"/><V12/><F134/><W39/><G54/><T121/><D121/><U5/><E5/><V123/><F123/><W21/><G21/><T47/><D15/><U64/><E64/><V11/><F12/><W106/><G106/><T4/><D4/><U75/><E75/><V111/><F111/><W45/><G45/><T70/><D47/><U13/><E13/><V130/><F130/><W40/><G40/><T101/><D70/><U77/><E77/><V28/><F29/><W129/><G129/><T131/><D131/><U72/><E72/><V133/><F133/><W69/><G69/><T50/><D50/><U89/><E89/><V126/><F126/><W90/><G90/><T86/><D91/><RYUUKYOKU ba="0,1" sc="464,10,281,10,237,-30,8,10" hai0="16,19,84,86,95,98,101" hai1="32,33,35,51,52,59,82,88,92,93,94,104,107" hai3="10,37,39,41,43,44,46,76,78,85,87,102,103" /><INIT seed="5,1,1,3,2,79" ten="474,291,207,18" oya="1" hai0="100,66,62,83,80,99,41,133,81,107,84,67,16" hai1="120,116,109,28,33,40,55,122,3,74,103,54,4" hai2="58,121,20,68,70,124,9,94,56,24,1,112,51" hai3="52,26,45,7,44,93,130,30,14,85,13,42,115"/><U102/><E116/><V18/><F121/><W135/><G115/><T118/><D118/><U39/><E74/><V34/><F124/><W134/><G130/><T131/><D131/><U111/><E28/><V90/><F112/><W57/><G134/><T2/><D2/><U61/><E33/><V49/><F34/><W126/><G126/><T125/><D125/><U101/><E3/><V87/><F68/><W21/><G135/><T110/><D110/><N who="1" m="41995" /><E4/><V31/><F70/><W8/><G14/><T77/><D67/><U53/><E61/><V19/><F1/><W132/><G132/><T89/><D41/><U25/><E25/><V129/><F129/><W95/><G85/><T35/><D35/><U114/><E114/><V38/><F38/><W32/><G32/><T105/><D107/><U37/><E40/><V73/><F73/><W117/><G117/><T91/><D133/><U82/><E82/><V43/><F43/><W69/><G69/><T106/><D106/><U63/><E63/><V92/><F94/><N who="3" m="35851" /><G42/><T22/><D83/><U127/><E127/><V113/><F113/><W5/><G5/><T23/><D81/><U64/><E64/><V50/><REACH who="2" step="1"/><F9/><REACH who="2" ten="474,291,197,18" step="2"/><W10/><G8/><T12/><REACH who="0" step="1"/><D23/><REACH who="0" ten="464,291,197,18" step="2"/><U15/><E122/><V76/><F76/><W128/><G128/><T17/><D17/><AGARI ba="1,3" hai="17,18,19,20,24,31,49,50,51,56,58,87,90,92" machi="17" ten="40,2600,0" yaku="1,1,8,1,53,0" doraHai="79" doraHaiUra="97" who="2" fromWho="0" sc="464,-29,291,0,197,59,18,0" /><INIT seed="6,0,0,0,2,34" ten="435,291,256,18" oya="2" hai0="90,2,78,67,124,22,103,30,6,65,79,54,72" hai1="113,104,70,89,4,60,85,48,11,41,18,27,53" hai2="112,71,51,116,133,75,12,49,120,93,98,35,44" hai3="13,42,82,125,31,121,119,100,110,109,74,20,1"/><V130/><F116/><W86/><G119/><T81/><D103/><U50/><E104/><V88/><F120/><W55/><G121/><T128/><D79/><U57/><E70/><V64/><F133/><W107/><G74/><T131/><D90/><U80/><E113/><V123/><F112/><W19/><G42/><T23/><D54/><U101/><E41/><V7/><F123/><W32/><G125/><T33/><D33/><U15/><E101/><V108/><F35/><W40/><G40/><T46/><D46/><U126/><E126/><V5/><F75/><W17/><G17/><T52/><D30/><U127/><E127/><V28/><F130/><N who="0" m="49706" /><D52/><U63/><E63/><V24/><F108/><W62/><G31/><T114/><D114/><U36/><E36/><V69/><F69/><W8/><G32/><T105/><D105/><U102/><E102/><V111/><F111/><W37/><G37/><T132/><D132/><U26/><E4/><V61/><F12/><W56/><G100/><T129/><D124/><U68/><E68/><V73/><F73/><W91/><REACH who="3" step="1"/><G107/><REACH who="3" ten="435,291,256,8" step="2"/><T94/><D129/><U9/><E18/><V38/><F5/><AGARI ba="0,1" hai="1,5,8,13,19,20,55,56,62,82,86,91,109,110" machi="5" ten="40,8000,1" yaku="1,1,2,1,52,1,53,1" doraHai="34" doraHaiUra="77" who="3" fromWho="2" sc="435,0,291,0,256,-80,8,90" /><INIT seed="7,0,0,1,5,67" ten="435,291,176,98" oya="3" hai0="124,35,114,92,43,80,10,23,103,97,32,133,59" hai1="0,88,119,28,31,90,53,19,131,33,18,13,26" hai2="104,34,125,87,15,25,94,64,111,118,108,102,62" hai3="2,113,51,58,11,54,49,63,68,110,48,46,105"/><W95/><G105/><T30/><D43/><U81/><E131/><V69/><F118/><W55/><G2/><T9/><D80/><U106/><E0/><V74/><F125/><W130/><G11/><T7/><D10/><N who="1" m="6455" /><E33/><V22/><F74/><W24/><G130/><T20/><D133/><U121/><E106/><V79/><F15/><W14/><G14/><T120/><D120/><U72/><E72/><V61/><F61/><W60/><G24/><T96/><D114/><U73/><E73/><V39/><F39/><W128/><G128/><T117/><D97/><U135/><E121/><V126/><F126/><W56/><G95/><T100/><D30/><U27/><E135/><V17/><F34/><N who="0" m="12842" /><D59/><U4/><E4/><V115/><F115/><W77/><G77/><T93/><D93/><U116/><E53/><V83/><REACH who="2" step="1"/><F94/><REACH who="2" ten="435,291,166,98" step="2"/><W98/><G113/><T57/><D117/><U107/><E119/><V132/><F132/><W134/><G134/><T41/><D124/><U21/><E116/><V6/><F6/><W5/><G5/><T44/><D7/><U38/><E38/><V89/><F89/><W123/><G123/><T37/><D9/><U65/><E88/><V16/><F16/><W3/><G3/><T40/><D41/><U109/><E90/><V8/><F8/><W85/><G98/><AGARI ba="0,1" hai="17,22,25,62,64,69,79,83,87,98,102,104,108,111" machi="98" ten="40,2600,0" yaku="1,1,52,1,53,0" doraHai="67" doraHaiUra="86" who="2" fromWho="3" sc="435,0,291,0,166,36,98,-26" owari="435,53.5,291,9.1,202,-19.8,72,-42.8" /></mjloggm>