<mjloggm ver="2.3"><GO type="41" lobby="0"/><UN n0="%E2%93%9D%4C%75%63%6B%79%4A" n1="%63%65%6C%6C" n2="%E3%83%9F%E3%83%A5%E3%83%9F%E3%83%A5" n3="%2D%E6%84%9B%E5%AE%95%E7%B5%B9%E6%81%B5%2D" dan="17,14,14,15" rate="2147.86,1892.82,1859.49,2027.86" sx="M,F,M,M"/><TAIKYOKU oya="0"/><INIT seed="0,0,0,4,1,133" ten="250,250,250,250" oya="0" hai0="25,65,1,89,30,22,19,24,34,54,0,14,2" hai1="124,116,103,88,100,72,95,130,68,109,98,20,129" hai2="122,55,92,31,81,48,93,90,37,44,115,3,67" hai3="43,56,15,91,9,35,5,96,75,123,76,106,23"/><T74/><D74/><U127/><E68/><V73/><F3/><W111/><G111/><T97/><D65/><U33/><E33/><V57/><F115/><W110/><G110/><T99/><D54/><U83/><E109/><V61/><F122/><W71/><G123/><T112/><D89/><U38/><E38/><V62/><F31/><W63/><G35/><T4/><D99/><U113/><E20/><V128/><F128/><N who="1" m="49257" /><E116/><V69/><F73/><W26/><G43/><T50/><D97/><U32/><E32/><V41/><F62/><W102/><G71/><T79/><D79/><N who="1" m="44519" /><E113/><V28/><F28/><W119/><G119/><T84/><D84/><AGARI ba="0,0" hai="37,41,44,48,55,57,61,67,69,81,84,90,92,93" machi="84" ten="40,2600,0" yaku="24,2" doraHai="133" who="2" fromWho="0" sc="250,-26,250,0,250,26,250,0" /><INIT seed="1,0,0,0,3,33" ten="224,250,276,250" oya="1" hai0="84,86,129,31,42,36,49,2,85,109,94,38,62" hai1="67,76,96,39,89,45,126,77,25,65,12,9,22" hai2="50,114,117,51,54,5,80,27,91,10,100,19,35" hai3="132,59,134,131,101,74,28,43,90,135,37,108,79"/><U34/><E126/><V26/><F117/><W66/><G101/><T71/><D31/><U68/><E34/><V104/><F114/><W52/><G28/><T44/><D109/><U112/><E112/><V103/><F50/><N who="3" m="31127" /><G90/><T64/><D129/><U111/><E68/><V130/><F130/><W107/><G107/><T15/><D15/><U95/><E45/><V29/><F104/><W63/><G79/><N who="1" m="30282" /><E39/><V113/><F113/><W11/><G11/><T81/><D81/><U128/><E111/><V6/><F6/><W1/><G74/><T92/><REACH who="0" step="1"/><D2/><REACH who="0" ten="214,250,276,250" step="2"/><U102/><E128/><V0/><F27/><W123/><G131/><T48/><D48/><U88/><E12/><V105/><F105/><W121/><G1/><T3/><D3/><U70/><E9/><V30/><F30/><W83/><G83/><T58/><D58/><U73/><E70/><V122/><F122/><W78/><G108/><T47/><D47/><U40/><E40/><V106/><F106/><W87/><G78/><T41/><D41/><U61/><E61/><V93/><F80/><W16/><G43/><T118/><D118/><U119/><E119/><V7/><F7/><W21/><G37/><AGARI ba="0,1" hai="36,37,38,42,44,49,62,64,71,84,85,86,92,94" machi="37" ten="40,1300,0" yaku="1,1,53,0" doraHai="33" doraHaiUra="115" who="0" fromWho="3" sc="214,23,250,0,276,0,250,-13" /><INIT seed="2,0,0,2,3,75" ten="237,250,276,237" oya="2" hai0="90,83,8,78,71,15,19,32,120,98,62,20,5" hai1="50,92,88,33,81,36,97,99,86,1,68,23,40" hai2="0,58,84,126,127,2,24,80,111,77,114,22,125" hai3="87,61,110,91,122,64,124,17,123,74,70,12,53"/><V41/><F114/><W134/><G110/><T26/><D120/><U52/><E33/><V89/><F111/><W10/><G134/><T109/><D109/><U118/><E118/><V67/><F89/><W28/><G74/><T51/><D71/><U48/><E1/><V63/><REACH who="2" step="1"/><F41/><REACH who="2" ten="237,250,266,237" step="2"/><W107/><G122/><T131/><D90/><U121/><E121/><V94/><F94/><W60/><G123/><T34/><D131/><U113/><E113/><V69/><F69/><W76/><G91/><T112/><D112/><U55/><E68/><V106/><F106/><W102/><G107/><T93/><D93/><U7/><E40/><V103/><F103/><W85/><G102/><T65/><D98/><U116/><E116/><V31/><AGARI ba="0,1" hai="0,2,22,24,31,58,63,67,77,80,84,125,126,127" machi="31" ten="30,12000,1" yaku="1,1,0,1,18,1,52,1,53,1" doraHai="75" doraHaiUra="54" who="2" fromWho="2" sc="237,-40,250,-40,266,130,237,-40" /><INIT seed="2,1,0,3,4,19" ten="197,210,396,197" oya="2" hai0="7,64,17,57,90,42,94,66,129,104,69,91,65" hai1="26,130,23,79,101,41,59,86,9,32,111,134,50" hai2="0,46,114,127,22,51,13,15,87,49,75,99,112" hai3="44,109,70,113,125,16,135,54,110,31,77,105,118"/><V67/><F75/><W78/><G118/><T89/><D104/><U71/><E71/><V100/><F0/><W55/><G105/><T12/><D69/><U106/><E9/><V85/><F67/><W119/><G119/><T121/><D121/><U39/><E32/><V96/><F46/><W21/><G70/><T81/><D129/><U30/><E59/><V24/><F24/><W10/><G135/><T76/><D7/><U116/><E50/><V3/><F100/><W11/><G31/><T128/><D42/><U33/><E41/><V133/><F3/><W73/><G125/><T103/><D128/><U80/><E39/><V5/><F5/><W117/><G117/><T126/><D126/><U6/><E6/><V63/><F127/><W82/><G77/><T72/><D103/><U47/><E47/><V108/><F108/><N who="3" m="41579" /><G113/><T97/><REACH who="0" step="1"/><D57/><REACH who="0" ten="187,210,396,197" step="2"/><U83/><E111/><V58/><F58/><W35/><G44/><T60/><D60/><U131/><E116/><V62/><REACH who="2" step="1"/><F133/><REACH who="2" ten="187,210,386,197" step="2"/><W115/><G115/><T14/><D14/><U120/><E134/><V95/><F95/><W84/><G73/><T34/><D34/><U88/><E130/><V48/><F48/><W122/><G35/><T56/><D56/><U61/><E131/><V123/><F123/><W53/><G122/><T98/><D98/><N who="1" m="61751" /><E120/><V45/><F45/><W4/><G4/><T93/><D93/><U27/><E33/><V8/><F8/><AGARI ba="1,2" hai="8,12,17,64,65,66,72,76,81,89,90,91,94,97" machi="8" ten="40,1300,0" yaku="1,1,53,0" doraHai="19" doraHaiUra="37" who="0" fromWho="2" sc="187,36,210,0,386,-16,197,0" /><INIT seed="3,0,0,1,3,87" ten="223,210,370,197" oya="3" hai0="121,45,8,68,115,100,40,19,77,16,41,113,65" hai1="5,71,11,96,103,102,122,30,112,32,124,12,104" hai2="10,2,42,58,59,25,82,1,63,20,109,22,133" hai3="132,114,106,26,57,98,46,135,62,123,95,50,14"/><W0/><G0/><T44/><D100/><U89/><E122/><V61/><F109/><W67/><G106/><T69/><D77/><U134/><E112/><N who="0" m="43081" /><D8/><U74/><E134/><N who="3" m="51242" /><G114/><T93/><D93/><U85/><E124/><V31/><F133/><W78/><G78/><T7/><D7/><U90/><E102/><V3/><F42/><N who="0" m="16490" /><D65/><U116/><E85/><V99/><F99/><W94/><G123/><T97/><D97/><U110/><E110/><V27/><F82/><W51/><G14/><T60/><D60/><U130/><E74/><V83/><F83/><W47/><G26/><T49/><D49/><N who="3" m="18441" /><G94/><T101/><D101/><AGARI ba="0,0" hai="46,47,57,62,67,95,98,101" m="18441,51242" machi="101" ten="30,1500,0" yaku="20,1" doraHai="87" who="3" fromWho="0" sc="223,-15,210,0,370,0,197,15" /><INIT seed="3,1,0,1,1,119" ten="208,210,370,212" oya="3" hai0="33,117,54,20,75,6,35,129,101,51,58,74,98" hai1="108,123,125,72,121,96,92,80,55,66,17,84,87" hai2="60,104,49,48,59,134,56,128,3,57,45,126,14" hai3="31,4,95,37,13,68,16,118,77,103,85,131,109"/><W79/><G118/><T44/><D117/><U27/><E66/><V19/><F3/><W28/><G68/><T111/><D111/><U38/><E38/><V0/><F0/><W32/><G131/><T22/><D129/><U64/><E64/><V69/><F104/><W122/><G109/><T7/><D35/><U70/><E70/><V62/><F128/><W83/><G37/><T113/><D33/><U34/><E108/><V107/><F107/><W43/><G43/><T132/><D132/><U21/><E34/><V63/><F19/><W23/><G122/><T46/><D75/><U29/><E29/><V93/><F93/><W76/><G4/><N who="0" m="1579" /><D74/><U1/><E1/><V65/><F14/><W94/><G32/><T82/><D82/><U36/><E36/><V26/><F26/><W12/><G13/><T112/><D98/><U114/><E72/><V100/><F100/><W18/><G18/><T50/><D101/><U120/><E80/><V24/><F24/><W110/><G110/><T39/><D39/><U73/><E73/><V52/><F126/><W78/><REACH who="3" step="1"/><G103/><REACH who="3" ten="208,210,370,202" step="2"/><T10/><D113/><U135/><E114/><V115/><F115/><W5/><G5/><T30/><D112/><U53/><E135/><V8/><F134/><W88/><G88/><T81/><D30/><AGARI ba="1,1" hai="12,16,23,28,30,31,76,77,78,79,83,85,94,95" machi="30" ten="40,7700,0" yaku="1,1,8,1,54,1,53,0" doraHai="119" doraHaiUra="106" who="3" fromWho="0" sc="208,-80,210,0,370,0,202,90" /><INIT seed="3,2,0,1,2,11" ten="128,210,370,292" oya="3" hai0="52,122,57,53,33,43,9,82,1,120,69,83,70" hai1="13,102,130,10,90,14,119,28,21,45,15,37,95" hai2="4,103,47,108,44,79,25,85,107,66,111,132,87" hai3="84,30,49,94,72,3,38,124,100,48,126,61,8"/><W128/><G38/><T2/><D57/><U125/><E130/><V35/><F132/><W24/><G128/><T117/><D9/><U135/><E135/><V133/><F133/><W65/><G72/><T134/><D134/><U115/><E115/><V55/><F4/><W92/><G3/><T129/><D129/><U105/><E125/><N who="3" m="48234" /><G8/><T75/><D75/><U58/><E119/><V40/><F66/><W22/><G84/><T98/><D98/><U7/><E105/><V114/><F114/><W41/><G41/><T89/><D43/><U62/><E102/><V88/><F79/><W116/><G116/><T101/><D101/><U59/><E59/><V26/><F55/><W34/><G34/><T63/><D33/><U93/><E45/><V97/><F85/><W113/><G113/><T54/><D89/><U110/><E37/><V118/><F47/><W74/><G74/><T109/><D117/><U18/><E90/><V77/><F77/><W20/><G20/><T91/><D91/><U51/><E58/><V71/><F71/><N who="3" m="42415" /><G94/><T60/><REACH who="0" step="1"/><D54/><REACH who="0" ten="118,210,370,292" step="2"/><U42/><E42/><V6/><F118/><W127/><G127/><T99/><D99/><AGARI ba="2,1" hai="22,24,30,48,49,92,99,100" m="42415,48234" machi="99" ten="30,1500,0" yaku="18,1" doraHai="11" who="3" fromWho="0" sc="118,-21,210,0,370,0,292,31" /><INIT seed="3,3,0,1,5,26" ten="97,210,370,323" oya="3" hai0="61,44,128,3,10,8,41,63,86,101,54,84,22" hai1="45,107,126,11,27,9,133,77,18,16,94,95,73" hai2="42,32,48,39,74,59,20,132,60,7,78,29,75" hai3="72,40,113,134,55,17,53,125,80,49,24,79,67"/><W33/><G113/><T28/><D128/><U31/><E107/><V1/><F20/><W118/><G118/><T100/><D3/><U97/><E126/><V0/><F48/><W19/><G125/><T114/><D114/><U123/><E133/><V81/><F59/><W58/><G134/><T135/><D135/><U124/><E123/><V111/><F132/><W90/><G40/><T68/><D68/><U106/><E106/><V71/><F111/><W51/><G67/><T105/><D105/><U103/><E124/><V38/><F74/><W102/><G90/><T85/><D41/><U69/><E69/><V56/><F56/><W93/><G93/><T13/><D44/><U36/><E77/><V14/><F14/><W110/><G102/><N who="0" m="39531" /><D54/><U91/><E73/><V70/><F70/><W37/><G37/><N who="2" m="13833" /><F7/><W76/><G76/><T109/><D109/><U122/><E45/><V4/><F4/><W117/><G110/><T5/><D10/><U92/><E36/><V99/><F99/><W116/><G116/><T129/><D129/><U25/><E95/><V127/><F42/><W65/><G117/><T34/><D34/><U66/><E66/><N who="2" m="41415" /><F127/><W120/><G65/><T108/><D108/><U87/><E122/><V57/><F57/><N who="3" m="32943" /><G120/><T89/><D89/><U21/><REACH who="1" step="1"/><E18/><REACH who="1" ten="97,200,370,323" step="2"/><V115/><F115/><W88/><G79/><T15/><D28/><U43/><E43/><V50/><F50/><W112/><G72/><T62/><D63/><U47/><E47/><V12/><F12/><W82/><G112/><T98/><D98/><U52/><E52/><V119/><F119/><RYUUKYOKU ba="3,1" sc="97,10,200,10,370,10,323,-30" hai0="5,8,13,15,22,61,62,84,85,86" hai1="9,11,16,21,25,27,31,87,91,92,94,97,103" hai2="0,1,29,32,75,78,81" /><INIT seed="4,4,1,2,4,53" ten="107,210,380,293" oya="0" hai0="18,87,2,109,7,55,5,86,44,110,73,88,58" hai1="51,42,48,132,133,93,77,80,69,59,52,31,91" hai2="78,82,96,21,117,10,9,32,15,49,60,26,116" hai3="115,22,106,81,134,67,94,107,62,104,33,37,66"/><T20/><D73/><U76/><E69/><V27/><F96/><W13/><G33/><T72/><D72/><U25/><E42/><V120/><F60/><W3/><G3/><T74/><D74/><U124/><E124/><V38/><F38/><W131/><G37/><T103/><D103/><U41/><E80/><V84/><F120/><W8/><G81/><N who="0" m="49263" /><D44/><U129/><E129/><V68/><F68/><W102/><G131/><T89/><D2/><U28/><E28/><V71/><F71/><W113/><G134/><T11/><D11/><U29/><E29/><V24/><F32/><W108/><G22/><T14/><D110/><U90/><E77/><V123/><F123/><W45/><G45/><T70/><D70/><U119/><E76/><V1/><F1/><W43/><G108/><T135/><D135/><U4/><E132/><V75/><F75/><W125/><G102/><T54/><D55/><U40/><E133/><V34/><F34/><W85/><G43/><T61/><D109/><U64/><E41/><V16/><REACH who="2" step="1"/><F49/><REACH who="2" ten="107,210,370,293" step="2"/><W12/><G62/><T101/><D101/><U127/><E48/><V95/><F95/><AGARI ba="4,2" hai="5,7,14,18,20,54,58,61,86,89,95" m="49263" machi="95" ten="30,5800,0" yaku="8,1,52,1,54,1" doraHai="53" who="0" fromWho="2" sc="107,90,210,0,370,-70,293,0" /><INIT seed="4,5,0,2,0,26" ten="197,210,300,293" oya="0" hai0="80,101,32,66,112,114,44,79,8,64,113,86,96" hai1="100,72,28,84,52,20,17,45,117,123,76,46,18" hai2="51,102,22,21,75,78,133,4,99,122,39,5,38" hai3="116,94,69,130,105,110,59,129,118,9,43,132,2"/><T36/><D32/><U92/><E123/><V12/><F122/><W15/><G69/><T60/><D8/><U85/><E117/><N who="3" m="45162" /><G105/><T23/><D23/><U81/><E72/><V63/><F75/><W97/><G43/><N who="0" m="22631" /><D60/><U119/><E46/><V131/><F78/><W89/><G59/><T27/><D27/><N who="1" m="16487" /><E119/><V57/><F39/><W31/><G2/><T74/><D74/><U68/><E68/><V124/><F38/><W7/><G110/><T53/><D53/><U109/><E109/><V82/><F82/><W55/><G55/><T25/><D25/><U33/><E33/><V73/><F73/><W90/><G31/><T16/><D16/><U125/><E52/><V24/><F51/><W98/><G9/><T62/><D62/><U56/><E56/><V87/><F63/><W61/><G61/><T121/><D121/><U37/><E45/><V6/><F57/><W19/><G19/><T35/><D35/><U11/><E18/><V104/><F4/><W65/><G7/><T29/><D29/><U115/><E17/><V30/><F30/><W108/><G108/><T34/><D34/><U54/><E54/><V3/><F5/><W134/><G15/><T0/><D0/><U14/><E14/><V58/><F12/><W126/><G65/><T41/><D41/><U127/><E11/><V71/><F6/><W103/><G89/><T106/><AGARI ba="5,0" hai="64,66,79,80,86,96,101,106,112,113,114" m="22631" machi="106" ten="30,1500,0" yaku="15,1" doraHai="26" who="0" fromWho="0" sc="197,30,210,-10,300,-10,293,-10" /><INIT seed="4,6,0,1,2,124" ten="227,200,290,283" oya="0" hai0="105,20,9,90,97,14,81,5,49,48,82,3,92" hai1="0,47,13,33,76,52,87,35,127,133,96,12,1" hai2="84,32,78,102,115,95,51,117,68,129,6,103,134" hai3="57,116,66,30,26,125,91,69,16,123,23,24,53"/><T34/><D34/><U15/><E127/><V80/><F68/><W64/><G125/><T39/><D39/><U104/><E133/><V44/><F32/><W79/><G116/><T58/><D105/><U8/><E8/><V73/><F115/><W85/><G79/><T114/><D114/><U88/><E76/><V31/><F31/><W10/><G69/><T46/><D3/><U135/><E135/><V107/><F134/><W126/><G123/><T93/><D93/><U67/><E67/><V112/><F112/><W130/><G130/><T45/><D58/><U70/><E35/><V2/><F129/><W50/><G126/><T25/><D49/><U55/><E33/><V41/><F117/><W19/><G30/><T86/><D48/><U128/><E128/><V22/><F22/><N who="3" m="13407" /><G10/><T101/><REACH who="0" step="1"/><D82/><AGARI ba="6,0" hai="16,23,26,50,53,57,64,66,82,85,91" m="13407" machi="82" ten="30,2000,0" yaku="8,1,54,1" doraHai="124" who="3" fromWho="0" sc="227,-38,200,0,290,0,283,38" /><INIT seed="5,0,0,2,4,71" ten="189,200,290,321" oya="1" hai0="55,22,69,89,13,14,19,8,20,5,95,115,107" hai1="59,51,111,21,96,79,61,134,62,101,124,54,91" hai2="3,29,26,114,87,133,77,11,130,23,36,15,135" hai3="121,60,116,31,66,105,93,43,104,94,63,52,129"/><U109/><E124/><V18/><F77/><W42/><G121/><T108/><D108/><U10/><E134/><N who="2" m="51211" /><F87/><W57/><G116/><T127/><D69/><U68/><E79/><V112/><F36/><W90/><G129/><T113/><D107/><U47/><E91/><V72/><F72/><W33/><G105/><T119/><D55/><U9/><E68/><V41/><F41/><W38/><G104/><T82/><D82/><U132/><E132/><V80/><F80/><W92/><G90/><T84/><D127/><U100/><E62/><V49/><F49/><W73/><G73/><T37/><D119/><U27/><E109/><V17/><F3/><W74/><G74/><T32/><D32/><U131/><E131/><V40/><F40/><W103/><G103/><N who="1" m="39498" /><E96/><V44/><F44/><W64/><G60/><T6/><D37/><U53/><E111/><V2/><F2/><W126/><G126/><T88/><D89/><U70/><E70/><V0/><F0/><W34/><G38/><T48/><D48/><U120/><E120/><V110/><F110/><W28/><G43/><T78/><D78/><U4/><E4/><N who="2" m="3559" /><F130/><W67/><REACH who="3" step="1"/><G42/><REACH who="3" ten="189,200,290,311" step="2"/><T86/><D86/><U58/><E47/><V25/><F25/><W12/><G12/><T24/><REACH who="0" step="1"/><D6/><REACH who="0" ten="179,200,290,311" step="2"/><U117/><E117/><V123/><F123/><W118/><G118/><T39/><D39/><U46/><E46/><V106/><F106/><W76/><G76/><T75/><D75/><U7/><E7/><V85/><F85/><W98/><G98/><T50/><D50/><U56/><E56/><V125/><F125/><RYUUKYOKU ba="0,2" sc="179,0,200,0,290,0,311,0" hai0="5,8,13,14,19,20,22,24,84,88,95,113,115" hai1="9,10,21,27,51,53,54,58,59,61" hai2="17,18,23,26,29,112,114" hai3="28,31,33,34,52,57,63,64,66,67,92,93,94" /><INIT seed="5,1,2,1,3,118" ten="179,200,290,311" oya="1" hai0="38,107,82,2,99,109,122,30,75,20,124,18,121" hai1="93,113,65,26,52,111,44,130,76,45,80,35,119" hai2="69,60,62,117,132,71,83,34,1,102,8,32,123" hai3="12,55,96,135,94,90,42,95,114,21,19,9,3"/><U129/><E113/><V17/><F117/><W50/><G114/><T67/><D109/><U105/><E105/><V72/><F17/><W10/><G135/><T40/><D67/><U4/><E119/><V46/><F132/><W63/><G3/><T91/><D30/><U23/><E35/><V88/><F88/><N who="3" m="55367" /><G63/><T87/><D2/><U73/><E4/><V58/><F58/><N who="3" m="33143" /><G42/><T78/><D124/><U92/><E65/><N who="2" m="41127" /><F102/><W54/><G54/><T79/><D40/><U131/><E111/><V24/><F24/><W7/><G7/><T101/><D38/><U25/><E25/><V74/><F46/><N who="1" m="18025" /><E52/><V86/><F86/><AGARI ba="1,2" hai="9,10,12,19,21,86,90,95" m="33143,55367" machi="86" ten="30,3900,0" yaku="25,1,8,1,54,1" doraHai="118" who="3" fromWho="2" sc="179,0,200,0,290,-42,311,62" /><INIT seed="6,0,0,2,2,102" ten="179,200,248,373" oya="2" hai0="126,17,41,32,53,15,88,93,29,124,18,28,40" hai1="42,9,3,58,72,47,4,16,30,64,83,119,46" hai2="74,73,112,134,8,86,51,61,121,55,123,63,27" hai3="113,26,67,92,6,118,31,7,81,109,114,108,20"/><V133/><F27/><W45/><G118/><T44/><D53/><U82/><E119/><V39/><F8/><W71/><G92/><T68/><D68/><U132/><E132/><N who="2" m="50795" /><F86/><W103/><G103/><T48/><D41/><U77/><E30/><V66/><F74/><W34/><G81/><T89/><D18/><U2/><E2/><V79/><F79/><W100/><G100/><T12/><D15/><U130/><E130/><V87/><F87/><W10/><G45/><T23/><D89/><U135/><E135/><V94/><F94/><W127/><G6/><T122/><D122/><N who="2" m="46602" /><F73/><W101/><G10/><T110/><D110/><U70/><E16/><V19/><F19/><W96/><G7/><T107/><D107/><U35/><E82/><V97/><F97/><W84/><G84/><T62/><D62/><N who="2" m="23562" /><F112/><W54/><G26/><T37/><D32/><U43/><E35/><V117/><F117/><W131/><G34/><T33/><D33/><U80/><E72/><V129/><F39/><W50/><G114/><T22/><D37/><U21/><E80/><V1/><F1/><W49/><G113/><T13/><D13/><U52/><E83/><V59/><F129/><W90/><G131/><T69/><D23/><U24/><E21/><V14/><F14/><W78/><G20/><T25/><D69/><U95/><E70/><V99/><F99/><W76/><G96/><N who="0" m="57383" /><D12/><U38/><E95/><V128/><F128/><W111/><G111/><T116/><D116/><U106/><E24/><V85/><F85/><W56/><G109/><T60/><D60/><N who="1" m="37911" /><E3/><V120/><F120/><RYUUKYOKU ba="0,0" sc="179,15,200,-15,248,15,373,-15" hai0="17,22,25,28,29,40,44,48,124,126" hai2="51,55,59,66" /><INIT seed="6,1,0,2,3,50" ten="194,185,263,358" oya="2" hai0="110,92,89,22,71,103,114,85,24,113,18,49,30" hai1="33,94,133,84,55,77,128,112,82,98,1,118,91" hai2="75,120,57,62,21,73,37,125,122,48,12,76,63" hai3="72,88,35,61,7,20,47,67,134,8,106,5,93"/><V83/><F37/><W59/><G35/><T131/><D110/><U117/><E1/><V15/><F21/><W126/><G106/><T81/><D71/><U0/><E0/><V52/><F125/><W129/><G126/><T132/><D132/><U42/><E133/><V10/><F73/><W80/><G134/><T27/><D131/><U87/><E33/><V19/><REACH who="2" step="1"/><F12/><REACH who="2" ten="194,185,253,358" step="2"/><W38/><G72/><T11/><D114/><U107/><E112/><V29/><F29/><W9/><G20/><T16/><D113/><U78/><E128/><V86/><F86/><W101/><G129/><T95/><D30/><U119/><E87/><V25/><F25/><W43/><G38/><T90/><D27/><U44/><E117/><V2/><F2/><W51/><G8/><T26/><D26/><U53/><E118/><V31/><F31/><W97/><G9/><T41/><D11/><U99/><E119/><V130/><F130/><W70/><G70/><T135/><D135/><U32/><E32/><V79/><F79/><W17/><G17/><T111/><D18/><U116/><E116/><V108/><F108/><W121/><G121/><AGARI ba="1,1" hai="10,15,19,48,52,57,62,63,75,76,83,120,121,122" machi="121" ten="40,7700,0" yaku="1,1,52,1,54,1,53,0" doraHai="50" doraHaiUra="3" who="2" fromWho="3" sc="194,0,185,0,253,90,358,-80" /><INIT seed="6,2,0,3,3,13" ten="194,185,343,278" oya="2" hai0="89,84,123,57,72,45,125,35,126,119,69,66,59" hai1="134,54,24,5,128,12,81,56,65,64,113,131,19" hai2="8,44,38,36,103,42,75,62,96,100,77,83,37" hai3="122,76,61,68,27,49,101,99,124,14,94,127,28"/><V30/><F103/><W17/><G76/><T116/><D35/><U9/><E113/><V23/><F62/><W58/><G68/><T46/><D72/><U0/><E134/><V71/><F71/><W97/><G122/><T34/><D34/><U18/><E81/><V67/><F67/><W51/><G97/><T132/><D89/><U129/><E24/><V53/><F53/><W109/><G109/><T43/><D84/><U6/><E6/><V92/><F30/><W4/><G4/><T120/><D69/><U48/><REACH who="1" step="1"/><E18/><REACH who="1" ten="194,175,343,278" step="2"/><V25/><F25/><W26/><G26/><T117/><D132/><U55/><E55/><V52/><F52/><N who="3" m="33991" /><G27/><T118/><D119/><U79/><E79/><V102/><F23/><AGARI ba="2,1" hai="0,5,9,12,19,23,48,54,56,64,65,128,129,131" machi="23" ten="40,8000,1" yaku="1,1,19,1,52,1,53,1" doraHai="13" doraHaiUra="33" who="1" fromWho="2" sc="194,0,175,96,343,-86,278,0" /><INIT seed="7,0,0,3,3,107" ten="194,271,257,278" oya="3" hai0="0,92,46,41,126,22,42,105,84,15,132,10,62" hai1="26,110,23,18,9,100,130,53,131,90,27,77,44" hai2="129,75,89,85,3,63,8,69,120,88,66,71,33" hai3="122,133,124,1,56,115,6,35,68,13,121,74,134"/><W60/><G35/><T114/><D105/><U45/><E110/><V11/><F33/><W87/><G1/><T118/><D0/><U108/><E108/><V106/><F106/><W37/><G37/><T54/><D126/><U30/><E100/><V109/><F109/><W48/><G124/><T55/><D132/><N who="3" m="50793" /><G115/><T86/><D118/><U47/><E53/><V112/><F112/><W81/><G68/><T94/><D114/><U111/><E111/><V65/><F129/><W70/><G70/><T128/><D22/><U83/><E90/><V79/><F120/><W96/><G96/><T43/><D128/><U5/><E5/><V101/><F101/><W29/><G29/><T97/><D97/><U51/><E51/><V32/><F32/><W38/><G38/><T78/><D78/><U95/><E30/><V127/><F127/><W67/><G48/><T4/><D46/><U57/><E45/><V40/><F40/><W58/><G58/><T17/><D4/><U52/><E57/><V104/><F104/><W119/><G119/><T123/><D123/><U98/><E47/><V2/><F85/><N who="0" m="32874" /><D62/><U73/><E44/><V102/><F79/><N who="3" m="44279" /><G87/><T14/><D94/><U12/><E95/><V61/><F102/><W34/><G34/><T24/><D92/><U16/><E98/><V117/><F117/><W49/><G49/><T93/><D93/><U103/><E103/><V50/><F50/><W19/><G6/><N who="0" m="3543" /><D24/><U116/><E116/><V72/><AGARI ba="0,0" hai="2,3,8,11,61,63,65,66,69,71,72,75,88,89" machi="72" ten="25,12000,2" yaku="0,1,22,2,52,2,54,1" doraHai="107" who="2" fromWho="2" sc="194,-30,271,-30,257,120,278,-60" owari="164,-33.6,241,4.1,377,47.7,218,-18.2" /></mjloggm>