<mjloggm ver="2.3"><GO type="41" lobby="0"/><UN n0="%E3%81%AF%E3%82%8A%E3%83%BC%33%31%34%31" n1="%53%68%69%6E%43%68%69" n2="%E2%93%9D%4C%75%63%6B%79%4A" n3="%6E%65%67%69%31%32%31%31" dan="15,14,17,16" rate="2045.38,1854.21,2159.64,2061.11" sx="M,M,M,M"/><TAIKYOKU oya="0"/><INIT seed="0,0,0,2,3,0" ten="250,250,250,250" oya="0" hai0="49,14,134,48,82,35,87,36,130,97,11,39,4" hai1="54,20,8,127,112,100,104,40,124,98,93,129,45" hai2="88,77,42,17,22,65,113,119,108,123,26,118,25" hai3="72,90,12,103,126,96,107,101,109,125,105,79,68"/><T121/><D35/><U1/><E112/><V56/><F77/><W18/><G68/><T52/><D49/><U132/><E54/><V59/><F123/><W44/><G44/><T57/><D121/><U135/><E20/><V66/><F108/><W55/><G55/><T64/><D130/><U37/><E93/><V110/><F110/><W30/><G30/><T29/><D29/><U102/><E100/><V76/><F76/><W19/><G12/><T63/><D97/><U73/><E73/><V46/><F113/><W6/><G109/><T60/><D60/><U89/><E89/><V71/><F26/><W128/><G128/><T62/><D62/><U33/><E33/><V69/><F71/><W38/><G38/><T75/><D75/><U115/><E115/><V23/><F23/><W53/><G53/><T92/><D92/><U21/><E21/><V117/><F88/><W106/><G90/><T16/><D134/><N who="1" m="51243" /><E129/><V84/><F84/><W70/><G70/><T81/><D87/><U74/><E74/><V31/><F31/><W34/><G34/><T85/><D85/><U43/><E43/><V15/><F25/><W114/><G114/><T83/><REACH who="0" step="1"/><D16/><REACH who="0" ten="240,250,250,250" step="2"/><N who="3" m="6185" /><G96/><T78/><D78/><U13/><E98/><V27/><F27/><W50/><G50/><T120/><D120/><U86/><E86/><V122/><F122/><W99/><G99/><T91/><D91/><U61/><E61/><N who="2" m="40143" /><F65/><W5/><G79/><T2/><D2/><U131/><E1/><V58/><F42/><W94/><G72/><T67/><D67/><U133/><E131/><V32/><F32/><RYUUKYOKU ba="0,1" sc="240,15,250,-15,250,15,250,-15" hai0="4,11,14,36,39,48,52,57,63,64,81,82,83" hai2="15,17,22,46,56,58,59,117,118,119" /><INIT seed="0,1,1,1,2,113" ten="255,235,265,235" oya="0" hai0="2,54,0,43,39,69,3,129,9,58,38,101,16" hai1="37,102,41,124,100,1,94,74,42,108,99,27,80" hai2="133,87,125,127,51,5,112,122,77,13,12,44,66" hai3="93,103,86,67,92,26,95,20,75,25,47,56,84"/><T131/><D69/><U78/><E108/><V23/><F112/><W115/><G115/><T128/><D101/><U53/><E1/><V45/><F122/><W15/><G75/><T97/><D97/><U59/><E37/><V126/><F66/><W11/><G47/><T52/><D43/><U4/><E4/><V123/><F123/><W76/><G103/><T135/><D135/><U119/><E124/><V33/><F33/><W22/><G67/><T17/><D9/><U14/><E14/><V6/><F45/><W83/><G56/><T88/><D88/><U19/><E102/><V71/><F71/><W106/><G86/><T117/><D117/><U10/><E10/><V114/><F114/><W57/><G57/><T62/><D54/><U107/><E119/><V91/><F77/><W118/><G118/><T7/><D7/><N who="2" m="2570" /><F23/><N who="3" m="8747" /><G106/><T64/><D64/><U18/><E27/><N who="3" m="10250" /><G15/><T120/><D120/><U61/><REACH who="1" step="1"/><E107/><REACH who="1" ten="255,225,265,235" step="2"/><V49/><F13/><W109/><G109/><T121/><D121/><U116/><E116/><V104/><F12/><W105/><G105/><T65/><D65/><U50/><E50/><V134/><F104/><W85/><G11/><T48/><D48/><N who="2" m="18506" /><F44/><W68/><G68/><T40/><D40/><AGARI ba="1,2" hai="18,19,40,41,42,53,59,61,74,78,80,94,99,100" machi="40" ten="40,2600,0" yaku="1,1,53,1" doraHai="113" doraHaiUra="90" who="1" fromWho="0" sc="255,-29,225,49,265,0,235,0" /><INIT seed="1,0,0,5,3,104" ten="226,274,265,235" oya="1" hai0="17,113,109,23,124,13,30,133,114,32,117,41,69" hai1="54,53,16,77,85,110,26,7,72,127,52,93,5" hai2="0,64,59,45,71,88,116,118,120,123,108,6,68" hai3="63,76,66,12,51,111,34,92,20,121,105,47,42"/><U44/><E72/><V102/><F6/><N who="1" m="2057" /><E127/><V122/><F102/><W73/><G105/><T38/><D69/><N who="2" m="26698" /><F0/><W8/><G34/><T4/><D117/><N who="2" m="45162" /><F88/><W19/><G121/><T75/><D124/><U9/><E110/><V99/><F99/><W74/><G76/><T27/><D109/><U70/><E70/><V62/><F45/><W61/><G111/><AGARI ba="0,0" hai="59,62,64,108,111,120,122,123" m="45162,26698" machi="111" ten="40,2600,0" yaku="34,2" doraHai="104" who="2" fromWho="3" sc="226,0,274,0,265,26,235,-26" /><INIT seed="2,0,0,2,3,92" ten="226,274,291,209" oya="2" hai0="42,14,57,2,125,58,6,30,101,91,26,43,107" hai1="89,115,28,40,90,8,102,50,33,9,97,128,52" hai2="93,10,74,114,108,105,49,29,35,20,55,59,126" hai3="135,95,31,94,131,122,127,61,27,87,48,36,76"/><V0/><F105/><W34/><G122/><T3/><D125/><U132/><E115/><V1/><F114/><W83/><G127/><T111/><D111/><U63/><E40/><V134/><F126/><W103/><G36/><T32/><D14/><U65/><E33/><V4/><F74/><W46/><G135/><T22/><D32/><U18/><E132/><V109/><F134/><W62/><G131/><T124/><D91/><U106/><E28/><V23/><F1/><W96/><REACH who="3" step="1"/><G94/><REACH who="3" ten="226,274,291,199" step="2"/><T11/><D124/><U7/><E128/><V130/><F130/><W13/><G13/><T82/><D3/><U88/><E7/><V81/><F93/><W78/><G78/><T73/><D43/><AGARI ba="0,1" hai="27,31,34,43,46,48,61,62,76,83,87,95,96,103" machi="43" ten="30,3900,0" yaku="1,1,7,1,52,1,53,0" doraHai="92" doraHaiUra="85" who="3" fromWho="0" sc="226,-39,274,0,291,0,199,49" /><INIT seed="3,0,0,2,4,26" ten="187,274,291,248" oya="3" hai0="4,47,37,105,108,111,54,110,114,60,70,101,92" hai1="126,115,116,31,35,81,119,55,82,39,134,79,89" hai2="117,135,120,129,72,22,103,28,83,133,99,56,97" hai3="13,49,24,66,73,69,112,87,30,46,48,122,12"/><W14/><G112/><T17/><D105/><U104/><E39/><V59/><F117/><W2/><G122/><T75/><D75/><U51/><E104/><V27/><F120/><W63/><G73/><T61/><D4/><U127/><E115/><V80/><F129/><W121/><G121/><T113/><D17/><U100/><E100/><V33/><F33/><W67/><G67/><N who="0" m="41319" /><D92/><U91/><E51/><V57/><F72/><W74/><G74/><T43/><D101/><U86/><E55/><V40/><F40/><W9/><G87/><T109/><N who="0" m="27648" /><DORA hai="3" /><T44/><D44/><U1/><E1/><V7/><F7/><W123/><G123/><T42/><D42/><U77/><E35/><V96/><REACH who="2" step="1"/><F103/><REACH who="2" ten="187,274,281,248" step="2"/><W58/><G46/><T88/><D88/><U98/><E86/><V50/><F50/><W62/><G48/><T90/><D90/><U76/><E76/><V32/><F32/><W95/><G49/><T18/><D18/><U16/><E16/><V25/><F25/><W94/><G24/><T71/><D114/><U68/><E98/><V118/><F118/><W19/><G19/><T107/><D113/><U34/><E34/><V36/><F36/><W10/><G30/><T5/><D5/><U21/><E116/><V93/><F93/><W11/><REACH who="3" step="1"/><G2/><REACH who="3" ten="187,274,281,238" step="2"/><T52/><D107/><U6/><E119/><V78/><F78/><W29/><G29/><T128/><D128/><U124/><E31/><V45/><F45/><W41/><G41/><T53/><D61/><U0/><E79/><V130/><F130/><W64/><AGARI ba="0,2" hai="9,10,11,12,13,14,58,62,63,64,66,69,94,95" machi="64" ten="40,3900,0" yaku="1,1,0,1,53,0" doraHai="26,3" doraHaiUra="132,38" who="3" fromWho="3" sc="187,-13,274,-13,281,-13,238,59" /><INIT seed="3,1,0,3,5,39" ten="174,261,268,297" oya="3" hai0="86,60,129,104,17,35,38,99,81,101,103,96,5" hai1="36,63,72,51,77,122,62,19,100,120,133,56,40" hai2="32,52,8,75,14,31,105,26,68,23,29,66,64" hai3="111,118,2,109,57,134,80,16,124,34,69,91,49"/><W97/><G118/><T88/><D35/><U28/><E100/><V78/><F105/><W89/><G2/><T82/><D38/><U18/><E28/><V1/><F68/><W33/><G69/><T135/><D5/><U58/><E77/><V24/><F75/><W128/><G124/><T112/><D129/><U108/><E19/><V102/><F78/><W95/><G134/><T54/><D135/><U74/><E74/><V22/><F102/><W67/><G128/><T4/><D4/><U94/><E94/><V12/><F52/><N who="3" m="31887" /><G67/><T30/><D30/><U20/><E72/><V131/><F66/><W92/><G80/><N who="0" m="49223" /><D17/><U114/><E36/><V15/><F64/><W76/><G76/><T130/><D130/><U121/><E133/><V110/><F110/><N who="3" m="41995" /><G16/><T123/><D123/><U41/><E108/><V44/><F131/><W83/><G83/><N who="0" m="31755" /><D112/><U70/><E114/><V55/><F32/><W85/><AGARI ba="1,0" hai="33,34,85,89,91,92,95,97" m="41995,31887" machi="85" ten="30,6000,0" yaku="14,1,10,1,54,1" doraHai="39" who="3" fromWho="3" sc="174,-21,261,-21,268,-21,297,63" /><INIT seed="3,2,0,1,4,111" ten="153,240,247,360" oya="3" hai0="11,43,63,23,130,103,55,85,20,104,93,89,132" hai1="38,73,112,14,123,95,39,69,96,3,71,92,19" hai2="34,122,119,5,128,121,108,60,1,134,52,133,54" hai3="70,18,117,110,53,75,47,129,91,10,56,17,61"/><W50/><G117/><T45/><D130/><U35/><E123/><N who="2" m="47115" /><F108/><W72/><G129/><T99/><D132/><N who="2" m="50794" /><F128/><W22/><G110/><T80/><D11/><U100/><E3/><V42/><F34/><W57/><G57/><T9/><D9/><U12/><E73/><V49/><F5/><W59/><G59/><T15/><D15/><U94/><E35/><V67/><F1/><W76/><G76/><T116/><D116/><U81/><E81/><V114/><F114/><W87/><G10/><T97/><D63/><U28/><E28/><V88/><F88/><W68/><G75/><T66/><D55/><U41/><E112/><V51/><F42/><W113/><G72/><T4/><D66/><U126/><E41/><V8/><F8/><W120/><G113/><T77/><REACH who="0" step="1"/><D4/><REACH who="0" ten="143,240,247,360" step="2"/><U29/><E14/><V33/><F119/><W24/><G120/><T86/><D86/><U44/><E12/><V21/><F33/><W37/><G61/><T115/><D115/><U64/><E64/><V32/><F32/><W79/><G87/><T26/><D26/><U31/><E96/><V74/><F74/><W2/><G24/><T131/><D131/><U0/><E100/><V16/><F67/><W48/><G53/><N who="2" m="20585" /><F60/><W46/><G22/><T105/><D105/><U83/><E71/><V118/><F118/><W65/><G68/><T62/><D62/><U13/><E69/><V106/><F106/><W107/><G70/><T58/><D58/><U98/><E13/><AGARI ba="2,1" hai="13,16,21,49,51" m="20585,50794,47115" machi="13" ten="30,7700,0" yaku="13,1,20,1,54,2" doraHai="111" who="2" fromWho="1" sc="143,0,240,-83,247,93,360,0" /><INIT seed="4,0,0,5,3,26" ten="143,157,340,360" oya="0" hai0="14,128,89,43,83,41,46,52,6,12,8,77,45" hai1="102,124,31,33,129,10,5,107,82,55,40,23,71" hai2="0,59,56,22,51,58,122,42,70,64,30,106,105" hai3="119,90,114,25,29,15,121,130,97,95,50,85,117"/><T7/><D128/><U94/><E71/><V34/><F0/><W38/><G38/><T17/><D89/><U87/><E33/><V57/><F34/><W93/><G114/><T73/><D52/><U48/><E107/><V66/><F122/><W37/><G37/><T103/><D103/><U98/><E129/><V78/><F78/><W101/><G121/><T81/><D81/><U1/><E40/><V36/><F106/><W63/><G130/><T54/><D54/><U96/><E98/><V75/><F75/><W20/><G50/><T104/><D104/><U133/><E133/><V132/><F132/><W60/><G15/><T47/><REACH who="0" step="1"/><D7/><REACH who="0" ten="133,157,340,360" step="2"/><U61/><E124/><V113/><F105/><W3/><G63/><T112/><D112/><U92/><E61/><V118/><F113/><W86/><G101/><T120/><D120/><U65/><E92/><V53/><F53/><W91/><G60/><T68/><D68/><U79/><E65/><V72/><F66/><W110/><G91/><T62/><D62/><U74/><E55/><V108/><F64/><W18/><G93/><T67/><D67/><U11/><E5/><V9/><F59/><W2/><G90/><T115/><D115/><U126/><E102/><V84/><F58/><W116/><G95/><T134/><D134/><U69/><E94/><V44/><F57/><W88/><G88/><T4/><D4/><U76/><E69/><V127/><F56/><W125/><G117/><T99/><D99/><U111/><E96/><V21/><F70/><W80/><G116/><T123/><D123/><U39/><E82/><RYUUKYOKU ba="0,1" sc="133,30,157,-10,340,-10,360,-10" hai0="6,8,12,14,17,41,43,45,46,47,73,77,83" /><INIT seed="4,1,1,1,3,127" ten="163,147,330,350" oya="0" hai0="66,60,94,10,54,102,76,120,52,96,6,108,42" hai1="26,103,72,62,47,11,4,121,82,128,131,36,8" hai2="125,32,81,114,99,41,123,12,56,70,57,18,61" hai3="110,45,89,30,51,65,84,17,111,73,95,112,106"/><T43/><D120/><U9/><E103/><V109/><F32/><W77/><G65/><T29/><D76/><N who="1" m="44295" /><E62/><V86/><F109/><W40/><G112/><T67/><D108/><U1/><E26/><V98/><F125/><W101/><G30/><T118/><D118/><U27/><E27/><V35/><F70/><W88/><G89/><T104/><D104/><U92/><E92/><V46/><F35/><W39/><G39/><T14/><D29/><U50/><E50/><N who="2" m="26959" /><F114/><W19/><G17/><T3/><D3/><U80/><E80/><V64/><F57/><W53/><G40/><N who="0" m="15403" /><D60/><U97/><E97/><V134/><F134/><W2/><G2/><T22/><D22/><U5/><E47/><V7/><F123/><W75/><G75/><T74/><D74/><U132/><E36/><V58/><F58/><W49/><G49/><T117/><D117/><U71/><E71/><V69/><F69/><W119/><G119/><T91/><D102/><U55/><E55/><AGARI ba="1,1" hai="6,10,14,52,54,55,66,67,91,94,96" m="15403" machi="55" ten="30,2900,0" yaku="8,1,54,1" doraHai="127" who="0" fromWho="1" sc="163,42,147,-32,330,0,350,0" /><INIT seed="4,2,0,3,1,99" ten="205,115,330,350" oya="0" hai0="128,1,58,131,77,84,46,31,42,65,82,102,120" hai1="53,96,52,103,125,60,9,83,115,12,25,89,100" hai2="109,91,113,54,118,13,24,38,40,45,105,7,18" hai3="55,41,26,8,80,14,132,66,29,135,94,19,33"/><T95/><D1/><U10/><E125/><V62/><F105/><W43/><G66/><T124/><D120/><U114/><E25/><V78/><F78/><W104/><G104/><T122/><D122/><U37/><E37/><V112/><F109/><W111/><G111/><T36/><D31/><U23/><E23/><V56/><F91/><W74/><G55/><N who="1" m="21066" /><E60/><V32/><F7/><W61/><G61/><T107/><D124/><U69/><E69/><V21/><F118/><W64/><G64/><T90/><D58/><U51/><E51/><V72/><F72/><W121/><G121/><T47/><D47/><U127/><E127/><V70/><F70/><W34/><G34/><T87/><REACH who="0" step="1"/><D65/><REACH who="0" ten="195,115,330,350" step="2"/><U28/><E28/><V3/><F3/><W98/><G132/><T50/><D50/><U59/><E59/><V57/><F57/><W6/><G135/><T130/><D130/><U15/><E83/><V17/><F32/><W67/><G67/><T48/><D48/><U0/><E0/><V2/><F2/><W71/><G71/><T101/><D101/><N who="1" m="38987" /><E89/><V11/><AGARI ba="2,1" hai="11,13,17,18,21,24,38,40,45,54,56,62,112,113" machi="11" ten="30,1100,0" yaku="0,1" doraHai="99" who="2" fromWho="2" sc="195,-7,115,-5,330,27,350,-5" /><INIT seed="5,0,0,3,3,133" ten="188,110,357,345" oya="1" hai0="53,2,76,34,21,12,97,61,23,72,125,9,51" hai1="66,98,128,121,68,13,43,55,112,63,80,65,18" hai2="27,24,32,69,82,132,38,52,118,134,100,56,91" hai3="3,47,130,120,64,8,7,126,26,74,123,46,78"/><U87/><E121/><V48/><F118/><W67/><G130/><T71/><D34/><U70/><E128/><V25/><F69/><W135/><G135/><N who="2" m="51753" /><F100/><W42/><G47/><T102/><D2/><U44/><E112/><V93/><F82/><N who="3" m="45399" /><G26/><T57/><D72/><U127/><E98/><N who="2" m="57663" /><F38/><N who="3" m="21847" /><G126/><T6/><D125/><U115/><E127/><V85/><F85/><W10/><G10/><T89/><D76/><U101/><E101/><V59/><F59/><W50/><G50/><T129/><D89/><U83/><E115/><V41/><F41/><W60/><G67/><T88/><D129/><U111/><E55/><V15/><F15/><W16/><G16/><T22/><D102/><U103/><E103/><V73/><F73/><W14/><G14/><T108/><D71/><AGARI ba="0,0" hai="3,7,8,60,64,71,120,123" m="21847,45399" machi="71" ten="30,2000,0" yaku="25,1,23,1" doraHai="133" who="3" fromWho="0" sc="188,-20,110,0,357,0,345,20" /><INIT seed="6,0,0,0,4,20" ten="168,110,357,365" oya="2" hai0="46,54,79,75,12,111,103,113,71,134,51,66,33" hai1="44,42,124,96,37,52,78,45,123,22,32,38,23" hai2="91,26,109,58,69,127,90,6,128,47,36,97,50" hai3="82,28,4,39,106,15,135,13,119,81,116,34,21"/><V112/><F69/><W10/><G106/><T8/><D33/><U92/><E32/><V72/><F36/><W24/><G39/><T55/><D111/><U83/><E123/><V11/><F72/><W130/><G82/><T2/><D103/><U89/><E124/><V64/><F112/><W14/><G81/><T76/><D2/><U114/><E114/><V1/><F128/><W77/><G77/><T120/><D75/><U85/><REACH who="1" step="1"/><E52/><REACH who="1" ten="168,100,357,365" step="2"/><V98/><F127/><W107/><G130/><T60/><D120/><U93/><E93/><V43/><F109/><W53/><G53/><T49/><D113/><U84/><E84/><V102/><F98/><W31/><G107/><T73/><D73/><U9/><E9/><V56/><F97/><W100/><G135/><T122/><D134/><U74/><E74/><V41/><F11/><W110/><G110/><T67/><D122/><U0/><E0/><V80/><F1/><W125/><G125/><T59/><D66/><U87/><E87/><V86/><F64/><W70/><G34/><T94/><D94/><U17/><E17/><AGARI ba="0,1" hai="8,12,17,46,49,51,54,55,59,60,67,71,76,79" machi="17" ten="30,1000,0" yaku="7,1" doraHai="20" who="0" fromWho="1" sc="168,20,100,-10,357,0,365,0" /><INIT seed="7,0,0,5,3,114" ten="188,90,357,365" oya="3" hai0="85,130,44,65,68,25,116,52,29,101,124,1,38" hai1="13,35,41,63,84,82,61,37,43,128,72,76,104" hai2="121,109,98,60,8,36,58,73,131,11,70,14,93" hai3="22,19,15,132,3,62,26,118,102,7,111,96,135"/><W119/><G62/><T0/><D116/><N who="3" m="44585" /><G111/><T117/><D124/><U56/><E104/><V108/><F73/><W106/><G3/><T92/><D130/><U77/><E35/><V125/><F36/><W89/><G89/><T112/><D101/><U5/><E128/><V32/><F70/><W17/><G7/><T2/><D65/><U39/><E72/><V30/><F125/><W66/><G66/><T47/><D68/><U90/><E39/><V122/><F131/><W67/><G67/><T87/><D38/><U133/><E37/><V16/><F11/><W9/><G96/><T53/><D92/><U55/><E63/><V12/><F14/><N who="3" m="7375" /><G106/><T40/><D1/><U42/><E133/><N who="3" m="51274" /><G102/><T23/><D2/><U105/><E105/><V129/><F129/><W91/><G91/><T113/><D0/><U48/><E5/><V126/><F126/><W79/><G15/><T27/><D117/><U50/><REACH who="1" step="1"/><E13/><REACH who="1" ten="188,80,357,365" step="2"/><V71/><F109/><W88/><G88/><T95/><D113/><U59/><E59/><V31/><F108/><W24/><G24/><T103/><D27/><U107/><E107/><V45/><F71/><W120/><G120/><T86/><D25/><U46/><E46/><V20/><F45/><W49/><G49/><AGARI ba="0,1" hai="41,42,43,48,49,50,55,56,61,76,77,82,84,90" machi="49" ten="40,2600,0" yaku="1,1,8,1,53,0" doraHai="114" doraHaiUra="18" who="1" fromWho="3" sc="188,0,80,36,357,0,365,-26" owari="188,-21.2,116,-38.4,357,45.7,339,13.9" /></mjloggm>