<mjloggm ver="2.3"><GO type="41" lobby="0"/><UN n0="%64%65%67%75%69" n1="%E2%93%9D%4C%75%63%6B%79%4A" n2="%E3%81%B7%E3%81%8F%E3%81%B7%E3%81%8F" n3="%E4%BB%A5%E5%A5%B3%E7%A5%9E%E4%B9%8B%E5%90%8D%E8%A8%B1%E9%A1%98" dan="13,17,13,14" rate="1916.60,2163.55,1908.14,1934.89" sx="M,M,M,M"/><TAIKYOKU oya="0"/><INIT seed="0,0,0,2,5,40" ten="250,250,250,250" oya="0" hai0="38,74,12,17,51,120,10,1,125,77,91,8,131" hai1="134,72,97,103,4,34,117,21,99,27,18,24,70" hai2="124,84,133,119,135,122,46,22,43,126,104,109,102" hai3="121,112,83,67,57,113,59,94,54,89,20,75,13"/><T14/><D120/><U130/><E117/><V48/><F122/><W36/><G121/><T23/><D38/><U111/><E72/><V101/><F109/><W35/><G35/><T115/><D125/><N who="2" m="48234" /><F104/><W118/><G118/><T53/><D115/><U96/><E70/><V58/><F58/><W50/><G36/><T82/><D131/><U73/><E73/><V42/><F119/><W123/><G123/><T52/><D91/><U32/><E4/><V28/><F43/><W93/><G75/><T92/><D92/><U31/><E111/><V108/><F108/><W76/><G112/><T56/><D1/><U33/><E130/><V61/><F61/><N who="3" m="38335" /><G76/><T81/><D81/><U15/><E134/><N who="2" m="51211" /><F84/><N who="3" m="50335" /><G113/><T98/><D98/><U5/><E99/><V16/><F28/><W30/><G30/><T6/><REACH who="0" step="1"/><D53/><REACH who="0" ten="240,250,250,250" step="2"/><U128/><E128/><V62/><F62/><W87/><G87/><T90/><D90/><U47/><E97/><V114/><F114/><W29/><G94/><T55/><D55/><U100/><E96/><V39/><F39/><W37/><G93/><T88/><D88/><U49/><E103/><V63/><F63/><W105/><G37/><T95/><D95/><U64/><E100/><V45/><F45/><W106/><G105/><T11/><AGARI ba="0,1" hai="6,8,10,11,12,14,17,23,51,52,56,74,77,82" machi="11" ten="30,6000,0" yaku="1,1,0,1,54,1,53,0" doraHai="40" doraHaiUra="25" who="0" fromWho="0" sc="240,70,250,-20,250,-20,250,-20" /><INIT seed="0,1,0,0,1,102" ten="310,230,230,230" oya="0" hai0="40,45,78,55,15,95,75,9,31,121,26,69,74" hai1="61,7,113,66,57,122,14,110,33,76,59,72,22" hai2="117,94,43,91,36,18,82,115,132,71,17,93,8" hai3="58,1,67,99,125,118,107,34,27,11,86,19,21"/><T62/><D121/><U2/><E122/><V20/><F71/><W87/><G118/><T96/><D78/><U12/><E33/><V97/><F115/><W130/><G130/><T70/><D70/><U68/><E113/><V120/><F120/><W133/><G133/><T135/><D135/><U126/><E2/><V42/><F36/><W54/><G125/><T100/><D69/><U80/><E110/><V56/><F132/><W35/><G67/><T98/><D98/><U63/><E126/><V13/><F117/><W48/><G35/><T30/><D62/><U88/><E7/><V90/><F56/><W23/><G34/><T127/><D127/><U29/><E68/><V106/><F82/><W131/><G131/><T53/><D74/><U44/><E44/><V104/><F43/><W16/><G1/><T128/><D31/><U60/><E63/><V6/><F18/><W85/><G11/><T84/><D75/><U81/><E22/><V124/><F42/><W5/><G5/><N who="0" m="3503" /><D84/><U111/><E29/><V83/><F83/><W4/><G4/><T46/><D128/><U79/><E111/><V49/><F49/><W109/><G109/><T10/><D10/><U41/><E41/><V52/><F52/><N who="0" m="20042" /><D40/><U134/><E134/><V123/><F123/><W39/><G39/><T47/><D47/><U89/><E72/><V73/><F73/><W37/><G37/><T25/><D30/><U0/><E0/><V119/><F124/><W116/><G116/><T50/><D46/><U24/><E66/><V28/><F119/><W108/><G108/><T112/><D112/><RYUUKYOKU ba="1,0" sc="310,15,230,15,230,-15,230,-15" hai0="25,26,45,50,95,96,100" hai1="12,14,24,57,59,60,61,76,79,80,81,88,89" /><INIT seed="0,2,0,1,0,102" ten="325,245,215,215" oya="0" hai0="106,1,41,133,117,16,27,74,19,25,109,96,57" hai1="131,127,29,38,12,5,59,42,134,69,77,51,122" hai2="128,40,28,6,78,8,35,121,20,135,105,48,11" hai3="104,64,10,103,81,58,108,73,95,33,126,43,66"/><T56/><D117/><U4/><E69/><V111/><F78/><W54/><G108/><T120/><D120/><U92/><E38/><V2/><F121/><W70/><G126/><T0/><D74/><U101/><E29/><V91/><F111/><W23/><G33/><T46/><D109/><U100/><E134/><V90/><F40/><W15/><G70/><T21/><D133/><U18/><E77/><V119/><F48/><W63/><G73/><T125/><D125/><U114/><E131/><V3/><F135/><W93/><G43/><T132/><D132/><U68/><E68/><V97/><F97/><W79/><G23/><T47/><D96/><U94/><E114/><V72/><F72/><W7/><G79/><T113/><D41/><U52/><E42/><V71/><F20/><W116/><G81/><T76/><D76/><U130/><E130/><V9/><F71/><W50/><G116/><T62/><D21/><N who="1" m="11463" /><E122/><V31/><F11/><W45/><G66/><T85/><D62/><U123/><E123/><V99/><F99/><W124/><G124/><T61/><D61/><U98/><E127/><V17/><F128/><W37/><G37/><T112/><D85/><U36/><E36/><V75/><F75/><W32/><G32/><T22/><D22/><U14/><E14/><V65/><F35/><W80/><G80/><T129/><D129/><U34/><E34/><V118/><F65/><W83/><G83/><T84/><D84/><U39/><E39/><V30/><F30/><W107/><G103/><N who="1" m="39498" /><E94/><V86/><F119/><W53/><G64/><T88/><D88/><AGARI ba="2,0" hai="4,5,51,52,59,88,92,98" m="39498,11463" machi="88" ten="30,7700,0" yaku="6,1,8,1,54,2" doraHai="102" who="1" fromWho="0" sc="325,-83,245,83,215,0,215,0" /><INIT seed="1,0,0,5,1,87" ten="242,328,215,215" oya="1" hai0="1,41,57,56,27,78,117,46,82,84,81,51,11" hai1="70,101,69,114,48,86,112,129,118,104,116,16,93" hai2="14,113,88,74,76,122,63,61,19,17,135,43,25" hai3="95,31,66,94,38,24,45,6,12,107,128,99,120"/><U15/><E104/><V44/><F122/><W50/><G128/><T34/><D117/><U132/><E129/><V28/><F135/><W80/><G120/><T35/><D81/><U62/><E132/><V115/><F76/><W30/><G38/><T26/><D35/><U102/><E48/><V109/><F74/><W75/><G66/><T106/><D106/><U32/><E32/><V100/><F100/><W64/><G64/><T20/><D34/><U108/><E62/><V29/><F29/><W8/><G31/><T127/><D127/><U33/><E33/><V85/><F109/><W18/><G75/><T9/><D27/><U21/><E108/><V13/><F28/><W59/><G80/><T22/><D22/><U23/><E93/><V55/><F25/><W131/><G59/><T67/><D67/><U105/><BYE who="0" /><E86/><V83/><F55/><UN n0="%64%65%67%75%69" /><W5/><G107/><T123/><D123/><U121/><E121/><V130/><F130/><W134/><G95/><T7/><REACH who="0" step="1"/><D11/><REACH who="0" ten="232,328,215,215" step="2"/><U91/><E105/><V89/><F19/><AGARI ba="0,1" hai="1,7,9,19,20,26,41,46,51,56,57,78,82,84" machi="19" ten="30,7700,0" yaku="1,1,2,1,7,1,53,1" doraHai="87" doraHaiUra="72" who="0" fromWho="2" sc="232,87,328,0,215,-77,215,0" /><INIT seed="2,0,0,0,3,69" ten="319,328,138,215" oya="2" hai0="127,77,103,21,9,80,17,62,12,109,92,96,32" hai1="39,89,104,63,115,22,100,116,13,102,7,126,59" hai2="122,47,134,1,49,48,15,57,91,16,54,110,58" hai3="71,107,95,106,34,119,97,93,128,105,75,5,36"/><V87/><F1/><W81/><G71/><T117/><D109/><U88/><E115/><V131/><F110/><W24/><G119/><T55/><D117/><U124/><E116/><V85/><F131/><W82/><G5/><T118/><D118/><U99/><E102/><V114/><F134/><W23/><G34/><T41/><D127/><N who="1" m="48683" /><E39/><V129/><F129/><W44/><G128/><T79/><D32/><U74/><E74/><V37/><F114/><W66/><G66/><T112/><D112/><U11/><E22/><V8/><F37/><W120/><G120/><T51/><D62/><U25/><E25/><V76/><F122/><W83/><G75/><T125/><D125/><U45/><E45/><V26/><F26/><W6/><G6/><T19/><D41/><U60/><E63/><V0/><F0/><W18/><REACH who="3" step="1"/><G97/><REACH who="3" ten="319,328,138,205" step="2"/><T35/><D35/><U56/><E59/><V121/><F121/><W10/><G10/><T29/><D9/><U108/><E108/><V43/><F87/><W33/><G33/><T31/><D96/><U2/><E2/><V64/><F64/><AGARI ba="0,1" hai="7,11,13,56,60,64,88,89,99,100,104" m="48683" machi="64" ten="30,2000,0" yaku="18,1,54,1" doraHai="69" who="1" fromWho="2" sc="319,0,328,30,138,-20,205,0" /><INIT seed="3,0,0,1,1,61" ten="319,358,118,205" oya="3" hai0="25,108,74,54,66,11,69,18,29,127,44,31,128" hai1="5,73,68,84,126,118,39,40,23,120,91,4,95" hai2="117,22,134,32,71,30,57,97,47,56,52,119,135" hai3="24,88,100,103,113,110,124,59,129,114,15,92,81"/><W36/><G36/><T17/><D108/><U43/><E73/><V21/><F32/><W1/><G1/><T107/><D127/><U38/><E68/><V116/><F30/><W98/><G124/><T131/><D74/><U65/><E126/><V33/><F33/><W105/><G129/><N who="0" m="49739" /><D107/><U121/><E23/><V0/><F0/><W115/><G24/><T112/><D112/><U41/><E65/><V55/><F97/><N who="3" m="61679" /><G15/><N who="0" m="7423" /><D44/><U133/><E133/><N who="2" m="50699" /><F47/><W70/><G70/><T90/><D54/><N who="2" m="20522" /><F71/><W8/><G8/><T19/><D90/><U82/><E91/><V99/><F99/><N who="3" m="57735" /><G59/><AGARI ba="0,0" hai="21,22,56,57,59,116,117,119" m="20522,50699" machi="59" ten="40,8000,1" yaku="28,2,20,1,54,1" doraHai="61" who="2" fromWho="3" sc="319,0,358,0,118,80,205,-80" /><INIT seed="4,0,0,1,5,47" ten="319,358,198,125" oya="0" hai0="100,95,11,41,113,58,9,123,33,21,126,57,70" hai1="35,42,82,53,3,74,107,55,51,98,84,128,81" hai2="73,62,120,59,18,34,32,88,76,124,36,110,115" hai3="24,2,109,127,27,104,12,111,61,7,105,80,63"/><T116/><D113/><U52/><E35/><V37/><F110/><W129/><G12/><T25/><D116/><U19/><E3/><V48/><F115/><W75/><G80/><T65/><D123/><U135/><E135/><V96/><F76/><W49/><G2/><T29/><D126/><U131/><E19/><V28/><F73/><W86/><G86/><T92/><D41/><U133/><E133/><V60/><F124/><W13/><G13/><T108/><D108/><U121/><E121/><V56/><F96/><W68/><G127/><T30/><D30/><U93/><BYE who="0" /><E107/><V8/><F18/><W118/><G68/><UN n0="%64%65%67%75%69" /><T17/><D70/><U91/><E74/><V122/><F8/><W66/><G75/><T0/><D65/><U112/><E82/><V22/><F88/><W77/><G66/><T134/><D134/><U23/><E23/><V69/><F69/><W54/><G77/><T46/><D11/><U45/><REACH who="1" step="1"/><E112/><REACH who="1" ten="319,348,198,125" step="2"/><V87/><F22/><W99/><G7/><T50/><D0/><U10/><E10/><V79/><F28/><W4/><G4/><T64/><D9/><U106/><E106/><V1/><F1/><W31/><G31/><T125/><D33/><U85/><E85/><V20/><F20/><W16/><G16/><T90/><D29/><U39/><E39/><V94/><F87/><W72/><G72/><T117/><D125/><U132/><E132/><V101/><F34/><W67/><G105/><T5/><D17/><U71/><E71/><V44/><F32/><W97/><G104/><T78/><D5/><U130/><E130/><RYUUKYOKU ba="0,1" sc="319,-10,348,30,198,-10,125,-10" hai1="42,45,51,52,53,55,81,84,91,93,98,128,131" /><INIT seed="5,1,1,4,1,19" ten="309,378,188,115" oya="1" hai0="96,58,74,11,43,57,27,67,135,110,71,121,41" hai1="113,1,119,90,102,51,76,132,101,22,126,30,2" hai2="78,111,31,7,112,134,80,5,65,42,81,70,97" hai3="105,18,99,124,44,0,109,115,32,130,91,46,100"/><U108/><E119/><V47/><F111/><W36/><G109/><T49/><D110/><U59/><E108/><V34/><F81/><W103/><G115/><T6/><D74/><U127/><E113/><V88/><F65/><W107/><G124/><N who="1" m="47658" /><E76/><V25/><F70/><W123/><G123/><T117/><D135/><U21/><E30/><V114/><F134/><W133/><G133/><T12/><D117/><U75/><E75/><V9/><F7/><W68/><G130/><T39/><D121/><U52/><E90/><V95/><F80/><W82/><G32/><T62/><D27/><U33/><E33/><V23/><F34/><W106/><G68/><T83/><D83/><U15/><E132/><V63/><F63/><W72/><G0/><N who="1" m="106" /><E15/><V38/><REACH who="2" step="1"/><F78/><REACH who="2" ten="309,378,178,115" step="2"/><W128/><G72/><T8/><D71/><U50/><E51/><V45/><F45/><W37/><G46/><T89/><D49/><U35/><E35/><V3/><AGARI ba="1,2" hai="3,5,9,23,25,31,38,42,47,88,95,97,112,114" machi="3" ten="30,7900,0" yaku="1,1,0,1,52,1,54,1,53,0" doraHai="19" doraHaiUra="77" who="2" fromWho="2" sc="309,-21,378,-40,178,102,115,-21" /><INIT seed="6,0,0,5,4,6" ten="288,338,280,94" oya="2" hai0="23,111,43,17,28,15,31,2,22,81,47,18,11" hai1="58,133,98,74,64,26,124,97,102,5,134,38,16" hai2="21,53,27,84,76,8,19,77,1,52,96,122,75" hai3="24,68,126,128,130,13,61,7,39,92,86,29,73"/><V125/><F122/><W113/><G73/><T63/><D111/><U33/><E38/><V48/><F75/><W70/><G39/><T54/><D81/><U105/><E5/><V87/><F125/><W118/><G118/><T99/><D99/><U62/><E74/><V88/><F53/><W66/><G126/><T51/><D2/><U32/><E98/><V69/><F69/><W50/><G70/><T45/><D22/><N who="1" m="13639" /><E124/><V108/><F108/><W101/><G113/><T60/><D60/><U71/><E58/><V115/><F115/><W89/><G50/><T100/><D100/><U119/><E119/><V93/><F8/><W90/><G101/><T0/><D0/><U34/><E34/><V40/><F40/><W121/><G121/><T44/><D44/><U112/><E112/><V135/><F135/><N who="1" m="51721" /><E33/><V35/><F1/><W117/><G117/><T114/><D114/><U36/><E32/><V56/><REACH who="2" step="1"/><F35/><REACH who="2" ten="288,338,270,94" step="2"/><W131/><G7/><T10/><D43/><U9/><E36/><V80/><F80/><W49/><G49/><T94/><D51/><U46/><E46/><V82/><F82/><W104/><G68/><T25/><D47/><U72/><E72/><V79/><AGARI ba="0,1" hai="19,21,27,48,52,56,76,77,79,84,87,88,93,96" machi="79" ten="30,12000,1" yaku="1,1,0,1,8,1,54,2,53,0" doraHai="6" doraHaiUra="127" who="2" fromWho="2" sc="288,-40,338,-40,270,130,94,-40" /><INIT seed="6,1,0,3,0,111" ten="248,298,400,54" oya="2" hai0="46,63,19,28,112,27,105,49,126,118,56,26,29" hai1="130,100,62,88,48,124,55,1,16,12,113,125,97" hai2="116,109,61,44,117,83,6,9,57,59,18,115,123" hai3="86,79,5,98,77,17,72,122,85,15,87,70,92"/><V11/><F83/><W43/><G70/><T89/><D118/><U102/><E1/><V37/><F109/><W110/><G43/><T114/><D105/><U40/><E62/><V20/><F123/><W64/><G64/><T68/><D126/><N who="1" m="48747" /><E40/><V34/><F34/><W47/><G47/><T81/><D68/><U101/><E130/><V0/><F11/><W134/><G5/><T8/><D8/><N who="1" m="6151" /><E113/><N who="0" m="43625" /><D19/><U121/><E121/><V41/><F115/><W2/><G2/><T42/><D89/><U95/><E102/><V10/><F10/><W45/><G45/><AGARI ba="1,0" hai="45,48,55,88,95,97,100,101" m="6151,48747" machi="45" ten="30,3900,0" yaku="18,1,54,2" doraHai="111" who="1" fromWho="3" sc="248,0,298,42,400,0,54,-42" /><INIT seed="7,0,0,3,3,86" ten="248,340,400,12" oya="3" hai0="101,122,33,113,49,34,135,106,47,74,82,92,14" hai1="20,36,89,88,124,0,45,72,116,108,7,44,97" hai2="54,79,29,26,69,77,80,8,132,43,94,15,5" hai3="18,131,61,53,121,87,30,28,22,10,51,65,70"/><W125/><G121/><T67/><D122/><U6/><E72/><V27/><F132/><W32/><G125/><T104/><D135/><U123/><E123/><V24/><F69/><W58/><G131/><T4/><D67/><U93/><E0/><V73/><F79/><W117/><G117/><T52/><D113/><U1/><E1/><V126/><F126/><W75/><G75/><T35/><D74/><U57/><E108/><V103/><F43/><W12/><G32/><T40/><D40/><U130/><E36/><V127/><F127/><W119/><G119/><T9/><D82/><U48/><E130/><V112/><F112/><W129/><G129/><T50/><D50/><U100/><E124/><V99/><REACH who="2" step="1"/><F54/><REACH who="2" ten="248,340,390,12" step="2"/><W13/><REACH who="3" step="1"/><G87/><REACH who="3" ten="248,340,390,2" step="2"/><T39/><D35/><AGARI ba="0,2" hai="5,8,15,24,26,27,29,35,73,77,80,94,99,103" machi="35" ten="30,3900,0" yaku="1,1,2,1,7,1,53,0" doraHai="86" doraHaiUra="109" who="2" fromWho="0" sc="248,-39,340,0,390,59,2,0" owari="209,-19.1,340,14.0,449,54.9,2,-49.8" /></mjloggm>