<mjloggm ver="2.3"><GO type="41" lobby="0"/><UN n0="%74%65%68%69%30%35%31%30" n1="%E2%93%9D%4C%75%63%6B%79%4A" n2="%73%65%79" n3="%E3%81%8A%E3%81%BF%E3%82%88" dan="14,17,16,13" rate="1974.06,2135.53,2016.34,2013.07" sx="M,M,M,F"/><TAIKYOKU oya="0"/><INIT seed="0,0,0,3,3,63" ten="250,250,250,250" oya="0" hai0="46,122,32,126,20,87,130,3,13,36,61,18,24" hai1="98,48,110,106,0,73,44,45,41,101,103,75,15" hai2="38,6,85,40,28,96,68,74,49,62,1,34,60" hai3="23,77,128,78,89,107,113,117,80,100,17,83,51"/><T116/><D116/><U50/><E0/><V133/><F133/><W67/><G113/><T19/><D122/><U88/><E110/><V95/><F74/><W39/><G39/><T69/><D3/><U86/><E103/><V42/><F34/><W43/><G117/><T127/><D87/><U123/><E15/><V4/><F38/><W124/><G128/><T99/><D130/><U25/><E25/><V55/><F28/><W112/><G124/><N who="0" m="47659" /><D99/><U53/><REACH who="1" step="1"/><E123/><REACH who="1" ten="250,240,250,250" step="2"/><V16/><F1/><W114/><G100/><T5/><D24/><U70/><E70/><V104/><F68/><W129/><G129/><T92/><D69/><U14/><E14/><V134/><F134/><W108/><G114/><T135/><D13/><U21/><E21/><V2/><F2/><W94/><G23/><T66/><D20/><U93/><AGARI ba="0,1" hai="41,44,45,48,50,53,73,75,86,88,93,98,101,106" machi="93" ten="20,5200,0" yaku="1,1,0,1,7,1,54,1,53,0" doraHai="63" doraHaiUra="22" who="1" fromWho="1" sc="250,-26,240,62,250,-13,250,-13" /><INIT seed="1,0,0,3,1,98" ten="224,302,237,237" oya="1" hai0="91,126,56,111,88,48,51,24,22,124,21,72,9" hai1="19,17,36,4,117,123,44,6,131,129,130,5,29" hai2="1,81,42,25,114,83,107,62,90,100,76,40,49" hai3="50,32,7,96,33,8,135,69,27,77,65,28,84"/><U80/><E123/><V11/><F114/><W113/><G135/><T109/><D72/><U112/><E112/><V3/><F90/><N who="0" m="34346" /><D9/><U66/><E66/><V74/><F62/><W13/><G113/><T46/><D56/><U89/><E117/><V37/><F83/><W75/><G75/><T99/><D99/><U31/><E36/><V67/><F67/><W108/><G108/><N who="0" m="41547" /><D24/><U78/><E89/><V68/><F68/><W43/><G65/><T52/><D51/><U0/><E44/><V10/><F10/><W79/><G69/><T63/><D63/><U119/><E119/><V133/><F49/><W2/><G2/><T26/><D22/><U106/><E106/><V105/><F42/><W61/><G61/><T110/><N who="0" m="41555" /><T97/><DORA hai="20" /><D97/><U71/><E71/><V103/><F3/><W55/><G43/><T120/><D120/><U132/><E0/><V125/><F25/><W116/><G116/><T82/><D82/><U85/><REACH who="1" step="1"/><E132/><REACH who="1" ten="224,292,237,237" step="2"/><V104/><F133/><W115/><G115/><T14/><D14/><U39/><E39/><V70/><F70/><W86/><G96/><T95/><D95/><U38/><E38/><V92/><F92/><W94/><G94/><T12/><D12/><U16/><AGARI ba="0,1" hai="4,5,6,16,17,19,29,31,78,80,85,129,130,131" machi="16" ten="40,18000,2" yaku="1,1,0,1,29,2,19,1,54,1,53,0" doraHai="98,20" doraHaiUra="30,122" who="1" fromWho="1" sc="224,-60,292,190,237,-60,237,-60" /><INIT seed="1,1,0,2,4,51" ten="164,482,177,177" oya="1" hai0="5,41,47,98,49,120,81,14,25,126,71,117,26" hai1="118,114,23,59,78,34,4,10,12,16,28,7,52" hai2="50,89,97,86,119,74,55,131,64,35,21,124,82" hai3="27,38,85,80,15,111,79,91,76,87,94,129,73"/><U100/><E114/><V67/><F119/><W19/><G38/><T54/><D117/><U62/><E118/><V109/><F35/><W115/><G115/><T70/><D120/><U125/><E125/><V112/><F109/><W110/><G129/><T60/><D126/><U90/><E100/><V33/><F33/><W3/><G27/><T127/><D127/><U44/><E78/><V29/><F112/><W88/><G3/><T103/><D81/><U45/><E90/><V9/><F74/><W99/><G19/><T40/><D71/><U46/><E34/><V65/><F131/><W121/><G15/><T102/><D102/><U108/><E108/><N who="3" m="41514" /><G121/><T95/><D70/><U32/><E32/><V6/><F124/><W2/><G2/><T92/><D92/><U22/><E23/><V30/><F21/><W84/><G79/><T135/><D135/><U72/><E72/><V0/><REACH who="2" step="1"/><F97/><REACH who="2" ten="164,482,167,177" step="2"/><W106/><G106/><T69/><D69/><U66/><E66/><V56/><AGARI ba="1,1" hai="0,6,9,29,30,50,55,56,64,65,67,82,86,89" machi="56" ten="30,7900,0" yaku="1,1,2,1,0,1,52,1,53,0" doraHai="51" doraHaiUra="113" who="2" fromWho="2" sc="164,-21,482,-40,167,92,177,-21" /><INIT seed="2,0,0,4,0,113" ten="143,442,259,156" oya="2" hai0="47,20,77,100,36,110,75,14,38,71,12,92,24" hai1="127,64,103,1,91,130,23,46,19,17,6,104,11" hai2="109,35,95,3,58,65,16,87,21,93,83,66,28" hai3="78,33,114,122,90,129,40,73,63,9,5,121,101"/><V135/><F3/><W88/><G114/><T123/><D110/><U61/><E130/><V96/><F109/><W94/><G33/><T8/><D123/><U42/><E127/><V56/><F28/><W60/><G129/><T117/><D71/><U68/><E91/><V72/><F72/><W84/><G40/><T69/><D69/><U98/><REACH who="1" step="1"/><E23/><REACH who="1" ten="143,432,259,156" step="2"/><V45/><F135/><W52/><G121/><T49/><D20/><U34/><E34/><V0/><F35/><W115/><G115/><T119/><D8/><U48/><AGARI ba="0,1" hai="1,6,11,17,19,42,46,48,61,64,68,98,103,104" machi="48" ten="20,2700,0" yaku="1,1,0,1,7,1,53,0" doraHai="113" doraHaiUra="105" who="1" fromWho="1" sc="143,-7,432,37,259,-13,156,-7" /><INIT seed="3,0,0,0,5,23" ten="136,469,246,149" oya="3" hai0="101,35,64,2,15,59,91,50,135,4,76,117,96" hai1="125,9,30,20,119,92,16,128,131,54,17,12,123" hai2="122,57,94,74,38,83,87,127,97,7,8,133,132" hai3="28,10,46,82,65,29,134,44,22,19,67,113,85"/><W66/><G113/><T60/><D117/><U36/><E36/><V73/><F38/><W41/><G134/><N who="2" m="51817" /><F57/><W26/><G10/><T53/><D135/><U61/><E92/><V108/><F108/><W33/><G33/><T109/><D109/><U11/><E61/><V72/><F8/><W103/><G103/><T98/><D2/><U100/><E100/><N who="2" m="60471" /><F7/><W56/><G56/><T75/><D35/><U89/><E89/><N who="2" m="51455" /><F127/><W118/><G118/><T124/><D124/><U21/><E54/><V24/><F24/><W18/><G41/><T0/><D0/><U48/><E48/><V110/><F110/><W45/><REACH who="3" step="1"/><G29/><REACH who="3" ten="136,469,246,139" step="2"/><T81/><D59/><U130/><E119/><V37/><F37/><W14/><G14/><T71/><D15/><N who="1" m="9407" /><E125/><V55/><F55/><W112/><G112/><T43/><D43/><U47/><E11/><V40/><F40/><W104/><G104/><T115/><D115/><U106/><E106/><V6/><F6/><W116/><G116/><T32/><D4/><U102/><E102/><V68/><F68/><W84/><G84/><T27/><D101/><U52/><E9/><V114/><F114/><W80/><G80/><T77/><D32/><U51/><E30/><V88/><F122/><AGARI ba="0,1" hai="12,16,20,47,51,52,122,123,128,130,131" m="9407" machi="122" ten="30,3900,0" yaku="19,1,54,2" doraHai="23" who="1" fromWho="2" sc="136,0,469,49,246,-39,139,0" /><INIT seed="4,0,0,4,0,37" ten="136,518,207,139" oya="0" hai0="10,73,12,22,110,75,77,11,36,103,45,108,13" hai1="65,93,46,9,18,63,15,24,76,30,132,117,4" hai2="133,31,96,118,44,5,58,78,115,70,43,59,111" hai3="50,8,41,97,64,54,21,127,27,34,84,16,51"/><T14/><D103/><U104/><E117/><V61/><F118/><W26/><G127/><T62/><D62/><U106/><E132/><V88/><F133/><W3/><G3/><T87/><D87/><U25/><E25/><V125/><F125/><W23/><G34/><T0/><D77/><U33/><E76/><V90/><F115/><W56/><G8/><N who="0" m="3115" /><D0/><U39/><E93/><V109/><F5/><W52/><G41/><N who="0" m="22695" /><D22/><U91/><E91/><V122/><F31/><N who="3" m="17871" /><G84/><T94/><D94/><U74/><E74/><V68/><F122/><W99/><G64/><T134/><D134/><U60/><E4/><V79/><F44/><AGARI ba="0,0" hai="16,23,27,44,50,51,52,54,56,97,99" m="17871" machi="44" ten="30,3900,0" yaku="8,1,54,2" doraHai="37" who="3" fromWho="2" sc="136,0,518,0,207,-39,139,39" /><INIT seed="5,0,0,4,2,17" ten="136,518,168,178" oya="1" hai0="3,130,26,131,76,41,69,43,48,111,96,34,21" hai1="9,128,16,2,47,90,60,39,52,73,45,114,88" hai2="55,65,84,18,125,134,79,86,121,97,132,61,5" hai3="0,13,24,98,133,102,110,66,82,4,117,53,40"/><U71/><E73/><V25/><F121/><W106/><G117/><T19/><D69/><U75/><E75/><V1/><F1/><W12/><G110/><T120/><D111/><U7/><E128/><N who="0" m="49193" /><D3/><U6/><E114/><V113/><F5/><N who="1" m="1545" /><E39/><V103/><F55/><W112/><G112/><T85/><D96/><U15/><E71/><V123/><F123/><W101/><G101/><T115/><D34/><U67/><E67/><V11/><F125/><W119/><G133/><T51/><D115/><U36/><E36/><V35/><F11/><W29/><G119/><T99/><D99/><U64/><E64/><V100/><F100/><W50/><G40/><N who="0" m="15435" /><D120/><U87/><E2/><V33/><F33/><W94/><G66/><T59/><D59/><N who="1" m="34919" /><E90/><V93/><F35/><W105/><G0/><T81/><AGARI ba="0,0" hai="19,21,26,48,51,76,81,85" m="15435,49193" machi="81" ten="30,2000,0" yaku="19,1,52,1" doraHai="17" who="0" fromWho="0" sc="136,20,518,-10,168,-5,178,-5" /><INIT seed="6,0,0,5,5,91" ten="156,508,163,173" oya="2" hai0="97,44,106,123,119,68,76,96,12,3,95,126,15" hai1="89,70,65,13,4,19,66,10,103,101,7,56,67" hai2="9,48,114,61,17,75,110,124,128,118,98,55,38" hai3="1,132,116,45,49,78,93,62,113,125,18,127,39"/><V53/><F75/><W72/><G1/><T54/><D3/><U8/><E70/><V131/><F118/><W23/><G39/><T92/><D123/><U31/><E31/><V108/><F38/><W2/><G2/><T46/><D68/><U120/><E120/><V22/><F9/><W100/><G62/><T133/><D106/><U102/><E89/><V84/><F114/><W35/><G35/><T79/><D133/><U81/><E81/><V30/><F30/><W134/><G78/><T41/><D126/><N who="3" m="48137" /><G72/><T88/><D119/><U26/><E26/><V74/><F74/><W94/><G100/><N who="0" m="60423" /><D41/><U77/><E77/><N who="0" m="29769" /><D54/><U71/><E71/><V64/><F84/><W50/><G113/><T43/><D43/><U129/><E129/><N who="2" m="49739" /><F98/><W0/><G50/><T51/><D51/><U52/><REACH who="1" step="1"/><E10/><REACH who="1" ten="156,498,163,173" step="2"/><V58/><F124/><W99/><G116/><T82/><D82/><U34/><E34/><V105/><F105/><W111/><G111/><N who="2" m="42537" /><F48/><AGARI ba="0,1" hai="4,7,8,13,19,48,52,56,65,66,67,101,102,103" machi="48" ten="40,5200,0" yaku="1,1,8,1,54,1,53,0" doraHai="91" doraHaiUra="83" who="1" fromWho="2" sc="156,0,498,62,163,-52,173,0" /><INIT seed="7,0,0,4,0,100" ten="156,560,111,173" oya="3" hai0="85,56,48,90,109,70,95,49,16,52,30,14,82" hai1="118,28,125,3,55,15,22,78,9,2,119,44,21" hai2="47,73,114,58,51,111,8,84,50,96,0,122,115" hai3="6,64,107,112,25,42,62,54,34,131,134,61,86"/><W79/><G107/><T24/><D70/><U108/><E78/><V38/><F73/><W46/><G112/><T117/><D109/><U98/><E98/><V65/><F84/><W101/><G101/><T75/><D117/><N who="1" m="44555" /><E125/><V102/><F111/><W13/><G54/><T17/><D14/><U116/><E28/><V103/><F8/><W32/><G25/><T126/><D126/><U121/><E121/><V88/><F0/><N who="1" m="41" /><E116/><V4/><F4/><W127/><G131/><T77/><D49/><N who="1" m="29095" /><E108/><V23/><F23/><AGARI ba="0,0" hai="16,17,23,24,30,48,52,56,75,77,82,85,90,95" machi="23" ten="30,3900,0" yaku="7,1,54,2" doraHai="100" who="0" fromWho="2" sc="156,39,560,0,111,-39,173,0" owari="195,-0.5,560,66.0,72,-42.8,173,-22.7" /></mjloggm>