<mjloggm ver="2.3"><GO type="41" lobby="0"/><UN n0="%E2%93%9D%4C%75%63%6B%79%4A" n1="%79%6D%31%33%32%36" n2="%E3%83%9C%E3%83%AA%E3%83%BC%E3%83%81" n3="%E8%8A%B1%E7%94%98%E8%97%8D" dan="17,13,15,15" rate="2147.93,1838.53,1961.69,2033.51" sx="M,M,M,M"/><TAIKYOKU oya="0"/><INIT seed="0,0,0,4,0,101" ten="250,250,250,250" oya="0" hai0="81,14,2,124,55,111,83,132,61,72,112,52,113" hai1="88,75,87,66,123,64,128,54,38,7,65,96,89" hai2="19,67,1,115,79,60,91,116,39,78,53,9,0" hai3="46,131,119,118,100,102,37,114,117,135,20,12,93"/><T34/><D2/><U94/><E38/><V49/><F115/><W11/><G114/><T57/><D34/><U48/><E123/><V108/><F39/><W30/><G131/><T21/><D132/><U125/><E128/><V62/><F108/><W121/><G135/><T77/><D111/><U126/><E75/><V105/><F91/><W95/><G121/><T43/><D43/><U28/><E28/><V41/><F41/><W70/><G70/><T90/><D124/><U47/><REACH who="1" step="1"/><E7/><REACH who="1" ten="250,240,250,250" step="2"/><V44/><F116/><W133/><G30/><T92/><D113/><U40/><E40/><V13/><F0/><W50/><G37/><T84/><D112/><U33/><E33/><V35/><F35/><W103/><G133/><T25/><D14/><U69/><E69/><V16/><F1/><W110/><G110/><T4/><D4/><U17/><E17/><V56/><F19/><W59/><G119/><T129/><D129/><U104/><E104/><V22/><F105/><W80/><G12/><T58/><D72/><U127/><E127/><V18/><REACH who="2" step="1"/><F62/><REACH who="2" ten="250,240,240,250" step="2"/><W6/><G118/><T27/><D61/><U26/><E26/><AGARI ba="0,2" hai="9,13,16,18,22,26,44,49,53,56,60,67,78,79" machi="26" ten="30,8000,1" yaku="1,1,2,1,7,1,8,1,54,1,53,0" doraHai="101" doraHaiUra="82" who="2" fromWho="1" sc="250,0,240,-80,240,100,250,0" /><INIT seed="1,0,0,5,0,78" ten="250,160,340,250" oya="1" hai0="5,85,72,37,124,23,75,121,46,10,55,68,81" hai1="12,98,114,70,32,29,47,122,74,59,90,65,36" hai2="34,119,113,109,16,39,84,95,73,67,115,60,100" hai3="1,54,82,86,6,125,69,133,134,42,52,11,18"/><U53/><E114/><N who="2" m="43531" /><F119/><W83/><G69/><T51/><D68/><U91/><E122/><V45/><F73/><W63/><G42/><T77/><D121/><U71/><E74/><V118/><F34/><W35/><G35/><T111/><D111/><U120/><E120/><V30/><F30/><W7/><G7/><T128/><D128/><U20/><E32/><V49/><F39/><W127/><G18/><T0/><D124/><N who="3" m="47689" /><G63/><T87/><D75/><U123/><E123/><V2/><F2/><W64/><G64/><T56/><D23/><U22/><E36/><V61/><F109/><W17/><G17/><T48/><REACH who="0" step="1"/><D37/><REACH who="0" ten="240,160,340,250" step="2"/><U79/><E22/><V43/><F118/><W92/><G134/><T25/><D25/><U102/><E71/><V26/><F26/><W62/><G133/><T4/><D4/><U105/><E70/><V15/><F67/><W94/><G6/><T126/><D126/><U40/><E65/><V117/><F117/><W50/><G11/><T14/><D14/><U129/><E12/><V76/><F15/><W33/><G33/><T80/><D80/><U110/><E129/><V96/><F16/><W116/><G83/><AGARI ba="0,1" hai="43,45,49,60,61,76,83,84,95,96,100" m="43531" machi="83" ten="30,2000,0" yaku="11,1,52,1" doraHai="78" who="2" fromWho="3" sc="240,0,160,0,340,30,250,-20" /><INIT seed="2,0,0,1,2,71" ten="240,160,370,230" oya="2" hai0="89,27,48,122,55,92,18,75,61,9,76,111,6" hai1="84,2,14,130,112,52,28,77,44,125,60,114,107" hai2="56,69,85,62,120,24,30,121,32,133,49,78,4" hai3="11,20,46,102,34,23,5,3,126,58,17,83,96"/><V40/><F133/><W43/><G126/><T129/><D122/><U38/><E2/><V115/><F115/><W123/><G123/><T105/><D105/><U57/><E107/><V25/><F69/><W103/><G34/><T26/><D111/><U113/><E125/><V39/><F49/><W37/><G58/><T59/><D129/><U127/><E127/><V82/><F4/><W45/><G45/><T117/><D76/><U118/><E118/><V41/><F24/><W70/><G70/><T0/><D75/><U88/><E130/><V106/><F106/><W101/><G96/><T47/><D18/><U74/><E28/><V98/><F98/><W72/><REACH who="3" step="1"/><G17/><REACH who="3" ten="240,160,370,220" step="2"/><T33/><D33/><U66/><E112/><V86/><F120/><W15/><G15/><T29/><D29/><U13/><E14/><V116/><F121/><W110/><G110/><T35/><D35/><U87/><E13/><V54/><F116/><W132/><G132/><T1/><D1/><U68/><E114/><V10/><F10/><W7/><G7/><T21/><D117/><U104/><E113/><V50/><F32/><W119/><G119/><T99/><REACH who="0" step="1"/><D21/><REACH who="0" ten="230,160,370,220" step="2"/><U36/><E68/><V95/><F30/><W94/><G94/><T91/><D91/><U19/><E19/><V135/><F95/><W108/><G108/><T63/><D63/><U65/><E60/><V67/><F62/><W16/><G16/><T109/><D109/><U93/><E93/><V81/><F135/><W8/><G8/><T12/><D12/><U128/><E128/><V79/><F25/><W90/><G90/><RYUUKYOKU ba="0,2" sc="230,15,160,-15,370,-15,220,15" hai0="0,6,9,26,27,47,48,55,59,61,89,92,99" hai3="3,5,11,20,23,37,43,46,72,83,101,102,103" /><INIT seed="3,1,2,1,0,20" ten="245,145,355,235" oya="3" hai0="77,55,82,103,0,118,51,105,47,98,2,76,19" hai1="13,58,135,15,128,106,104,71,38,83,49,93,52" hai2="89,10,101,79,107,95,50,1,75,134,21,53,32" hai3="81,60,22,80,100,25,7,48,96,88,125,111,115"/><W85/><G115/><T64/><D118/><U99/><E135/><V72/><F32/><W121/><G121/><T16/><D77/><U35/><E128/><V114/><F114/><W124/><G111/><T34/><D34/><U127/><E127/><N who="3" m="48714" /><G7/><T133/><D64/><U26/><E71/><V94/><F134/><W108/><G108/><T5/><D133/><U24/><E38/><V91/><F107/><N who="3" m="63879" /><G48/><T69/><D69/><U9/><E106/><V131/><F131/><W39/><G39/><T56/><D47/><U102/><E104/><V122/><F122/><W67/><G81/><T6/><D6/><N who="1" m="3255" /><E35/><V74/><F50/><W37/><G37/><T86/><REACH who="0" step="1"/><D5/><REACH who="0" ten="235,145,355,235" step="2"/><U54/><E83/><V62/><F1/><AGARI ba="1,3" hai="0,1,2,16,19,51,55,56,76,82,86,98,103,105" machi="1" ten="40,5200,0" yaku="1,1,2,1,54,1,53,0" doraHai="20" doraHaiUra="4" who="0" fromWho="2" sc="235,85,145,0,355,-55,235,0" /><INIT seed="4,0,0,0,5,134" ten="320,145,300,235" oya="0" hai0="43,105,30,96,14,33,99,107,54,28,63,117,76" hai1="126,128,75,44,71,112,103,68,78,69,16,127,12" hai2="1,102,84,121,52,73,37,100,25,123,92,10,81" hai3="4,97,70,31,17,49,20,35,5,79,133,53,24"/><T51/><D117/><U116/><E116/><V98/><F37/><W36/><G133/><T45/><D33/><U34/><E34/><V93/><F25/><W0/><G36/><T15/><D76/><U64/><E64/><V11/><F73/><W27/><G70/><T57/><D107/><U88/><E103/><V41/><F41/><W72/><G0/><T85/><D85/><U74/><E128/><V109/><F109/><W114/><G114/><T115/><D115/><U62/><E62/><V56/><F1/><W95/><G79/><T22/><D105/><U94/><E112/><V106/><F106/><W18/><G18/><N who="0" m="10591" /><D14/><U48/><E78/><V135/><F135/><W38/><G38/><T83/><D83/><U90/><E75/><V61/><F123/><W124/><G72/><T42/><D43/><U111/><E74/><V66/><F66/><W129/><G129/><T119/><D119/><U23/><E111/><V8/><F121/><W108/><G108/><T86/><D86/><U67/><E67/><V101/><REACH who="2" step="1"/><F98/><AGARI ba="0,0" hai="28,30,42,45,51,54,57,63,96,98,99" m="10591" machi="98" ten="30,1500,0" yaku="8,1" doraHai="134" who="0" fromWho="2" sc="320,15,145,0,300,-15,235,0" /><INIT seed="4,1,0,5,2,70" ten="335,145,285,235" oya="0" hai0="29,63,128,54,20,7,108,45,6,48,50,74,103" hai1="10,30,24,119,99,11,88,32,109,8,93,125,84" hai2="75,38,116,12,112,81,47,85,73,87,89,80,90" hai3="4,49,98,52,35,69,19,121,44,39,53,56,117"/><T2/><D74/><N who="2" m="28170" /><F12/><W21/><G117/><T64/><D128/><U61/><E119/><V26/><F26/><W37/><G121/><T27/><D108/><U17/><E109/><V60/><F60/><W28/><G69/><T126/><D126/><U110/><E110/><V9/><F9/><W66/><G66/><T95/><D2/><U131/><E125/><V58/><F58/><W101/><G4/><T34/><D34/><U113/><E113/><V105/><F47/><W25/><G28/><T55/><D103/><U123/><E123/><V82/><F116/><W42/><G35/><T91/><D63/><U77/><E131/><V127/><F38/><W94/><G53/><T118/><D64/><U107/><E61/><AGARI ba="1,0" hai="19,21,25,37,39,42,44,49,52,56,61,94,98,101" machi="61" ten="30,7700,0" yaku="7,1,52,2,54,1" doraHai="70" who="3" fromWho="1" sc="335,0,145,-80,285,0,235,80" /><INIT seed="5,0,0,5,5,34" ten="335,65,285,315" oya="1" hai0="125,62,36,47,67,117,119,98,123,30,23,120,74" hai1="39,53,19,11,105,22,110,57,111,78,66,79,87" hai2="50,81,45,27,88,37,52,21,76,20,3,106,82" hai3="18,104,24,72,25,103,59,8,4,69,43,101,91"/><U95/><E105/><V40/><F106/><W13/><G69/><T80/><D30/><U35/><E39/><V48/><F37/><W84/><G72/><T63/><D23/><U26/><E66/><V55/><F3/><W127/><G127/><T116/><D98/><U114/><E114/><V46/><F40/><W107/><G107/><T92/><D92/><U1/><E95/><V41/><F41/><W85/><G43/><N who="0" m="23015" /><D80/><U93/><E93/><V15/><F15/><W129/><G129/><T94/><D94/><U90/><E90/><V60/><F60/><N who="0" m="23082" /><D74/><U135/><E135/><V14/><F14/><W102/><G104/><T83/><D83/><U115/><E115/><V109/><F109/><N who="1" m="41481" /><E87/><N who="2" m="48551" /><F27/><W131/><G131/><T108/><D108/><U97/><E97/><V118/><F118/><W122/><G24/><T33/><D125/><U126/><E126/><V9/><F9/><W75/><G25/><T56/><D33/><U100/><E100/><V86/><AGARI ba="0,0" hai="20,21,45,46,48,50,52,55,82,86,88" m="48551" machi="86" ten="30,4000,0" yaku="8,1,54,2" doraHai="34" who="2" fromWho="2" sc="335,-10,65,-20,285,40,315,-10" /><INIT seed="6,0,0,3,0,19" ten="325,45,325,305" oya="2" hai0="76,63,114,15,78,83,73,68,36,24,58,71,22" hai1="96,106,132,32,43,50,107,81,102,131,133,79,104" hai2="124,74,29,93,127,86,9,7,13,115,53,45,117" hai3="75,97,98,103,129,89,16,14,40,100,46,67,125"/><V62/><F117/><W56/><G75/><T39/><D78/><U38/><E32/><V21/><F74/><W64/><G125/><N who="2" m="48201" /><F115/><W26/><G129/><T12/><D114/><U113/><E50/><N who="2" m="28879" /><F62/><W91/><G26/><T8/><D15/><U116/><E43/><V111/><F111/><W1/><G1/><T90/><D90/><U34/><E38/><V87/><F93/><W135/><G135/><N who="1" m="51786" /><E34/><V65/><F65/><W33/><G33/><T95/><D95/><N who="1" m="58655" /><E113/><V85/><F29/><W57/><G46/><T4/><D39/><U55/><E55/><V3/><F3/><W108/><G108/><T25/><D36/><U112/><E112/><V48/><F48/><W101/><G40/><T130/><D130/><U109/><E131/><V119/><F119/><W27/><G67/><T52/><REACH who="0" step="1"/><D25/><REACH who="0" ten="315,45,325,305" step="2"/><U92/><E109/><V110/><F110/><W118/><G27/><T128/><D128/><U41/><E116/><V2/><F2/><W17/><G118/><T126/><D126/><U94/><E41/><V10/><F10/><W42/><G42/><T60/><D60/><U66/><E66/><V61/><F61/><W70/><G14/><T28/><AGARI ba="0,1" hai="4,8,12,22,24,28,52,58,63,68,71,73,76,83" machi="28" ten="20,12000,2" yaku="1,1,0,1,7,1,52,1,54,1,53,1" doraHai="19" doraHaiUra="77" who="0" fromWho="0" sc="315,130,45,-30,325,-60,305,-30" /><INIT seed="7,0,0,1,1,109" ten="445,15,265,275" oya="3" hai0="23,30,27,7,49,127,26,71,44,102,31,94,8" hai1="2,50,121,19,105,13,59,87,133,106,79,10,77" hai2="88,47,55,93,113,104,48,63,25,80,123,58,75" hai3="67,110,12,96,52,129,22,86,41,15,38,100,14"/><W46/><G129/><T103/><D71/><U40/><E121/><V42/><F104/><W114/><G110/><T108/><D108/><U81/><E133/><V9/><F123/><W70/><G114/><T5/><D127/><U85/><E105/><V117/><F117/><W35/><G35/><T68/><D68/><U95/><E106/><V16/><F113/><W24/><G86/><T18/><D94/><U34/><E34/><V17/><F75/><W122/><G122/><T60/><D60/><U118/><E118/><V134/><F80/><W131/><G131/><T45/><D45/><U72/><E72/><V115/><F115/><W92/><G70/><T64/><D64/><U130/><E130/><V73/><F73/><W111/><G67/><T11/><D44/><U0/><E95/><V37/><F134/><W91/><G111/><T76/><D49/><U65/><E65/><V120/><F120/><W21/><G52/><T1/><D76/><U99/><E99/><N who="2" m="57767" /><F37/><W112/><G112/><T125/><D125/><U62/><E62/><V98/><F98/><W126/><G126/><T116/><D116/><U33/><E33/><V89/><F89/><W32/><REACH who="3" step="1"/><G91/><REACH who="3" ten="445,15,265,265" step="2"/><T124/><D124/><U78/><E78/><V6/><F25/><W57/><G57/><T54/><D54/><U4/><E59/><V51/><F63/><W107/><G107/><T84/><D84/><U132/><E132/><V69/><F69/><W39/><G39/><T74/><D74/><U53/><E53/><V83/><F83/><W36/><G36/><T43/><D43/><U66/><E66/><RYUUKYOKU ba="0,1" sc="445,-15,15,-15,265,15,265,15" hai2="6,9,16,17,42,47,48,51,55,58" hai3="12,14,15,21,22,24,32,38,41,46,92,96,100" /><INIT seed="7,1,1,1,5,86" ten="430,0,280,280" oya="3" hai0="21,51,13,40,10,100,17,99,89,52,133,25,132" hai1="115,76,109,5,20,19,35,131,118,22,11,101,39" hai2="126,119,121,73,33,29,34,108,12,117,62,3,58" hai3="42,83,46,79,49,32,59,14,106,69,128,93,66"/><W91/><G128/><T88/><D40/><U77/><E39/><V71/><F71/><W90/><G106/><N who="0" m="63775" /><D51/><U50/><E101/><V125/><F73/><W68/><G32/><T103/><D52/><U84/><E50/><V127/><F108/><W130/><G130/><T105/><D103/><U63/><E63/><V27/><F3/><W96/><G14/><T65/><D65/><U6/><E131/><V38/><F38/><W0/><G0/><T110/><D105/><U1/><E84/><V134/><F134/><N who="0" m="51818" /><D110/><U112/><E109/><V98/><F121/><W4/><G4/><AGARI ba="1,1" hai="4,10,13,17,21,25,88,89" m="51818,63775" machi="4" ten="30,7700,0" yaku="20,1,52,2,54,1" doraHai="86" who="0" fromWho="3" sc="430,90,0,0,280,0,280,-80" owari="520,62.0,0,-50.0,280,8.0,200,-20.0" /></mjloggm>