<mjloggm ver="2.3"><GO type="41" lobby="0"/><UN n0="%E2%93%9D%4C%75%63%6B%79%4A" n1="%61%73%75%6B%65" n2="%E9%AC%BC%E3%81%AE%4D" n3="%E3%82%82%E3%81%98%E3%82%83%E3%83%95%E3%83%AA" dan="17,16,14,13" rate="2150.17,2009.62,1896.96,1880.21" sx="M,M,M,M"/><TAIKYOKU oya="0"/><INIT seed="0,0,0,4,1,91" ten="250,250,250,250" oya="0" hai0="12,60,41,70,9,23,77,74,22,55,28,39,106" hai1="42,97,27,50,14,121,75,130,98,59,105,109,119" hai2="128,35,76,124,90,63,113,4,87,72,71,51,131" hai3="125,114,21,57,25,99,18,86,54,82,107,68,43"/><T2/><D106/><U24/><E119/><V38/><F113/><W112/><G68/><T95/><D2/><U101/><E121/><V104/><F38/><W117/><G117/><T32/><D32/><U16/><E109/><V135/><F35/><W66/><G125/><T49/><D39/><U5/><E130/><V79/><F124/><W64/><G43/><T78/><D74/><U8/><E75/><V10/><F135/><W33/><G114/><T94/><D60/><U73/><E73/><V30/><F30/><W52/><G112/><T84/><D41/><U103/><E5/><V15/><F104/><W3/><G3/><T133/><D70/><U61/><E50/><V134/><F134/><W37/><G37/><T62/><D62/><U6/><E6/><V20/><F20/><N who="0" m="7722" /><D28/><U120/><E42/><V36/><F36/><W19/><G33/><T129/><D129/><N who="2" m="49738" /><F51/><W100/><G19/><N who="0" m="8591" /><D133/><U111/><E111/><V31/><F72/><W96/><G99/><T26/><D26/><U88/><E120/><V13/><F15/><W46/><G46/><N who="0" m="28087" /><D84/><U69/><E69/><V102/><F31/><W48/><REACH who="3" step="1"/><G54/><REACH who="3" ten="250,250,250,240" step="2"/><T93/><AGARI ba="0,1" hai="77,78,93,94,95" m="28087,8591,7722" machi="93" ten="30,11700,0" yaku="8,1,52,3" doraHai="91" who="0" fromWho="0" sc="250,127,250,-39,250,-39,240,-39" /><INIT seed="0,1,0,0,3,59" ten="377,211,211,201" oya="0" hai0="24,38,99,84,57,8,27,63,108,51,75,81,64" hai1="102,54,43,88,131,53,31,115,33,25,74,46,50" hai2="55,125,106,113,47,132,97,9,118,105,116,133,18" hai3="13,80,119,110,96,126,49,62,87,26,135,37,68"/><T56/><D75/><U39/><E131/><V11/><F18/><W21/><G119/><N who="2" m="45609" /><F97/><W92/><G37/><T98/><D38/><U134/><E134/><N who="2" m="51819" /><F113/><W0/><G0/><T122/><D122/><U72/><E115/><V30/><F30/><W15/><G135/><T40/><D108/><U2/><E2/><V69/><F69/><W85/><G126/><T121/><D121/><U77/><E102/><V73/><F73/><W83/><G110/><T114/><D8/><N who="2" m="3146" /><F125/><W6/><G49/><AGARI ba="1,0" hai="47,49,55,105,106" m="3146,51819,45609" machi="49" ten="40,2600,0" yaku="12,1,20,1" doraHai="59" who="2" fromWho="3" sc="377,0,211,0,211,29,201,-29" /><INIT seed="1,0,0,0,1,128" ten="377,211,240,172" oya="1" hai0="62,70,127,51,72,68,126,53,2,96,78,38,35" hai1="104,31,122,131,133,84,119,112,97,8,134,9,75" hai2="10,85,100,7,74,56,24,61,81,28,93,121,120" hai3="41,49,57,117,132,129,115,130,22,111,15,54,44"/><U5/><E112/><V99/><F74/><W48/><G115/><T67/><D2/><U32/><E75/><V37/><F37/><N who="3" m="21551" /><G22/><T11/><D35/><U113/><E113/><V94/><F94/><W17/><G15/><T79/><D38/><U91/><E119/><V16/><F7/><W86/><G17/><T106/><D70/><U71/><E122/><V90/><F10/><W77/><G86/><T109/><D109/><U39/><E131/><N who="3" m="50186" /><G77/><T64/><D67/><U13/><E39/><V30/><F30/><W19/><G19/><T105/><D11/><U108/><E71/><V135/><F16/><W116/><G111/><T52/><D79/><U69/><E69/><V125/><F125/><N who="0" m="47626" /><D51/><U88/><E108/><V60/><F60/><W66/><G66/><T34/><D34/><U25/><E9/><V21/><REACH who="2" step="1"/><F135/><REACH who="2" ten="377,211,230,172" step="2"/><N who="1" m="51721" /><E84/><V12/><F12/><W110/><G132/><T42/><D72/><U107/><E97/><V36/><F36/><W101/><G110/><T98/><D98/><U3/><E13/><V102/><F102/><W26/><G101/><T82/><D96/><U45/><E45/><V29/><F29/><W59/><G26/><T80/><D68/><U18/><E18/><V23/><F23/><W114/><G114/><T58/><D58/><N who="3" m="22025" /><G54/><AGARI ba="0,1" hai="21,24,28,54,56,61,81,85,90,93,99,100,120,121" machi="54" ten="30,2000,0" yaku="1,1,7,1,53,0" doraHai="128" doraHaiUra="1" who="2" fromWho="3" sc="377,0,211,0,230,30,172,-20" /><INIT seed="2,0,0,1,0,43" ten="377,211,260,152" oya="2" hai0="109,14,98,107,8,48,83,44,90,86,35,113,104" hai1="115,128,120,50,110,51,32,5,92,69,96,16,37" hai2="68,78,21,42,45,24,88,95,72,10,67,89,119" hai3="131,22,18,94,30,23,124,20,84,101,53,49,54"/><V65/><F119/><W25/><G131/><T76/><D35/><U13/><E110/><V58/><F68/><W91/><G124/><T59/><D113/><U126/><E115/><V75/><F10/><W56/><G101/><T31/><D31/><U2/><E120/><V66/><F58/><W9/><G9/><T118/><D109/><U38/><E128/><V46/><F42/><W12/><REACH who="3" step="1"/><G54/><REACH who="3" ten="377,211,260,142" step="2"/><T108/><D108/><U123/><E126/><V47/><F78/><W105/><G105/><T71/><D107/><U41/><E123/><V135/><F135/><W19/><G19/><T0/><D104/><U17/><E17/><V39/><F39/><W112/><G112/><T61/><D8/><U77/><E16/><V122/><F122/><W85/><G85/><T28/><D86/><U99/><E38/><V60/><F60/><W29/><G29/><T132/><D61/><U100/><E100/><V55/><F55/><W62/><G62/><T74/><D28/><U129/><E37/><V70/><F70/><W33/><AGARI ba="0,1" hai="12,18,20,22,23,25,30,33,49,53,56,84,91,94" machi="33" ten="20,8000,1" yaku="1,1,0,1,7,1,25,2,53,0" doraHai="43" doraHaiUra="57" who="3" fromWho="3" sc="377,-20,211,-20,260,-40,142,90" /><INIT seed="3,0,0,5,5,22" ten="357,191,220,232" oya="3" hai0="133,73,58,1,67,3,64,60,124,99,32,128,51" hai1="117,68,35,61,90,87,55,33,30,41,34,118,125" hai2="69,26,5,40,27,130,113,127,38,93,103,24,66" hai3="6,12,21,79,42,116,76,82,25,112,110,8,105"/><W131/><G116/><N who="1" m="44650" /><E125/><V98/><F113/><W102/><G112/><T57/><D73/><U88/><E41/><V80/><F130/><W132/><G131/><T15/><D32/><U17/><E17/><V84/><F127/><W59/><G132/><T72/><D72/><U46/><E46/><V62/><F5/><W92/><G110/><T48/><D99/><U49/><E49/><V114/><F114/><W74/><G76/><T95/><D95/><N who="1" m="54687" /><E90/><V107/><F107/><W0/><G105/><T109/><D128/><U14/><E14/><V108/><F108/><W37/><G59/><T20/><D15/><U18/><E18/><V53/><F53/><W126/><G126/><T77/><D109/><U29/><E55/><V43/><REACH who="2" step="1"/><F38/><REACH who="2" ten="357,191,210,232" step="2"/><W31/><G37/><T97/><D124/><U119/><N who="1" m="44658" /><U71/><DORA hai="100" /><E71/><V94/><F94/><W2/><REACH who="3" step="1"/><G42/><REACH who="3" ten="357,191,210,222" step="2"/><T101/><D133/><U106/><E106/><V134/><F134/><W86/><G86/><T44/><D97/><AGARI ba="0,2" hai="0,2,6,8,12,21,25,31,74,79,82,92,97,102" machi="97" ten="40,7700,0" yaku="1,1,52,1,53,1" doraHai="22,100" doraHaiUra="85,7" who="3" fromWho="0" sc="357,-77,191,0,210,0,222,97" /><INIT seed="3,1,0,2,3,107" ten="280,191,210,319" oya="3" hai0="118,52,106,101,38,119,46,69,33,23,34,102,27" hai1="82,40,126,20,99,25,120,9,84,35,133,65,129" hai2="53,109,16,42,95,8,54,111,122,43,124,110,41" hai3="1,72,100,32,66,104,2,18,21,117,91,114,30"/><W61/><G117/><T125/><D69/><U31/><E120/><V22/><F8/><W108/><G114/><T11/><D38/><U6/><E133/><V80/><F122/><W39/><G39/><T115/><D106/><U0/><E129/><V37/><F37/><W78/><G91/><T79/><D79/><U36/><E126/><V19/><F124/><W74/><G78/><T3/><D102/><U47/><E65/><V68/><F68/><N who="3" m="42063" /><G108/><T97/><D115/><U15/><E99/><V131/><F131/><W105/><G18/><N who="2" m="6697" /><F22/><W17/><G21/><T113/><D23/><U112/><E112/><V77/><F95/><W7/><G17/><T134/><D119/><U73/><E35/><V60/><F60/><W62/><G62/><T24/><D118/><U64/><E64/><V103/><F103/><W51/><G51/><T123/><D123/><U92/><E92/><V44/><F44/><W29/><G29/><T88/><D46/><U89/><REACH who="1" step="1"/><E0/><REACH who="1" ten="280,181,210,319" step="2"/><N who="3" m="106" /><G105/><T5/><D113/><U86/><E86/><AGARI ba="1,1" hai="41,42,43,53,54,77,80,86,109,110,111" m="6697" machi="86" ten="40,2600,0" yaku="14,1,54,1" doraHai="107" who="2" fromWho="1" sc="280,0,181,-29,210,39,319,0" /><INIT seed="4,0,0,3,3,98" ten="280,152,249,319" oya="0" hai0="21,95,113,9,67,129,53,55,100,42,18,66,122" hai1="121,39,70,125,63,27,54,119,45,83,24,115,34" hai2="16,41,78,92,74,23,132,71,58,128,17,57,117" hai3="134,110,106,28,60,79,61,131,111,102,123,22,52"/><T104/><D122/><U56/><E121/><V97/><F71/><W126/><G123/><T87/><D104/><U88/><E119/><V31/><F41/><W12/><G131/><T72/><D72/><U26/><E125/><V82/><F128/><W84/><G126/><T105/><D105/><U37/><E115/><V133/><F117/><W1/><G134/><N who="2" m="51817" /><F31/><W40/><G1/><T25/><D42/><U116/><E116/><V44/><F44/><W107/><G40/><T62/><D113/><U38/><E70/><V85/><F74/><W99/><G107/><T47/><D9/><U73/><E45/><V109/><F109/><W15/><G12/><T91/><D129/><U68/><E68/><V11/><F11/><W13/><G15/><T103/><D55/><U127/><E127/><V29/><F29/><W19/><G28/><T69/><REACH who="0" step="1"/><D67/><REACH who="0" ten="270,152,249,319" step="2"/><U94/><E34/><V33/><F33/><W30/><G111/><T10/><D10/><U75/><REACH who="1" step="1"/><E83/><REACH who="1" ten="270,142,249,319" step="2"/><V65/><F23/><W8/><G110/><T90/><D90/><U130/><E130/><V101/><F57/><W3/><G22/><T36/><D36/><U2/><E2/><V32/><F32/><W86/><G3/><T76/><D76/><U108/><E108/><V6/><F58/><W59/><G79/><T7/><D7/><U4/><E4/><V77/><F6/><W49/><G59/><T0/><D0/><U48/><E48/><AGARI ba="0,2" hai="18,21,25,47,48,53,62,66,69,87,91,95,100,103" machi="48" ten="40,12000,1" yaku="1,1,52,2,53,1" doraHai="98" doraHaiUra="43" who="0" fromWho="1" sc="270,140,142,-120,249,0,319,0" /><INIT seed="4,1,0,2,5,2" ten="410,22,249,319" oya="0" hai0="61,78,103,31,99,102,40,116,42,30,133,5,69" hai1="4,114,6,20,24,132,101,77,36,128,106,70,58" hai2="66,49,39,53,109,48,9,108,125,129,60,135,28" hai3="83,95,18,88,105,118,19,23,35,87,52,37,41"/><T89/><D116/><U22/><E70/><V47/><F28/><W97/><G118/><T43/><D78/><U127/><E36/><V44/><F9/><W26/><G105/><T76/><D76/><U72/><E132/><V112/><F112/><W54/><G41/><T38/><D38/><U80/><E114/><V75/><F39/><W121/><G37/><T33/><D133/><U68/><E68/><V1/><F1/><W13/><G121/><T98/><D89/><U122/><E122/><V113/><F135/><W12/><G35/><T74/><D74/><U15/><E128/><V126/><F75/><W123/><G123/><T27/><D31/><U56/><E127/><N who="2" m="48651" /><F129/><W84/><G84/><T67/><REACH who="0" step="1"/><D5/><REACH who="0" ten="400,22,249,319" step="2"/><U134/><E134/><V11/><F113/><W119/><G119/><T29/><D29/><U92/><E4/><V25/><F25/><W64/><G26/><T86/><D86/><U115/><E24/><V131/><F131/><W63/><G19/><T62/><D62/><U94/><E115/><V32/><F32/><W59/><REACH who="3" step="1"/><G12/><REACH who="3" ten="400,22,249,309" step="2"/><T107/><D107/><U91/><E15/><V55/><F11/><W93/><G93/><T0/><D0/><U71/><E94/><V8/><F8/><W50/><G50/><T90/><D90/><AGARI ba="1,2" hai="13,18,23,52,54,59,63,64,83,87,88,90,95,97" machi="90" ten="30,8000,1" yaku="1,1,7,1,8,1,54,2,53,0" doraHai="2" doraHaiUra="120" who="3" fromWho="0" sc="400,-83,22,0,249,0,309,103" /><INIT seed="5,0,0,0,4,9" ten="317,22,249,412" oya="1" hai0="19,81,75,57,125,49,23,101,135,82,128,44,55" hai1="89,95,115,112,87,28,15,80,109,100,35,107,132" hai2="29,62,16,116,8,126,39,68,103,121,133,42,96" hai3="122,3,102,72,67,111,53,10,43,73,26,93,86"/><U124/><E35/><V58/><F121/><W7/><G111/><T5/><D128/><U110/><E28/><V33/><F116/><W108/><G122/><T134/><D5/><U99/><E15/><V65/><F126/><W63/><G108/><N who="1" m="41578" /><E124/><V6/><F133/><N who="0" m="50698" /><D75/><U94/><E132/><V74/><F74/><W34/><G43/><T71/><D71/><U47/><E47/><V52/><F42/><W11/><G11/><T66/><D101/><U48/><E48/><V50/><F39/><W36/><G36/><T120/><D120/><U88/><E107/><V1/><F29/><W85/><G53/><T129/><D125/><U17/><E17/><V27/><F33/><W97/><G86/><AGARI ba="0,0" hai="80,86,87,88,89,94,95,99,100,112,115" m="41578" machi="86" ten="30,11600,0" yaku="10,1,34,2,54,1" doraHai="9" who="1" fromWho="3" sc="317,0,22,116,249,0,412,-116" /><INIT seed="5,1,0,5,0,120" ten="317,138,249,296" oya="1" hai0="17,18,125,85,97,104,81,45,73,69,5,6,14" hai1="100,53,122,46,82,11,76,118,117,10,61,35,87" hai2="99,67,109,7,121,47,16,1,41,83,70,102,58" hai3="86,12,26,28,55,54,30,60,65,126,62,59,4"/><U2/><E122/><V93/><F121/><W23/><G126/><T57/><D69/><U63/><E35/><V49/><F70/><W75/><G75/><T124/><D73/><U98/><E118/><V108/><F1/><W133/><G133/><T43/><D57/><U38/><E117/><V20/><F7/><W29/><G54/><T34/><D97/><U128/><E128/><V92/><F83/><W24/><G24/><T84/><D104/><U37/><E37/><V107/><F67/><W56/><G86/><T31/><D31/><U103/><E103/><V25/><REACH who="2" step="1"/><F58/><REACH who="2" ten="317,138,239,296" step="2"/><W134/><G134/><T39/><D6/><U89/><E2/><V91/><F91/><W95/><G95/><AGARI ba="1,1" hai="16,20,25,41,47,49,92,93,95,99,102,107,108,109" machi="95" ten="40,8000,1" yaku="1,1,52,2,54,1,53,0" doraHai="120" doraHaiUra="74" who="2" fromWho="3" sc="317,0,138,0,239,93,296,-83" /><INIT seed="6,0,0,0,0,133" ten="317,138,332,213" oya="2" hai0="1,102,99,70,50,55,3,87,15,67,89,65,129" hai1="41,7,75,14,32,80,5,18,130,19,77,4,88" hai2="57,21,94,31,68,56,131,127,34,96,72,26,62" hai3="114,40,33,24,10,61,113,35,51,104,76,132,17"/><V128/><F72/><W73/><G132/><T48/><D129/><N who="2" m="49738" /><F127/><W92/><G104/><T86/><D15/><U107/><E130/><V121/><F121/><W8/><G61/><T124/><D70/><U115/><E107/><V90/><F34/><W116/><G116/><T78/><D78/><U108/><E108/><V28/><F31/><W134/><G134/><T39/><D89/><U63/><E115/><N who="3" m="44042" /><G92/><T20/><D20/><U118/><E118/><V47/><F47/><W69/><G69/><T16/><D55/><U112/><E32/><N who="3" m="12362" /><G76/><T81/><D81/><U122/><E122/><V29/><F29/><W2/><G73/><T13/><D67/><AGARI ba="0,0" hai="21,26,28,56,57,62,67,68,90,94,96" m="49738" machi="67" ten="30,1500,0" yaku="19,1" doraHai="133" who="2" fromWho="0" sc="317,-15,138,0,332,15,213,0" /><INIT seed="6,1,0,2,0,60" ten="302,138,347,213" oya="2" hai0="33,77,128,76,14,101,47,1,112,61,38,22,123" hai1="15,94,48,82,100,16,64,102,66,97,4,7,86" hai2="79,50,12,24,28,0,90,130,58,134,53,95,43" hai3="113,108,131,121,72,91,122,110,88,69,80,105,85"/><V6/><F0/><W31/><G69/><T2/><D33/><U74/><E102/><V120/><F120/><N who="3" m="46187" /><G31/><T11/><D101/><U65/><E48/><V135/><F43/><W25/><G25/><T5/><D112/><U129/><E129/><V51/><F130/><W37/><G131/><T127/><D127/><U34/><E74/><V36/><F36/><W55/><G55/><T39/><D128/><U115/><E34/><V73/><F12/><W126/><G37/><T83/><D77/><N who="1" m="46415" /><E115/><V70/><F6/><W23/><G23/><AGARI ba="1,0" hai="4,7,15,16,23,64,65,66,94,97,100" m="46415" machi="23" ten="30,8000,1" yaku="8,1,52,3,54,1" doraHai="60" who="1" fromWho="3" sc="302,0,138,83,347,0,213,-83" /><INIT seed="7,0,0,5,1,121" ten="302,221,347,130" oya="3" hai0="38,88,33,47,113,25,3,9,116,57,122,40,97" hai1="35,132,0,54,94,12,55,19,17,118,48,8,128" hai2="102,14,129,7,10,44,65,108,133,86,39,15,115" hai3="87,11,92,28,27,114,30,58,85,120,84,105,24"/><W50/><G120/><T75/><D122/><U82/><E132/><V80/><F133/><W59/><G105/><T79/><D57/><N who="3" m="21513" /><G114/><T126/><D126/><U119/><E128/><V13/><F129/><W26/><G50/><T51/><D116/><N who="1" m="44587" /><E35/><V78/><F115/><W49/><G49/><T99/><D51/><U5/><E19/><V112/><F112/><W110/><G11/><T46/><D47/><U32/><E32/><V83/><F44/><W37/><G37/><T117/><D117/><U56/><E54/><V98/><F39/><W100/><G110/><T23/><D33/><U76/><E94/><V124/><F108/><W123/><G123/><T89/><D113/><U22/><E82/><V96/><F83/><W68/><G68/><T63/><D9/><U71/><E76/><V73/><F73/><W135/><G135/><T111/><D75/><U81/><E81/><V62/><F80/><W93/><G100/><T77/><D79/><U91/><E91/><N who="0" m="34889" /><D77/><U42/><E42/><V16/><F102/><W64/><G64/><T125/><D111/><U2/><E71/><V66/><F65/><W60/><G60/><T130/><D63/><U45/><E45/><V31/><F62/><W20/><G20/><T74/><D74/><U127/><E127/><V103/><F66/><W6/><G6/><T101/><D125/><U131/><E131/><V1/><F124/><W41/><G41/><T61/><D61/><U34/><E34/><V67/><F78/><W21/><G21/><T18/><D130/><U72/><E72/><V104/><F67/><W53/><G53/><RYUUKYOKU ba="0,0" sc="302,-15,221,15,347,-15,130,15" hai1="0,2,5,8,12,17,22,48,55,56" hai3="24,26,27,28,30,84,85,87,92,93" /><INIT seed="7,1,0,4,2,18" ten="287,236,332,145" oya="3" hai0="107,23,115,4,51,82,10,108,64,128,28,106,112" hai1="130,77,61,129,86,85,30,88,5,36,63,99,104" hai2="74,42,111,87,41,56,52,44,35,58,96,123,81" hai3="21,76,103,102,24,13,50,47,132,95,66,117,43"/><W110/><G117/><T39/><D39/><U91/><E36/><V62/><F35/><W89/><G110/><T92/><D108/><U68/><E5/><V78/><F111/><W14/><G132/><T40/><D92/><U26/><E77/><V20/><F123/><W84/><G66/><T48/><D82/><U15/><E15/><V113/><F113/><N who="0" m="43594" /><D128/><N who="1" m="49259" /><E85/><V125/><F74/><W6/><G76/><T17/><D28/><U37/><E37/><V49/><F96/><W31/><G6/><T97/><D40/><U118/><E118/><V120/><F120/><W134/><G134/><T11/><D64/><N who="1" m="40975" /><E86/><V9/><F42/><W73/><G73/><T2/><D11/><U16/><E63/><V25/><F9/><W71/><G71/><T67/><D67/><U98/><E30/><V57/><F125/><W83/><G83/><T54/><D97/><N who="1" m="36875" /><E104/><N who="0" m="39977" /><D54/><U100/><E100/><AGARI ba="1,0" hai="13,14,21,24,31,43,47,50,84,89,95,100,102,103" machi="100" ten="40,3900,0" yaku="8,1,52,1" doraHai="18" who="3" fromWho="1" sc="287,0,236,-42,332,0,145,42" /><INIT seed="7,2,0,1,0,126" ten="287,194,332,187" oya="3" hai0="18,39,90,0,48,87,33,79,100,15,7,114,28" hai1="37,77,70,78,47,119,135,92,80,120,26,8,95" hai2="38,110,116,45,55,11,6,59,21,130,49,24,12" hai3="4,72,102,53,125,93,14,69,65,30,84,108,74"/><W81/><G125/><T82/><D39/><U58/><E120/><V43/><F116/><W60/><G108/><T10/><D100/><U9/><E70/><V35/><F110/><W121/><G121/><T29/><D33/><U83/><E119/><V42/><F42/><W106/><G106/><T101/><D101/><U124/><E124/><V132/><F35/><W46/><G30/><T88/><D114/><U52/><E135/><V112/><F132/><W50/><G4/><T20/><D48/><N who="1" m="30983" /><E37/><V107/><F107/><W41/><G14/><T25/><D29/><U91/><E47/><V122/><F112/><W105/><G105/><T133/><D133/><U3/><E3/><V44/><F44/><W40/><G40/><T134/><D134/><U104/><E26/><V109/><F122/><W86/><G86/><T117/><D117/><U56/><E56/><V16/><F109/><W32/><G32/><T54/><D54/><U113/><E104/><V128/><AGARI ba="2,0" hai="6,11,12,16,21,24,38,43,45,49,55,59,128,130" machi="128" ten="30,7900,0" yaku="0,1,52,2,54,1" doraHai="126" who="2" fromWho="2" sc="287,-22,194,-22,332,85,187,-41" owari="265,6.5,172,-22.8,417,51.7,146,-35.4" /></mjloggm>