<mjloggm ver="2.3"><GO type="41" lobby="0"/><UN n0="%30%39%30%30%30%30%30%30" n1="%E2%93%9D%4C%75%63%6B%79%4A" n2="%E5%B0%84%E6%89%8B%E5%BA%A7" n3="%E3%82%88%E3%81%97%E3%82%84%E3%82%8B%E8%94%B5" dan="14,18,13,14" rate="1953.87,2146.58,1858.03,1946.43" sx="M,M,M,M"/><TAIKYOKU oya="0"/><INIT seed="0,0,0,4,3,9" ten="250,250,250,250" oya="0" hai0="23,38,36,72,22,4,105,11,128,18,25,107,66" hai1="21,8,52,99,65,96,63,119,130,43,82,6,40" hai2="133,125,100,28,45,132,129,80,131,102,120,116,56" hai3="110,134,90,71,34,50,74,55,53,135,81,26,32"/><T108/><D72/><U115/><E119/><V5/><F28/><W89/><G71/><T109/><D66/><U87/><E130/><N who="2" m="49675" /><F5/><W57/><G74/><T67/><D67/><U88/><E115/><V13/><F116/><W92/><G26/><T19/><D128/><U31/><E31/><V122/><F56/><W12/><G110/><N who="0" m="42603" /><D19/><U27/><E65/><V94/><F13/><W84/><G135/><N who="2" m="51785" /><F45/><W77/><G134/><T0/><D23/><U62/><E21/><V2/><F2/><W104/><G104/><AGARI ba="0,0" hai="0,4,11,18,22,25,36,38,104,105,107" m="42603" machi="104" ten="30,2900,0" yaku="14,1,10,1" doraHai="9" who="0" fromWho="3" sc="250,29,250,0,250,0,250,-29" /><INIT seed="0,1,0,5,3,45" ten="279,250,250,221" oya="0" hai0="72,2,106,1,93,98,120,128,37,74,12,4,119" hai1="64,62,78,112,126,131,60,24,44,53,23,80,9" hai2="88,30,65,19,116,59,25,54,114,32,122,129,86" hai3="26,77,41,39,82,27,91,68,51,21,10,0,7"/><T55/><D37/><U63/><E112/><V50/><F114/><W103/><G68/><T108/><D119/><U42/><E126/><V96/><F122/><W125/><G125/><T48/><D106/><U115/><E115/><V28/><F116/><W16/><G103/><T15/><D120/><U49/><E131/><V20/><F129/><W132/><G39/><T105/><D105/><U73/><E9/><V130/><F130/><W89/><G132/><T35/><D35/><U134/><E134/><V61/><F96/><W113/><G113/><T76/><D128/><U111/><E111/><V38/><F32/><W17/><G41/><T127/><D76/><U33/><E33/><V118/><F38/><W58/><G27/><T31/><D31/><U13/><E13/><V36/><F36/><W52/><G17/><T123/><D15/><U14/><E14/><V22/><F22/><W46/><G46/><T69/><D12/><U121/><E121/><V29/><F118/><W92/><G92/><T100/><D93/><U11/><E11/><V84/><REACH who="2" step="1"/><F88/><REACH who="2" ten="279,250,240,221" step="2"/><W34/><G34/><T3/><D123/><U85/><E73/><AGARI ba="1,1" hai="0,7,10,16,21,26,51,52,58,73,77,82,89,91" machi="73" ten="30,7700,0" yaku="7,1,52,1,54,2" doraHai="45" who="3" fromWho="1" sc="279,0,250,-80,240,0,221,90" /><INIT seed="1,0,0,5,0,84" ten="279,170,240,311" oya="1" hai0="131,99,81,74,110,90,21,3,115,100,105,2,48" hai1="101,64,25,43,109,49,7,120,113,124,82,37,108" hai2="121,68,28,95,128,63,45,122,75,62,129,112,89" hai3="97,44,69,93,1,134,80,35,50,32,65,38,98"/><U118/><E113/><V92/><F75/><W31/><G134/><T53/><D115/><U103/><E120/><V73/><F73/><W130/><G130/><N who="2" m="50281" /><F112/><W70/><G38/><T26/><D110/><N who="1" m="42603" /><E7/><V123/><F28/><W60/><G70/><T76/><D131/><U24/><E37/><V51/><F68/><W13/><G1/><T133/><D133/><U34/><E64/><V71/><F71/><W104/><G31/><T83/><D83/><U132/><E118/><V23/><F23/><W17/><G80/><T91/><D2/><U41/><E124/><V79/><F95/><W46/><G98/><T16/><REACH who="0" step="1"/><D3/><REACH who="0" ten="269,170,240,311" step="2"/><U78/><E132/><V125/><F125/><W55/><G104/><T107/><D107/><U117/><E117/><V61/><F79/><W86/><G93/><T88/><D88/><U87/><E103/><V116/><F116/><W111/><G111/><T52/><D52/><U29/><E101/><V67/><F67/><W114/><G65/><T9/><D9/><U72/><E72/><V14/><F92/><W57/><G55/><T127/><D127/><U126/><E126/><V42/><F89/><W102/><G102/><T30/><D30/><N who="1" m="19791" /><E49/><V20/><F123/><W96/><G50/><T85/><D85/><U58/><E58/><AGARI ba="0,1" hai="16,21,26,48,53,58,74,76,81,90,91,99,100,105" machi="58" ten="30,8000,1" yaku="1,1,7,1,52,2,54,1,53,0" doraHai="84" doraHaiUra="0" who="0" fromWho="1" sc="269,90,170,-80,240,0,311,0" /><INIT seed="2,0,0,1,5,52" ten="359,90,240,311" oya="2" hai0="67,129,95,82,25,103,60,117,72,131,107,44,42" hai1="6,83,37,125,114,118,93,87,120,36,55,124,113" hai2="39,91,134,58,59,48,38,2,34,99,63,32,10" hai3="54,4,46,100,7,106,29,9,66,35,132,1,121"/><V98/><F134/><W74/><G132/><T90/><D117/><U88/><E6/><V116/><F116/><W28/><G121/><T23/><D103/><U76/><E37/><V17/><F2/><W79/><G35/><T8/><D8/><U64/><E64/><V94/><F34/><W77/><G66/><T80/><D107/><U133/><E36/><V110/><F32/><W65/><G7/><T89/><D89/><U53/><E55/><N who="2" m="32103" /><F39/><W13/><G1/><T18/><D72/><U47/><E47/><V73/><F73/><W14/><G14/><T24/><D24/><U70/><E53/><N who="2" m="34287" /><F38/><W101/><G74/><T96/><D129/><U126/><E70/><V112/><F112/><N who="1" m="43113" /><E118/><V16/><F110/><W75/><G65/><T11/><D131/><U84/><E133/><V62/><F62/><W122/><G122/><AGARI ba="0,0" hai="76,83,84,87,88,93,120,122,124,125,126" m="43113" machi="122" ten="40,8000,1" yaku="18,1,34,2,54,1" doraHai="52" who="1" fromWho="3" sc="359,0,90,80,240,0,311,-80" /><INIT seed="3,0,0,1,4,76" ten="359,170,240,231" oya="3" hai0="16,9,125,120,56,82,17,71,49,78,32,24,18" hai1="133,31,70,94,132,8,128,102,33,77,85,100,112" hai2="46,28,134,41,23,53,14,88,50,79,2,113,34" hai3="29,37,129,121,55,95,62,19,119,84,87,42,20"/><W93/><G119/><T124/><D71/><U15/><E70/><V13/><F113/><W4/><G121/><T74/><D120/><U75/><E31/><V61/><F2/><W117/><G117/><T7/><D49/><U65/><E33/><V52/><F134/><N who="1" m="51817" /><E65/><V86/><F79/><W122/><G122/><T96/><D56/><U66/><E66/><V57/><F34/><W54/><G29/><T58/><D58/><U10/><E10/><V35/><F35/><W127/><G4/><T80/><D96/><U101/><E8/><V107/><F107/><W106/><G106/><T73/><D32/><U114/><E15/><N who="2" m="5643" /><F23/><W68/><G68/><T131/><D24/><U130/><E75/><N who="0" m="28681" /><D131/><N who="1" m="50219" /><E77/><V103/><F103/><W40/><G129/><T69/><D78/><U98/><E85/><V6/><F28/><W51/><G37/><T64/><D64/><U47/><E47/><V3/><F3/><W67/><G67/><T21/><D21/><U45/><E45/><V43/><F6/><W0/><G0/><N who="0" m="231" /><D69/><U38/><E38/><V123/><F123/><W5/><G20/><T59/><D59/><U1/><E1/><V36/><F36/><W22/><G22/><T25/><D25/><U126/><E126/><AGARI ba="0,0" hai="16,17,18,80,82,124,125,126" m="231,28681" machi="126" ten="40,8000,1" yaku="18,1,52,2,54,1" doraHai="76" who="0" fromWho="1" sc="359,80,170,-80,240,0,231,0" /><INIT seed="4,0,0,0,5,44" ten="439,90,240,231" oya="0" hai0="108,110,26,17,123,19,102,53,3,61,51,112,93" hai1="52,62,121,103,92,129,116,37,28,8,76,66,57" hai2="125,80,106,100,20,97,120,88,122,73,15,4,47" hai3="14,95,9,30,135,127,96,2,99,86,56,87,32"/><T71/><D93/><U0/><E121/><V98/><F125/><W13/><G127/><T81/><D102/><U68/><E116/><V29/><F47/><W24/><G2/><T79/><D3/><U38/><E28/><V10/><F73/><W33/><G33/><T50/><D50/><U117/><E129/><V25/><REACH who="2" step="1"/><F98/><REACH who="2" ten="439,90,230,231" step="2"/><W60/><G99/><T39/><D123/><U85/><E117/><V111/><F111/><W49/><G135/><T48/><D110/><U82/><E103/><V21/><F21/><W41/><G87/><AGARI ba="0,1" hai="4,10,15,20,25,29,80,87,88,97,100,106,120,122" machi="87" ten="40,2600,0" yaku="1,1,54,1,53,0" doraHai="44" doraHaiUra="132" who="2" fromWho="3" sc="439,0,90,0,230,36,231,-26" /><INIT seed="5,0,0,5,4,87" ten="439,90,266,205" oya="1" hai0="9,107,56,92,36,120,15,70,82,3,42,74,35" hai1="16,6,104,102,39,78,133,131,110,111,113,20,33" hai2="46,14,52,17,134,68,135,71,41,10,49,81,86" hai3="103,1,57,124,65,11,72,127,2,90,54,21,116"/><U37/><E33/><V50/><F134/><W121/><G121/><T101/><D56/><U89/><E78/><V128/><F128/><W67/><G72/><T60/><D92/><U47/><E6/><V93/><F93/><W97/><G116/><T96/><D82/><U99/><E113/><V58/><REACH who="2" step="1"/><F135/><REACH who="2" ten="439,90,256,205" step="2"/><W115/><G115/><T44/><D107/><U32/><E133/><V66/><F66/><W108/><G67/><T75/><D120/><U27/><E131/><V55/><F55/><W31/><G65/><T25/><D42/><U7/><E32/><V98/><F98/><W76/><G127/><T80/><D80/><U126/><E126/><V125/><F125/><W95/><G124/><T19/><D70/><U73/><E73/><V69/><F69/><W48/><G103/><T85/><D101/><U4/><E111/><V28/><F28/><W122/><G108/><T62/><D96/><U64/><E110/><V43/><F43/><W23/><G31/><T129/><D129/><U18/><E64/><V114/><F114/><W34/><G34/><T12/><D74/><U13/><E102/><V40/><F40/><W100/><G100/><T45/><D75/><U83/><E104/><V130/><F130/><W24/><G97/><T77/><D35/><U88/><E99/><V132/><F132/><W109/><G95/><T91/><D85/><U38/><E83/><V105/><F105/><W8/><G109/><T117/><D117/><U0/><E0/><V53/><F53/><W63/><G122/><T123/><D3/><U59/><E59/><V22/><F22/><RYUUKYOKU ba="0,1" sc="439,-10,90,-10,256,30,205,-10" hai2="10,14,17,41,46,49,50,52,58,68,71,81,86" /><INIT seed="6,1,1,4,3,19" ten="429,80,286,195" oya="2" hai0="41,84,125,95,38,8,110,10,54,115,63,86,75" hai1="31,25,111,35,79,15,67,82,60,103,53,132,28" hai2="134,16,34,18,1,104,124,52,11,5,70,49,23" hai3="45,42,68,128,4,57,62,92,29,87,69,32,74"/><V80/><F134/><W12/><G74/><T21/><D75/><U91/><E111/><V99/><F124/><W39/><G128/><T98/><D54/><U64/><E132/><V2/><F70/><W9/><G29/><T72/><D21/><U44/><E103/><V7/><F34/><W14/><G32/><T76/><D63/><U24/><E91/><V89/><F18/><W77/><G92/><T55/><D55/><U112/><E112/><V73/><F104/><W114/><G114/><T81/><D95/><U126/><E15/><V46/><F99/><W61/><G61/><T97/><D86/><U30/><E126/><V37/><F37/><W119/><G119/><T26/><D84/><U6/><E6/><V58/><F58/><W27/><G27/><T100/><D26/><U90/><E90/><V40/><F40/><W120/><G14/><T22/><D98/><U96/><E96/><V113/><F113/><W106/><G120/><T20/><D97/><U71/><E67/><V102/><F102/><W109/><G109/><T83/><D100/><U65/><E65/><V51/><F51/><W48/><G39/><T101/><D38/><U85/><REACH who="1" step="1"/><E35/><REACH who="1" ten="429,70,286,195" step="2"/><V107/><F89/><W123/><G106/><T36/><D101/><U47/><E47/><V116/><F107/><W135/><G135/><T108/><D110/><U93/><E93/><V105/><F105/><W117/><G45/><T94/><D108/><U130/><E130/><V3/><F5/><W131/><G4/><T127/><D125/><U122/><E122/><V17/><F7/><W59/><G123/><RYUUKYOKU ba="1,2" sc="429,-10,70,30,286,-10,195,-10" hai1="24,25,28,30,31,44,53,60,64,71,79,82,85" /><INIT seed="7,2,2,0,2,26" ten="419,100,276,185" oya="3" hai0="125,9,111,21,123,45,12,36,118,54,85,16,104" hai1="72,1,79,126,68,23,112,50,43,110,48,99,15" hai2="28,119,60,41,101,93,59,92,81,73,134,69,89" hai3="14,66,97,75,94,82,46,61,65,132,0,88,24"/><W49/><G0/><T4/><D104/><U109/><E1/><V11/><F119/><W30/><G14/><T2/><D111/><U103/><E68/><V96/><F69/><W113/><G132/><T37/><D125/><U120/><E120/><V121/><F41/><W90/><G113/><T31/><D123/><U52/><E112/><V35/><F11/><W105/><G105/><T58/><D45/><U40/><E72/><V7/><F7/><W56/><G75/><T13/><D13/><U98/><E79/><V115/><F115/><W116/><G116/><T128/><D128/><U106/><E126/><V8/><F8/><W38/><G38/><T80/><D31/><U32/><E32/><V117/><F134/><W64/><G82/><T57/><D57/><U55/><E15/><V22/><F35/><W122/><G90/><T33/><D33/><U130/><E106/><V29/><F22/><N who="3" m="15639" /><G122/><T39/><D118/><U114/><E114/><V71/><F71/><W129/><G129/><T95/><D39/><U87/><E23/><V53/><F121/><W44/><G44/><T100/><D37/><U131/><E87/><V84/><F117/><W91/><G91/><T19/><D85/><U20/><E20/><V25/><F25/><W74/><G74/><T107/><D36/><U76/><E76/><V133/><F133/><W42/><AGARI ba="2,2" hai="42,46,49,56,61,64,65,66,88,94,97" m="15639" machi="42" ten="30,6000,0" yaku="8,1,52,1,54,1" doraHai="26" who="3" fromWho="3" sc="419,-22,100,-22,276,-22,185,86" /><INIT seed="7,3,0,0,4,66" ten="397,78,254,271" oya="3" hai0="121,77,24,96,100,58,126,42,61,95,68,57,21" hai1="19,33,122,85,60,28,90,117,83,45,5,55,16" hai2="112,118,56,78,7,30,115,72,101,47,103,41,27" hai3="4,102,3,93,62,91,84,23,59,114,17,26,99"/><W2/><G114/><N who="2" m="43561" /><F118/><W133/><G4/><T43/><D121/><U79/><E122/><V111/><F111/><W123/><G133/><T31/><D126/><U11/><E33/><N who="2" m="20703" /><F7/><W36/><G36/><T98/><D77/><U40/><E28/><V135/><F135/><W49/><G49/><T80/><D80/><U108/><E108/><V44/><F56/><W110/><G110/><T105/><D68/><U37/><E117/><V29/><F29/><W120/><G120/><T8/><D58/><U109/><E109/><V75/><F47/><W87/><G87/><T124/><D8/><U48/><E60/><V67/><F67/><W94/><G123/><T53/><D124/><U18/><E37/><N who="2" m="21551" /><F78/><W129/><G129/><T128/><D128/><U69/><E69/><V86/><F86/><W9/><G9/><T130/><REACH who="0" step="1"/><D130/><REACH who="0" ten="387,78,254,271" step="2"/><U13/><REACH who="1" step="1"/><E90/><AGARI ba="3,1" hai="21,24,31,42,43,53,57,61,90,95,96,98,100,105" machi="90" ten="30,3900,0" yaku="1,1,2,1,7,1,53,0" doraHai="66" doraHaiUra="82" who="0" fromWho="1" sc="387,58,78,-48,254,0,271,0" owari="445,54.5,30,-47.0,254,-14.6,271,7.1" /></mjloggm>