<mjloggm ver="2.3"><GO type="41" lobby="0"/><UN n0="%E2%93%9D%4C%75%63%6B%79%4A" n1="%4A%55%4E%4B%49%45%53" n2="%E6%B1%9F%E9%9B%AA%E4%BD%95%E5%B9%B4%E5%88%9D%E6%98%A0%E6%9C%88" n3="%E8%BF%B7%E6%8E%A2%E5%81%B5%E3%82%B3%E3%82%AB%E3%83%B3" dan="18,14,13,14" rate="2168.54,1918.27,2109.63,1966.36" sx="M,F,M,M"/><TAIKYOKU oya="0"/><INIT seed="0,0,0,1,0,21" ten="250,250,250,250" oya="0" hai0="3,9,64,86,33,47,48,37,32,131,135,94,119" hai1="98,42,71,46,6,87,39,106,125,20,15,114,93" hai2="40,63,82,126,10,65,22,69,23,44,38,85,95" hai3="107,70,81,36,96,109,122,17,133,56,130,90,30"/><T58/><D119/><U110/><E110/><V91/><F126/><W57/><G109/><T43/><D135/><U60/><E125/><V24/><F10/><W92/><G133/><T99/><D131/><U128/><E128/><V27/><REACH who="2" step="1"/><F95/><REACH who="2" ten="250,250,240,250" step="2"/><W19/><G92/><T76/><D9/><U105/><E114/><V45/><F45/><W29/><G130/><T132/><D132/><U102/><E6/><V28/><F28/><W16/><G29/><T68/><D94/><U124/><E124/><V12/><F12/><W1/><G30/><T53/><D3/><U5/><E5/><V4/><F4/><W117/><G1/><T103/><D99/><U104/><E15/><V80/><F80/><W116/><G81/><N who="0" m="47399" /><D103/><U88/><REACH who="1" step="1"/><E20/><AGARI ba="0,1" hai="20,22,23,24,27,38,40,44,63,65,69,82,85,91" machi="20" ten="40,5200,0" yaku="1,1,52,2,53,0" doraHai="21" doraHaiUra="25" who="2" fromWho="1" sc="250,0,250,-52,240,62,250,0" /><INIT seed="1,0,0,4,1,122" ten="250,198,302,250" oya="1" hai0="56,16,72,95,20,118,66,76,103,43,34,1,84" hai1="87,85,124,42,63,123,33,126,83,81,48,29,106" hai2="92,59,60,131,79,21,30,89,111,86,36,120,68" hai3="108,112,119,44,27,49,26,55,97,37,80,134,133"/><U115/><E106/><V3/><F3/><W12/><G112/><T2/><D34/><U113/><E29/><V53/><F131/><W128/><G128/><T71/><D71/><U40/><E33/><V8/><F36/><W54/><G37/><T78/><D118/><U67/><E48/><V107/><F107/><W135/><G119/><T24/><D72/><U82/><E63/><V129/><F120/><W14/><G97/><N who="0" m="59839" /><D2/><U50/><E67/><V105/><F105/><W121/><G121/><T75/><D75/><U114/><E50/><V104/><F104/><W132/><N who="3" m="33792" /><DORA hai="64" /><W57/><G80/><T23/><D43/><N who="1" m="16427" /><E123/><V52/><F129/><W9/><G108/><T110/><D110/><U98/><E98/><V117/><F111/><W51/><REACH who="3" step="1"/><G14/><REACH who="3" ten="250,198,302,240" step="2"/><N who="0" m="9623" /><D1/><U38/><E38/><V77/><F117/><W11/><G11/><T91/><D84/><AGARI ba="0,1" hai="81,82,83,84,85,87,113,114,115,124,126" m="16427" machi="84" ten="40,3900,0" yaku="28,2" doraHai="122,64" who="1" fromWho="0" sc="250,-39,198,49,302,0,240,0" /><INIT seed="1,1,0,4,2,47" ten="211,247,302,240" oya="1" hai0="104,115,4,70,8,24,62,0,50,93,99,105,16" hai1="74,52,18,3,82,48,88,57,66,32,58,108,53" hai2="130,87,78,49,107,13,44,101,113,68,76,125,17" hai3="1,79,75,129,73,12,100,98,28,15,14,114,59"/><U124/><E3/><V63/><F130/><W65/><G129/><T23/><D115/><U102/><E124/><V120/><F120/><W6/><G114/><T39/><D39/><U94/><E102/><V46/><F113/><W11/><G28/><T43/><D70/><U35/><E74/><V132/><F132/><W33/><G33/><T131/><D62/><U71/><E82/><V116/><F116/><W51/><G79/><T22/><D23/><U127/><E127/><V19/><F44/><W119/><G65/><T122/><D122/><U60/><E108/><V7/><F107/><W64/><G64/><T86/><D86/><U118/><E18/><V121/><F101/><W95/><REACH who="3" step="1"/><G119/><REACH who="3" ten="211,247,302,230" step="2"/><T34/><D34/><U61/><REACH who="1" step="1"/><E118/><REACH who="1" ten="211,237,302,230" step="2"/><V135/><F125/><W133/><G133/><T117/><D117/><U112/><E112/><V30/><F135/><W90/><G90/><T38/><D131/><U37/><E37/><V67/><F121/><W89/><G89/><T56/><D38/><U111/><E111/><V92/><F78/><W96/><G96/><AGARI ba="1,2" hai="32,35,48,52,53,57,58,60,61,66,71,88,94,96" machi="96" ten="30,12000,1" yaku="1,1,7,1,52,1,54,2,53,0" doraHai="47" doraHaiUra="134" who="1" fromWho="3" sc="211,0,237,143,302,0,230,-123" /><INIT seed="1,2,0,3,3,25" ten="211,380,302,107" oya="1" hai0="128,108,72,100,32,117,121,9,27,82,20,8,86" hai1="94,10,53,80,110,85,99,112,13,126,42,107,58" hai2="92,16,67,88,57,28,122,49,76,39,33,21,61" hai3="44,63,70,34,77,75,0,109,66,54,129,91,96"/><U11/><E112/><V62/><F39/><W46/><G109/><T59/><D72/><U95/><E107/><V124/><F122/><W118/><G129/><T133/><D32/><U56/><E42/><V3/><F3/><W98/><G118/><T97/><D117/><U2/><E126/><V30/><F33/><W87/><G34/><T19/><D108/><U43/><E43/><V123/><F123/><W23/><G0/><T37/><D37/><U36/><E36/><V73/><F124/><W119/><G119/><T120/><D128/><U1/><E110/><V113/><F113/><W74/><G77/><T111/><D111/><U65/><E65/><V40/><F76/><W14/><G74/><T38/><D38/><U47/><E47/><N who="2" m="25831" /><F61/><W102/><G75/><T81/><D133/><U52/><E99/><N who="2" m="57735" /><F73/><W79/><G79/><T132/><D132/><U48/><E80/><V103/><F103/><W83/><G54/><T131/><D82/><U26/><E26/><AGARI ba="2,0" hai="16,21,26,28,30,57,62,67" m="57735,25831" machi="26" ten="30,8000,1" yaku="8,1,52,2,54,2" doraHai="25" who="2" fromWho="1" sc="211,0,380,-86,302,86,107,0" /><INIT seed="2,0,0,5,5,103" ten="211,294,388,107" oya="2" hai0="4,20,53,78,61,67,125,114,21,106,29,72,124" hai1="1,108,69,0,15,41,68,7,28,99,60,58,123" hai2="131,104,117,111,17,77,64,133,73,48,34,36,135" hai3="59,84,97,49,43,129,107,47,96,51,9,102,110"/><V18/><F117/><W54/><G110/><T45/><D4/><U109/><E28/><V66/><F36/><W65/><G129/><T89/><D89/><U5/><E41/><V95/><F34/><W74/><G74/><T119/><D114/><U16/><E99/><V55/><F131/><W91/><G96/><T37/><D78/><U82/><E82/><V46/><F95/><W83/><G9/><T100/><D53/><U81/><E81/><V42/><F77/><W6/><G6/><N who="1" m="2058" /><E58/><V128/><F128/><W40/><G65/><T22/><D29/><U57/><E57/><V101/><F73/><W25/><G25/><T130/><D119/><U31/><E31/><V71/><F42/><AGARI ba="0,0" hai="40,42,43,47,49,51,54,59,83,84,91,97,102,107" machi="42" ten="30,2000,0" yaku="7,1,52,1" doraHai="103" who="3" fromWho="2" sc="211,0,294,0,388,-20,107,20" /><INIT seed="3,0,0,5,2,50" ten="211,294,368,127" oya="3" hai0="92,127,105,13,101,53,131,61,135,60,25,94,122" hai1="41,59,115,95,69,121,39,56,43,49,124,78,29" hai2="21,91,104,0,107,67,31,33,17,34,24,68,129" hai3="116,90,37,62,18,79,73,35,108,48,51,114,26"/><W111/><G37/><T106/><D122/><U89/><E78/><V3/><F91/><W28/><G114/><T36/><D36/><U96/><E115/><V32/><F129/><W123/><G123/><T134/><D25/><U86/><E121/><V27/><F67/><W72/><G116/><T10/><D101/><U66/><E124/><V52/><F68/><W130/><G130/><T30/><D30/><U64/><E29/><V7/><F52/><W47/><G62/><T16/><D127/><U71/><E86/><V85/><F85/><W63/><G63/><T38/><D38/><U40/><E89/><V23/><REACH who="2" step="1"/><F7/><REACH who="2" ten="211,294,358,127" step="2"/><W22/><G51/><T119/><D61/><N who="1" m="37927" /><E71/><V45/><F45/><W11/><G90/><T42/><D131/><U80/><E69/><V46/><F46/><W126/><G126/><T57/><D119/><U109/><E39/><V88/><F88/><W54/><G79/><T20/><D42/><U14/><E43/><V12/><F12/><W58/><G47/><T5/><D135/><U112/><E14/><V15/><F15/><N who="3" m="9567" /><G11/><T132/><D134/><U103/><E40/><V70/><F70/><W76/><G76/><T75/><D132/><U1/><E41/><V118/><F118/><W2/><G2/><AGARI ba="0,1" hai="0,2,3,17,21,23,24,27,31,32,33,34,104,107" machi="2" ten="50,1600,0" yaku="1,1,53,0" doraHai="50" doraHaiUra="77" who="2" fromWho="3" sc="211,0,294,0,358,26,127,-16" /><INIT seed="4,0,0,5,2,110" ten="211,294,384,111" oya="0" hai0="117,112,105,8,115,22,21,31,16,128,27,90,39" hai1="97,91,121,113,81,124,51,134,10,109,111,30,12" hai2="73,135,62,7,67,79,120,102,63,59,15,69,118" hai3="40,85,125,19,65,57,38,106,53,100,42,17,41"/><T84/><D105/><U89/><E30/><V25/><F120/><W50/><G125/><T1/><D39/><U108/><E51/><V98/><F135/><W23/><G38/><T11/><D117/><U75/><E12/><V72/><F79/><W127/><G127/><T44/><D44/><U4/><E4/><V47/><F118/><W61/><G106/><T131/><D90/><N who="1" m="34315" /><E10/><N who="0" m="3625" /><D84/><U132/><E121/><V88/><F15/><W36/><G36/><T107/><D107/><U82/><E124/><V116/><F7/><W99/><G85/><T56/><D56/><U126/><E126/><V34/><F47/><W133/><G133/><N who="1" m="51306" /><E97/><V54/><F116/><W93/><REACH who="3" step="1"/><G23/><REACH who="3" ten="211,294,384,101" step="2"/><T46/><D46/><AGARI ba="0,1" hai="17,19,40,41,42,46,50,53,57,61,65,93,99,100" machi="46" ten="40,5200,0" yaku="1,1,2,1,8,1,53,0" doraHai="110" doraHaiUra="80" who="3" fromWho="0" sc="211,-52,294,0,384,0,101,62" /><INIT seed="5,0,0,3,2,104" ten="159,294,384,163" oya="1" hai0="72,2,83,114,97,41,14,112,57,126,54,27,135" hai1="38,101,42,10,100,24,134,40,93,49,122,98,9" hai2="5,8,64,53,109,133,119,19,106,3,108,65,23" hai3="39,1,43,87,118,58,120,13,11,84,33,86,7"/><U94/><E122/><V82/><F106/><W111/><G120/><T50/><D2/><U89/><E134/><V52/><F119/><W73/><G118/><T15/><D41/><U79/><E38/><V31/><F31/><W60/><G111/><T107/><D27/><U51/><E79/><V30/><F30/><W131/><G131/><T80/><D135/><U77/><E77/><V123/><F123/><W95/><G33/><T22/><D126/><U17/><E24/><V67/><F133/><W69/><G69/><T56/><D97/><U35/><E35/><V28/><F28/><W18/><G95/><T32/><D107/><U55/><E17/><V75/><F75/><W117/><G117/><T21/><D50/><U129/><E129/><V48/><F82/><W121/><G73/><T92/><D92/><U59/><E101/><V12/><REACH who="2" step="1"/><F53/><REACH who="2" ten="159,294,374,163" step="2"/><W74/><G74/><T4/><D54/><N who="1" m="32207" /><E42/><V113/><F113/><W45/><G121/><T116/><D116/><U68/><E40/><V20/><F20/><W66/><G86/><T71/><D72/><U0/><E0/><V102/><F102/><W29/><G29/><T128/><D32/><U85/><E68/><V61/><F61/><W91/><G91/><T88/><D88/><U70/><E70/><V125/><F125/><W16/><G18/><T81/><D71/><U124/><E124/><V36/><F36/><W90/><G90/><T76/><D76/><U47/><AGARI ba="0,1" hai="9,10,47,51,55,85,89,93,94,98,100" m="32207" machi="47" ten="30,1500,0" yaku="8,1" doraHai="104" who="1" fromWho="1" sc="159,-5,294,25,374,-5,163,-5" /><INIT seed="5,1,0,4,4,84" ten="154,319,369,158" oya="1" hai0="73,117,72,75,61,65,18,94,0,127,47,116,107" hai1="112,28,124,121,68,20,55,83,130,43,119,46,86" hai2="93,133,37,96,135,3,44,131,29,36,35,50,16" hai3="14,98,118,114,52,23,69,103,106,64,76,126,22"/><U92/><E119/><V115/><F3/><W5/><G118/><T132/><D107/><U108/><E121/><V9/><F131/><W49/><G114/><T85/><D0/><U4/><E112/><V31/><F115/><W123/><G123/><T66/><D66/><U97/><E68/><V101/><F35/><W82/><G126/><T134/><D18/><U1/><E124/><V54/><F29/><W111/><G111/><T105/><D105/><U25/><E130/><V24/><F31/><W57/><G64/><T10/><D10/><U12/><E1/><V33/><F33/><W78/><G69/><T125/><D47/><U71/><E55/><V87/><F87/><W109/><G109/><T32/><D32/><U102/><E71/><V30/><F30/><W41/><G41/><T17/><D17/><U95/><E95/><V128/><F128/><W88/><G23/><T48/><D48/><N who="1" m="26719" /><E108/><V90/><F101/><W13/><G22/><T80/><D117/><U120/><E120/><V60/><F60/><W62/><G62/><T100/><D61/><U42/><E42/><V79/><F79/><W11/><G14/><T51/><D116/><U129/><E129/><V89/><F89/><W122/><G122/><T53/><D127/><U45/><E45/><V99/><F99/><W26/><G26/><T70/><D125/><U19/><E4/><V6/><F6/><W39/><G39/><T58/><D70/><U8/><E83/><V81/><F81/><W15/><G13/><T40/><D80/><U7/><E86/><V110/><F110/><W91/><G82/><RYUUKYOKU ba="1,0" sc="154,-15,319,15,369,-15,158,15" hai1="7,8,12,19,20,25,28,92,97,102" hai3="5,11,15,49,52,57,76,78,88,91,98,103,106" /><INIT seed="5,2,0,0,1,79" ten="139,334,354,173" oya="1" hai0="48,98,75,71,44,96,29,1,39,112,49,53,47" hai1="32,105,15,97,42,55,73,54,52,94,116,17,95" hai2="57,82,129,119,111,93,18,83,86,26,37,126,80" hai3="118,90,85,92,132,91,133,31,87,43,10,22,9"/><U123/><E116/><V0/><F111/><W121/><G118/><T134/><D1/><U61/><E32/><V81/><F37/><W21/><G43/><T131/><D75/><U40/><E73/><V30/><F0/><W67/><G92/><N who="1" m="35370" /><E105/><V11/><F129/><W62/><G62/><T130/><D29/><U72/><E72/><V3/><F126/><W78/><G78/><T110/><D110/><U108/><E123/><V104/><F104/><W20/><G31/><T19/><D19/><U13/><E108/><V60/><F93/><W35/><G35/><T89/><D39/><U101/><E101/><V122/><F122/><W113/><G121/><T103/><D71/><U100/><E100/><V63/><F119/><W23/><G23/><T46/><D112/><U88/><E97/><N who="0" m="37481" /><D103/><U5/><E88/><N who="3" m="33834" /><G67/><T8/><D89/><U36/><E36/><V64/><F3/><W38/><G38/><T125/><D125/><U7/><E61/><V14/><F60/><W115/><G85/><T41/><D131/><U66/><E66/><V128/><F128/><W84/><G87/><T4/><D130/><U34/><E34/><V68/><F68/><W99/><G84/><T51/><D41/><N who="1" m="15979" /><E17/><V106/><F106/><W120/><G99/><T24/><D51/><U107/><E107/><V58/><F86/><W25/><G120/><T135/><D49/><U50/><E50/><V76/><F82/><W2/><G25/><T124/><D24/><U56/><E56/><N who="2" m="36967" /><F76/><W27/><G27/><T6/><D124/><U28/><E28/><V65/><F65/><W109/><G109/><RYUUKYOKU ba="2,0" sc="139,-15,334,15,354,15,173,-15" hai1="5,7,13,15,52,54,55" hai2="11,14,18,26,30,57,58,80,81,83" /><INIT seed="5,3,0,1,0,103" ten="124,349,369,158" oya="1" hai0="91,131,48,22,73,8,34,64,96,95,97,50,74" hai1="39,85,66,120,94,89,1,72,3,7,122,9,102" hai2="70,38,98,21,55,44,110,35,42,108,111,5,132" hai3="114,84,93,105,56,109,86,0,67,100,125,59,130"/><U37/><E72/><V45/><F35/><W65/><G0/><T127/><D34/><U25/><E3/><V101/><F5/><W81/><G100/><T77/><D64/><U113/><E113/><V52/><F132/><W128/><G93/><T83/><D127/><U121/><E66/><N who="3" m="25098" /><G81/><T2/><D131/><N who="3" m="50217" /><G114/><T24/><D74/><U14/><E1/><V135/><F135/><W11/><G125/><T49/><D2/><U71/><E71/><V104/><F70/><W133/><G133/><T87/><REACH who="0" step="1"/><D8/><REACH who="0" ten="114,349,369,158" step="2"/><U53/><E122/><V58/><F110/><W116/><G11/><T32/><D32/><U40/><E121/><V106/><F108/><W47/><G109/><T134/><D134/><U61/><E120/><V126/><F111/><W69/><G69/><T36/><D36/><U15/><E39/><V129/><F129/><W28/><G116/><T29/><AGARI ba="3,1" hai="22,24,29,48,49,50,73,77,83,87,91,95,96,97" machi="29" ten="30,4000,0" yaku="1,1,0,1,53,1" doraHai="103" doraHaiUra="17" who="0" fromWho="0" sc="114,59,349,-23,369,-13,158,-13" /><INIT seed="6,0,0,4,5,24" ten="173,326,356,145" oya="2" hai0="44,15,119,97,59,61,121,18,64,60,79,110,63" hai1="129,25,48,91,76,19,26,65,13,113,67,134,40" hai2="58,12,7,68,2,86,42,6,123,98,45,21,36" hai3="33,80,39,5,128,111,57,78,96,106,4,125,89"/><V55/><F123/><W71/><G71/><T9/><D121/><U73/><E113/><V95/><F68/><W41/><G111/><T3/><D110/><U131/><E76/><V29/><F2/><W8/><G125/><T124/><D124/><U83/><E73/><V47/><F86/><W81/><G128/><T118/><D3/><U88/><E83/><V49/><F45/><W77/><G33/><T116/><D79/><U14/><E48/><V101/><REACH who="2" step="1"/><F12/><REACH who="2" ten="173,326,346,145" step="2"/><N who="1" m="4713" /><E134/><V107/><F107/><W117/><G106/><T102/><REACH who="0" step="1"/><D44/><REACH who="0" ten="163,326,346,145" step="2"/><U53/><E131/><V75/><F75/><W108/><G108/><T32/><D32/><U84/><E129/><V34/><F34/><W130/><G130/><T92/><AGARI ba="0,2" hai="9,15,18,59,60,61,63,64,92,97,102,116,118,119" machi="92" ten="30,4000,0" yaku="1,1,0,1,12,1,53,0" doraHai="24" doraHaiUra="50" who="0" fromWho="0" sc="163,60,326,-10,346,-20,145,-10" /><INIT seed="7,0,0,3,4,80" ten="223,316,326,135" oya="3" hai0="21,50,26,72,19,83,77,128,47,81,58,59,51" hai1="107,111,117,126,102,54,73,123,90,30,76,2,114" hai2="8,104,23,0,10,71,27,15,20,29,106,3,75" hai3="24,63,61,68,109,121,34,36,113,4,67,112,53"/><W120/><G34/><T91/><D128/><U87/><E2/><V122/><F75/><W46/><G4/><T86/><REACH who="0" step="1"/><D51/><REACH who="0" ten="213,316,326,135" step="2"/><U95/><E111/><V119/><F122/><N who="3" m="47211" /><G24/><T16/><D16/><U28/><E123/><V99/><F27/><W97/><G97/><T82/><D82/><N who="1" m="45327" /><E117/><V56/><F99/><W44/><G109/><T32/><D32/><U79/><E114/><N who="3" m="44138" /><G36/><T25/><D25/><U13/><E30/><V12/><F29/><W11/><G11/><T17/><D17/><U64/><E28/><V103/><F8/><W89/><G89/><T38/><D38/><U118/><E79/><V92/><F10/><W88/><G88/><T6/><D6/><U18/><E118/><V5/><F5/><W52/><G63/><T74/><D74/><U130/><E130/><V101/><F119/><W131/><G131/><T133/><D133/><U110/><E110/><V98/><F23/><W124/><G124/><T60/><D60/><U41/><E126/><V37/><F20/><W116/><G116/><T129/><D129/><U31/><E31/><V7/><F7/><W33/><G33/><T48/><D48/><U125/><E125/><V134/><F37/><W115/><N who="3" m="44146" /><W132/><DORA hai="96" /><G132/><T94/><D94/><U39/><E39/><V9/><F92/><W35/><G35/><T69/><D69/><U66/><E107/><V62/><F104/><W22/><G22/><T85/><D85/><U57/><E87/><V135/><F106/><W84/><G84/><T65/><D65/><U14/><E66/><V93/><F134/><W70/><G70/><RYUUKYOKU ba="0,1" sc="213,15,316,-15,326,-15,135,15" hai0="19,21,26,47,50,58,59,72,77,81,83,86,91" hai3="44,46,52,53,61,67,68" /><INIT seed="7,1,1,5,3,2" ten="228,301,311,150" oya="3" hai0="19,98,20,123,135,73,79,33,63,101,49,52,6" hai1="80,18,65,9,30,111,0,132,82,31,69,126,108" hai2="39,48,4,122,60,120,84,58,54,70,99,16,67" hai3="118,116,76,75,103,102,10,124,112,35,115,130,92"/><W134/><G35/><T59/><D123/><N who="2" m="47146" /><F4/><W131/><G10/><T44/><D135/><U66/><E0/><V127/><F127/><W128/><G124/><T57/><D33/><U85/><E126/><V22/><F84/><W88/><G134/><T24/><D73/><U96/><E96/><V51/><F39/><W106/><G106/><T125/><D79/><U109/><E132/><V64/><F99/><N who="3" m="57735" /><G76/><T113/><D113/><N who="3" m="43593" /><G75/><T11/><D125/><U62/><E66/><N who="2" m="25131" /><F70/><W27/><G27/><AGARI ba="1,1" hai="16,22,27,48,51,54,58,60" m="25131,47146" machi="27" ten="30,2000,0" yaku="13,1,54,1" doraHai="2" who="2" fromWho="3" sc="228,0,301,0,311,33,150,-23" owari="228,-17.2,301,10.1,344,44.4,127,-37.3" /></mjloggm>