<mjloggm ver="2.3"><GO type="41" lobby="0"/><UN n0="%41%6C%6C%2D%4C%75%63%6B" n1="%6C%6F%6F%6F%70" n2="%E3%82%B8%E3%82%BF%E3%83%84" n3="%E2%93%9D%4C%75%63%6B%79%4A" dan="14,14,14,16" rate="2001.24,1948.05,1931.52,2173.76" sx="M,M,M,M"/><TAIKYOKU oya="0"/><INIT seed="0,0,0,5,3,4" ten="250,250,250,250" oya="0" hai0="99,58,56,55,108,86,19,52,91,96,33,125,82" hai1="101,32,2,25,107,131,89,87,104,116,20,15,5" hai2="117,49,39,51,46,59,128,106,47,43,65,120,29" hai3="114,41,119,97,123,57,81,50,45,124,75,27,90"/><T95/><D33/><U61/><E131/><V113/><F106/><W66/><G114/><T9/><D125/><U93/><E2/><V79/><F79/><W133/><G119/><T112/><D112/><U78/><E32/><V127/><F113/><W70/><G70/><T8/><D108/><U54/><E78/><V22/><F120/><W11/><G133/><T0/><D0/><U26/><E101/><V21/><F127/><W105/><G27/><T88/><D19/><U130/><E130/><V68/><F117/><W122/><G66/><T10/><D99/><U28/><E25/><V1/><F1/><W134/><G57/><AGARI ba="0,0" hai="8,9,10,52,55,56,57,58,82,86,88,91,95,96" machi="57" ten="40,18000,2" yaku="8,1,52,3,54,2" doraHai="4" who="0" fromWho="3" sc="250,180,250,0,250,0,250,-180" /><INIT seed="0,1,0,5,5,33" ten="430,250,250,70" oya="0" hai0="63,131,16,37,14,65,74,15,20,41,109,87,66" hai1="123,71,126,91,101,67,17,58,110,11,59,9,130" hai2="40,31,128,80,81,13,28,48,55,96,18,45,94" hai3="8,112,84,12,75,70,44,6,51,50,108,90,125"/><T54/><D74/><U68/><E67/><V76/><F128/><W21/><G112/><T60/><D131/><U82/><E101/><V115/><F115/><W46/><G108/><T43/><D37/><U93/><E82/><V127/><F127/><W34/><G34/><T72/><D72/><U26/><E17/><V57/><F81/><W69/><G75/><T98/><D98/><U32/><E32/><V27/><F27/><W99/><G99/><T135/><D135/><U104/><E104/><V64/><F64/><N who="0" m="24682" /><D109/><U92/><E126/><V36/><F80/><W5/><G125/><T106/><D106/><U4/><E110/><V56/><F56/><W114/><G114/><T134/><D87/><U119/><E130/><V133/><F76/><W100/><G100/><T129/><D134/><U30/><E123/><V10/><REACH who="2" step="1"/><F133/><REACH who="2" ten="430,250,240,70" step="2"/><W85/><G70/><T88/><D129/><U53/><E68/><V23/><F23/><W1/><G21/><T29/><D63/><U89/><E71/><V47/><F47/><W103/><G46/><T105/><D60/><U78/><E78/><V132/><F132/><W22/><G44/><T77/><D77/><U25/><E30/><V117/><F117/><W7/><G69/><T95/><D29/><U120/><E119/><V97/><F97/><W42/><G85/><N who="0" m="52623" /><D105/><U79/><E79/><V24/><F24/><W83/><G83/><T0/><D54/><U111/><E53/><V52/><F52/><W39/><G84/><T19/><D43/><U86/><E111/><V124/><F124/><W61/><G42/><T102/><D41/><RYUUKYOKU ba="1,1" sc="430,-10,250,-10,240,30,70,-10" hai2="10,13,18,28,31,36,40,45,48,55,57,94,96" /><INIT seed="1,2,1,1,2,72" ten="420,240,270,60" oya="1" hai0="60,50,84,23,79,25,2,78,16,29,92,7,35" hai1="98,20,77,76,82,113,42,21,102,67,75,125,36" hai2="97,13,6,41,26,73,31,12,71,107,135,74,46" hai3="11,106,51,17,94,0,103,14,30,43,10,85,45"/><U133/><E113/><V32/><F71/><W127/><G127/><T58/><D50/><U18/><E125/><V132/><F74/><W93/><G30/><T9/><D92/><U134/><E67/><V129/><F73/><W124/><G124/><T90/><D90/><U116/><E116/><V104/><F129/><W114/><G114/><T55/><D84/><U64/><E64/><V47/><F47/><W38/><G38/><T88/><D88/><U56/><E56/><V15/><F6/><W70/><G70/><T4/><D4/><U8/><E42/><V96/><F96/><W48/><G0/><T108/><D108/><U24/><E36/><V22/><F32/><W65/><G65/><T33/><D33/><U89/><E8/><V126/><F126/><W95/><G106/><T54/><D54/><U80/><E89/><V37/><REACH who="2" step="1"/><F97/><REACH who="2" ten="420,240,260,60" step="2"/><W117/><G45/><T66/><D66/><U112/><E112/><V99/><F99/><W44/><G44/><T40/><D40/><U63/><E98/><V131/><F131/><W39/><G43/><T28/><D28/><U62/><E102/><V61/><F61/><W59/><G103/><T19/><D19/><U27/><E75/><V69/><F69/><W81/><G17/><AGARI ba="2,2" hai="17,18,20,21,24,27,62,63,76,77,80,82,133,134" machi="17" ten="25,9600,0" yaku="22,2,52,2" doraHai="72" who="1" fromWho="3" sc="420,0,240,122,260,0,60,-102" owari="420,52.0,362,16.2,260,-14.0,-42,-54.2" /></mjloggm>