<mjloggm ver="2.3"><GO type="41" lobby="0"/><UN n0="%E3%81%8A%E4%BE%8D%33" n1="%E6%B5%85%E5%90%9F%E9%BB%92%E7%8C%AB" n2="%E2%93%9D%4C%75%63%6B%79%4A" n3="%44%27%73%2D%E3%82%B9%E3%82%BF%E3%82%B8%E3%82%AA" dan="15,14,17,15" rate="1998.86,2045.57,2129.53,2008.45" sx="M,M,M,M"/><TAIKYOKU oya="0"/><INIT seed="0,0,0,5,2,103" ten="250,250,250,250" oya="0" hai0="30,27,79,71,130,50,43,112,93,7,67,77,22" hai1="96,13,100,19,101,95,40,49,57,123,118,119,69" hai2="60,80,131,46,76,85,82,65,87,54,102,20,61" hai3="124,48,17,28,2,83,75,36,59,32,132,135,55"/><T45/><D112/><U107/><E123/><V38/><F131/><W62/><G2/><T134/><D130/><U115/><E69/><V37/><F102/><W47/><G124/><T1/><D134/><U11/><E115/><V90/><F20/><W53/><G36/><T122/><D122/><U25/><E25/><V44/><F54/><W15/><G28/><T70/><D93/><U63/><E101/><V120/><F120/><W126/><G32/><T56/><D1/><U74/><E74/><V34/><F34/><W113/><G113/><T133/><D7/><U109/><E109/><V121/><F121/><W51/><G126/><T94/><D133/><U73/><E73/><V3/><F3/><W35/><G35/><T8/><D8/><U117/><E49/><V4/><F4/><W29/><G29/><T64/><D94/><U92/><REACH who="1" step="1"/><E40/><REACH who="1" ten="250,240,250,250" step="2"/><V84/><F38/><W91/><G75/><T106/><D70/><U33/><E33/><V9/><F37/><W26/><G26/><T111/><D71/><U52/><AGARI ba="0,1" hai="11,13,19,52,57,63,92,95,96,100,107,117,118,119" machi="52" ten="30,7900,0" yaku="1,1,0,1,52,1,54,1,53,0" doraHai="103" doraHaiUra="68" who="1" fromWho="1" sc="250,-39,240,89,250,-20,250,-20" /><INIT seed="1,0,0,5,1,125" ten="211,329,230,230" oya="1" hai0="45,62,2,25,110,33,113,3,9,121,80,57,54" hai1="6,34,105,96,77,35,129,29,79,97,84,30,51" hai2="59,88,40,22,24,13,69,134,106,75,32,122,52" hai3="108,87,82,94,123,107,117,27,55,131,85,115,56"/><U4/><E105/><V50/><F122/><W133/><G123/><T11/><D121/><U63/><E51/><V90/><F75/><W64/><G115/><T60/><D113/><U72/><E72/><V71/><F32/><W66/><G107/><T73/><D110/><U20/><E20/><V89/><F134/><W46/><G133/><T17/><D45/><U91/><E91/><V92/><F106/><W12/><G12/><T31/><D60/><U65/><E84/><V100/><F40/><W37/><G108/><T38/><D38/><U119/><E63/><V23/><F23/><W78/><G117/><T126/><D126/><U48/><E48/><V83/><F83/><W15/><G27/><T18/><D11/><U93/><E93/><V120/><F13/><W21/><G46/><T44/><D44/><U41/><E65/><V58/><F59/><W47/><G47/><T112/><D62/><U81/><E81/><V95/><F120/><W19/><G37/><T49/><D49/><U74/><E74/><V53/><F53/><W76/><G55/><T67/><D54/><U132/><E132/><V0/><F0/><W14/><G14/><T42/><D2/><U99/><E99/><N who="2" m="59519" /><F92/><W111/><G56/><T28/><D57/><U114/><E114/><V127/><F127/><W102/><G111/><T16/><D112/><U5/><E41/><V103/><F103/><W43/><G43/><T116/><D42/><U86/><E119/><V128/><F128/><W135/><G131/><T70/><D116/><U118/><E129/><V98/><F98/><N who="3" m="59735" /><G135/><T36/><D36/><RYUUKYOKU ba="0,0" sc="211,-15,329,-15,230,15,230,15" hai2="22,24,50,52,58,69,71,88,89,90" hai3="15,19,21,64,66,76,78,82,85,87" /><INIT seed="2,1,0,1,5,134" ten="196,314,245,245" oya="2" hai0="122,54,26,29,135,78,83,95,94,37,32,93,23" hai1="131,119,116,77,57,133,68,124,102,46,53,18,41" hai2="40,127,45,47,90,91,44,126,104,12,110,15,117" hai3="98,61,101,31,105,115,92,8,19,81,96,118,9"/><V58/><F117/><N who="1" m="45129" /><E102/><V16/><F104/><W3/><G118/><T132/><D122/><U50/><E77/><V128/><F128/><W109/><G109/><T97/><D37/><N who="1" m="21807" /><E18/><V76/><F110/><W66/><G115/><T113/><D113/><U24/><E24/><V106/><F106/><W88/><G31/><T86/><D54/><U87/><E87/><V71/><F71/><W89/><G3/><T99/><REACH who="0" step="1"/><D32/><REACH who="0" ten="186,314,245,245" step="2"/><U123/><E123/><V85/><F40/><W70/><G81/><T73/><D73/><U112/><E112/><V51/><F76/><W42/><G42/><T64/><D64/><U34/><E34/><V13/><F16/><W1/><G19/><T120/><D120/><U72/><E72/><V2/><F2/><W56/><G1/><T4/><D4/><U67/><E133/><AGARI ba="1,1" hai="23,26,29,78,83,86,93,94,95,97,99,132,133,135" machi="133" ten="40,2600,0" yaku="1,1,20,1,53,0" doraHai="134" doraHaiUra="11" who="0" fromWho="1" sc="186,39,314,-29,245,0,245,0" /><INIT seed="3,0,0,5,2,83" ten="225,285,245,245" oya="3" hai0="92,106,0,44,20,119,99,70,79,19,37,129,11" hai1="77,33,95,89,45,120,114,76,10,49,72,118,109" hai2="57,14,101,112,85,127,65,84,102,63,26,111,4" hai3="71,18,105,43,128,126,62,24,53,86,122,36,113"/><W124/><G113/><T8/><D119/><U54/><E114/><V98/><F112/><W28/><G105/><T2/><D70/><U110/><E120/><V121/><F121/><W15/><G122/><T13/><D106/><U5/><E33/><V58/><F111/><N who="1" m="42505" /><E72/><V9/><F127/><W39/><G128/><T87/><D129/><U64/><E64/><V29/><F58/><N who="3" m="35151" /><G43/><T55/><D11/><U100/><E100/><V134/><F134/><W125/><G71/><T123/><D37/><U117/><E117/><V7/><F7/><W40/><G40/><T22/><D22/><U35/><E35/><V25/><F102/><W132/><G132/><T97/><D20/><U42/><E42/><V23/><REACH who="2" step="1"/><F26/><REACH who="2" ten="225,285,235,245" step="2"/><W80/><G24/><T32/><D123/><U96/><E118/><V52/><F52/><W47/><G28/><T59/><D55/><U50/><E49/><V41/><F41/><W30/><G30/><T17/><D59/><U56/><E56/><V94/><AGARI ba="0,1" hai="4,9,14,23,25,29,57,63,65,84,85,94,98,101" machi="94" ten="20,16000,3" yaku="1,1,0,1,7,1,25,2,8,1,52,2,53,1" doraHai="83" doraHaiUra="27" who="2" fromWho="2" sc="225,-40,285,-40,235,170,245,-80" /><INIT seed="4,0,0,0,4,92" ten="185,245,405,165" oya="0" hai0="114,94,36,85,99,39,26,126,78,40,6,81,121" hai1="2,77,24,21,22,107,106,117,15,105,35,88,63" hai2="56,122,29,70,23,74,57,71,131,41,91,124,16" hai3="60,62,97,28,9,3,82,80,43,116,58,5,17"/><T45/><D121/><U13/><E117/><V95/><F122/><W37/><G116/><T8/><D114/><U89/><E2/><V90/><F74/><W133/><G133/><T42/><D126/><U84/><E35/><V34/><F34/><W111/><G111/><T73/><D26/><U134/><E134/><V65/><F41/><W76/><G28/><T20/><D20/><U10/><E77/><V4/><F4/><W47/><G17/><T130/><D130/><U1/><E1/><V123/><F65/><W53/><G80/><T32/><D32/><U115/><E115/><V52/><F57/><W129/><G129/><T67/><D67/><U7/><E63/><V50/><F91/><W83/><G62/><T54/><D54/><U27/><E15/><V19/><F124/><W12/><G12/><N who="0" m="5143" /><D42/><U113/><E84/><V128/><F123/><W0/><G0/><T119/><D73/><U132/><E132/><V33/><F131/><W66/><G83/><T14/><D14/><U135/><E113/><V49/><F33/><W48/><G66/><T64/><D64/><U93/><E135/><V112/><F112/><W55/><G55/><T100/><D119/><U127/><E127/><V38/><F128/><W96/><REACH who="3" step="1"/><G60/><REACH who="3" ten="185,245,405,155" step="2"/><T101/><D45/><U75/><E24/><V59/><F52/><W25/><G25/><T61/><D61/><U31/><E27/><V118/><F118/><W125/><G125/><T86/><D81/><U120/><E120/><V30/><F30/><W110/><G110/><T44/><D44/><U108/><E108/><V104/><F29/><RYUUKYOKU ba="0,1" sc="185,-10,245,-10,405,-10,155,30" hai3="3,5,9,37,43,47,48,53,58,76,82,96,97" /><INIT seed="5,1,1,4,3,53" ten="175,235,395,185" oya="1" hai0="68,92,30,122,45,65,118,116,15,93,1,110,62" hai1="31,6,78,38,99,106,125,112,101,63,51,76,32" hai2="0,10,83,102,77,133,79,18,131,4,22,49,132" hai3="5,24,60,48,80,119,58,94,39,115,113,16,85"/><U34/><E38/><V29/><F102/><W109/><G109/><T123/><D1/><U87/><E112/><N who="3" m="43082" /><G39/><T57/><D30/><U44/><E125/><V120/><F120/><N who="0" m="46122" /><D15/><U9/><E31/><V97/><F97/><W41/><G5/><T103/><D110/><U91/><E34/><V129/><F49/><W107/><G107/><T37/><D103/><U108/><E63/><V111/><F79/><W26/><G94/><N who="0" m="36459" /><D68/><U36/><E32/><V86/><F29/><W11/><G48/><T71/><D71/><U2/><E36/><V25/><REACH who="2" step="1"/><F111/><REACH who="2" ten="175,235,385,185" step="2"/><W46/><G41/><AGARI ba="1,2" hai="37,41,45,57,62,65,116,118" m="36459,46122" machi="41" ten="30,2000,0" yaku="13,1,52,1" doraHai="53" who="0" fromWho="3" sc="175,43,235,0,385,0,185,-23" /><INIT seed="6,0,0,4,3,26" ten="218,235,385,162" oya="2" hai0="88,51,133,13,32,120,96,48,34,87,28,78,36" hai1="106,105,62,112,17,123,61,21,93,100,102,86,33" hai2="97,39,114,59,117,66,99,1,4,11,25,23,134" hai3="12,71,128,41,118,80,82,38,126,40,60,84,98"/><V44/><F117/><W85/><G118/><T10/><D120/><U58/><E33/><V55/><F134/><W81/><G128/><T113/><D36/><U110/><E110/><V103/><F114/><W108/><G108/><T3/><D3/><U73/><E73/><V53/><F99/><W14/><G38/><T69/><D69/><U67/><E112/><V119/><F119/><W20/><G98/><T109/><D109/><U116/><E123/><V131/><F131/><W94/><G71/><T46/><D113/><U77/><E105/><V111/><F111/><W52/><G126/><T75/><D133/><U27/><E106/><V19/><F66/><W76/><G94/><T91/><D28/><U16/><E62/><V50/><F39/><W35/><G35/><T72/><D96/><N who="1" m="59407" /><E102/><V74/><F74/><W70/><G70/><T89/><D75/><U47/><E47/><V54/><REACH who="2" step="1"/><F44/><REACH who="2" ten="218,235,375,162" step="2"/><W29/><G85/><T24/><D46/><U129/><E129/><V9/><F9/><W130/><G84/><T6/><D72/><U121/><E116/><V45/><F45/><W7/><G130/><T31/><D87/><U15/><E86/><V2/><F2/><W57/><G76/><T127/><D10/><N who="1" m="6263" /><E121/><V30/><F30/><W107/><G107/><AGARI ba="0,1" hai="1,4,11,19,23,25,50,53,54,55,59,97,103,107" machi="107" ten="30,2900,0" yaku="1,1,7,1,53,0" doraHai="26" doraHaiUra="125" who="2" fromWho="3" sc="218,0,235,0,375,39,162,-29" /><INIT seed="6,1,0,2,3,129" ten="218,235,414,133" oya="2" hai0="24,79,66,99,127,118,47,1,128,50,110,56,107" hai1="126,121,46,85,132,81,72,75,14,25,73,124,42" hai2="133,87,135,57,134,69,102,74,41,8,28,33,64" hai3="111,120,61,20,92,119,6,44,117,22,21,31,36"/><V39/><F74/><W34/><G111/><T116/><D110/><U15/><E25/><N who="2" m="18575" /><F102/><W43/><G120/><T38/><D127/><N who="1" m="48683" /><E121/><V37/><F57/><W4/><G31/><T96/><D128/><U130/><E130/><V63/><F41/><W115/><G34/><T40/><D1/><U32/><E32/><V16/><F87/><W52/><G92/><T54/><D24/><U89/><E132/><V58/><F69/><W101/><G101/><T11/><D107/><U122/><E122/><V123/><F123/><W98/><G98/><T62/><D96/><U109/><E109/><V112/><F112/><W103/><G103/><T105/><D99/><U29/><E29/><V100/><F100/><W48/><G115/><T114/><D114/><U77/><E89/><V80/><F80/><W59/><REACH who="3" step="1"/><G36/><AGARI ba="1,0" hai="14,15,36,42,46,72,73,75,77,81,85" m="48683" machi="36" ten="40,1300,0" yaku="18,1" doraHai="129" who="1" fromWho="3" sc="218,0,235,16,414,0,133,-16" /><INIT seed="7,0,0,2,0,111" ten="218,251,414,117" oya="3" hai0="70,77,11,5,49,104,83,61,25,36,86,16,130" hai1="7,93,115,12,8,47,35,18,26,102,87,92,128" hai2="32,23,71,131,119,95,96,10,24,2,122,132,55" hai3="85,78,43,51,74,76,135,73,33,1,105,62,117"/><W28/><G117/><T19/><D36/><U82/><E128/><V15/><F71/><W0/><G105/><T106/><D130/><U46/><E115/><V91/><F131/><W81/><G33/><T120/><D120/><U123/><E35/><V68/><F68/><W6/><G28/><T118/><D118/><U42/><E102/><V60/><F132/><W67/><G135/><T37/><D37/><U110/><E110/><V54/><F2/><W126/><G126/><T58/><D70/><U65/><E65/><V34/><F122/><W101/><G101/><T14/><D49/><N who="1" m="26839" /><E47/><V64/><F34/><W29/><G29/><T57/><D57/><U50/><E50/><V79/><F79/><W99/><G99/><T125/><D19/><U3/><E3/><V69/><F32/><W44/><G6/><T97/><D97/><U107/><E107/><V75/><F75/><W88/><G78/><T109/><D109/><U30/><E30/><V45/><F45/><W124/><G124/><T127/><D127/><U80/><E80/><V98/><F98/><W134/><G134/><T112/><D112/><U38/><E38/><V9/><F10/><W22/><G22/><T94/><D94/><U116/><E123/><V84/><F96/><W103/><G103/><T133/><D125/><U31/><E31/><N who="2" m="17823" /><F119/><W114/><G114/><T90/><D77/><N who="1" m="46543" /><E116/><V108/><F108/><W48/><G48/><T59/><D133/><U41/><E41/><V129/><F129/><W121/><G121/><T52/><D59/><U63/><E63/><V27/><F27/><W17/><G1/><RYUUKYOKU ba="0,0" sc="218,10,251,10,414,10,117,-30" hai0="5,11,14,16,25,52,58,61,83,86,90,104,106" hai1="7,8,12,18,26,92,93" hai2="9,15,54,55,60,64,69,84,91,95" owari="228,-17.2,261,6.1,424,52.4,87,-41.3" /></mjloggm>