<mjloggm ver="2.3"><GO type="9" lobby="0"/><UN n0="%E3%81%93%E3%81%86%E3%81%88%E3%81%84" n1="%E5%BF%83" n2="%E7%89%8C%E6%93%8D%E4%BD%9C%E4%B8%87%E6%AD%B3%EF%BC%81" n3="%E2%93%9D%4C%75%63%6B%79%4A" dan="11,11,7,0" rate="1707.42,1725.20,662.79,1470.66" sx="M,M,M,M"/><TAIKYOKU oya="0"/><INIT seed="0,0,0,4,5,21" ten="250,250,250,250" oya="0" hai0="1,91,30,31,115,127,126,25,26,106,114,53,5" hai1="16,70,28,10,108,4,54,99,95,133,65,63,11" hai2="84,7,116,111,58,77,55,80,22,129,94,98,57" hai3="60,34,97,102,38,6,88,78,73,104,23,71,64"/><T107/><D53/><U67/><E133/><V12/><F111/><W15/><G38/><T101/><D91/><U105/><E108/><V61/><F129/><W103/><G34/><T49/><D49/><U20/><E105/><V76/><F116/><W83/><G6/><T85/><D85/><U62/><E54/><V33/><F33/><W131/><G131/><T24/><D101/><U100/><E28/><N who="0" m="10793" /><D5/><U120/><E4/><V69/><F69/><W128/><G128/><T86/><D86/><U29/><E29/><V3/><F3/><W47/><G47/><T8/><D8/><U9/><E120/><V82/><F7/><W72/><G103/><T110/><D110/><U122/><E122/><V42/><F42/><W35/><G35/><T92/><D92/><U68/><E9/><V44/><F44/><W51/><G51/><T27/><N who="0" m="6144" /><DORA hai="41" /><T39/><D39/><U75/><BYE who="2" /><E75/><V17/><F17/><W48/><G48/><T118/><D1/><U81/><E81/><V32/><F32/><W2/><G2/><T123/><D123/><U56/><E56/><V132/><F132/><W66/><G73/><T19/><D19/><U135/><E135/><V109/><F109/><W125/><G72/><T119/><D106/><U130/><E130/><V89/><F89/><W14/><G88/><T52/><D52/><U46/><E46/><V13/><F13/><AGARI ba="0,0" hai="10,11,13,16,20,62,63,65,67,68,70,95,99,100" machi="13" ten="30,3900,0" yaku="7,1,9,1,54,1" doraHai="21,41" who="1" fromWho="2" sc="250,0,250,39,250,-39,250,0" /><INIT seed="1,0,0,0,2,87" ten="250,289,211,250" oya="1" hai0="56,134,33,108,52,57,45,88,130,121,115,135,93" hai1="119,48,27,49,81,106,61,77,53,21,72,95,89" hai2="80,66,71,10,37,62,32,76,39,63,75,43,14" hai3="54,67,92,127,19,17,11,23,120,40,41,85,25"/><U8/><E119/><V74/><F74/><W3/><G120/><T29/><D115/><U118/><E118/><V5/><F5/><W110/><G110/><T128/><D108/><U70/><E8/><V96/><F96/><W16/><G67/><T24/><D121/><U97/><E70/><V51/><F51/><W31/><G127/><T117/><D117/><U28/><REACH who="1" step="1"/><E106/><REACH who="1" ten="250,279,211,250" step="2"/><V1/><F1/><W84/><G3/><T42/><D57/><AGARI ba="0,1" hai="21,27,28,48,49,53,57,61,72,77,81,89,95,97" machi="57" ten="40,12000,1" yaku="1,1,2,1,52,1,53,1" doraHai="87" doraHaiUra="59" who="1" fromWho="0" sc="250,-120,279,130,211,0,250,0" /><INIT seed="1,1,0,3,5,106" ten="130,409,211,250" oya="1" hai0="40,42,46,71,37,120,35,113,41,98,52,116,84" hai1="112,16,99,108,135,53,34,10,23,58,72,39,83" hai2="129,13,76,33,92,20,15,32,24,38,103,28,29" hai3="1,26,69,21,111,81,66,100,123,65,114,134,110"/><U70/><E112/><V19/><F19/><W4/><G114/><T80/><D116/><U47/><E135/><V61/><F61/><W25/><G100/><T14/><D113/><U105/><E70/><V87/><F87/><W36/><G36/><T44/><D35/><U126/><E34/><V60/><F60/><W30/><G123/><T94/><D120/><U77/><E10/><V0/><F0/><W107/><G107/><T82/><D71/><U50/><E126/><V57/><F57/><W62/><G66/><T74/><D82/><U95/><E105/><V88/><F88/><W64/><G65/><T131/><D131/><U59/><E108/><N who="3" m="41514" /><G26/><T124/><D124/><U125/><E125/><V2/><F2/><W55/><G55/><T8/><D94/><U86/><E72/><V3/><F3/><W7/><G1/><T91/><D98/><U54/><E39/><V63/><F63/><W78/><G134/><T27/><D27/><N who="1" m="14823" /><E54/><V48/><F48/><W96/><G96/><T6/><D74/><AGARI ba="1,0" hai="4,7,21,25,30,62,64,69,74,78,81" m="41514" machi="74" ten="30,2000,0" yaku="14,1,52,1" doraHai="106" who="3" fromWho="0" sc="130,-23,409,0,211,0,250,23" /><INIT seed="2,0,0,5,3,111" ten="107,409,211,273" oya="2" hai0="38,33,16,98,72,59,60,0,55,74,73,94,78" hai1="99,83,119,79,61,62,121,124,65,42,49,45,19" hai2="104,30,77,3,101,102,14,46,58,1,114,15,32" hai3="130,88,27,118,17,107,135,91,7,6,36,57,117"/><V37/><F37/><W122/><G107/><T132/><D33/><U87/><E119/><V39/><F39/><W96/><G36/><T34/><D34/><U108/><E121/><V50/><F50/><W40/><G135/><T105/><D38/><U113/><E108/><V52/><F52/><W56/><G96/><T95/><D132/><U126/><E99/><V100/><F100/><W4/><G130/><T75/><D0/><U9/><E9/><V120/><F120/><W89/><G122/><T11/><N who="0" m="18432" /><DORA hai="29" /><T85/><D105/><U97/><E19/><V92/><F92/><W112/><G40/><T35/><D35/><U68/><E62/><V54/><F54/><W133/><G112/><T8/><D8/><U70/><E70/><V134/><F134/><W82/><G82/><T115/><D115/><U48/><E48/><V10/><F10/><W43/><G43/><T22/><D11/><U128/><E97/><V67/><F67/><W64/><G64/><T18/><D22/><U28/><E128/><V116/><F116/><N who="3" m="44651" /><G133/><T21/><D21/><U23/><E113/><V69/><F69/><W25/><G17/><T71/><D71/><U125/><E23/><V63/><F63/><W47/><G47/><T93/><REACH who="0" step="1"/><D98/><REACH who="0" ten="97,409,211,273" step="2"/><U31/><AGARI ba="0,1" hai="28,31,42,45,49,61,65,68,79,83,87,124,125,126" machi="31" ten="40,2700,0" yaku="0,1,18,1" doraHai="111,29" who="1" fromWho="1" sc="97,-7,409,37,211,-13,273,-7" /><INIT seed="3,0,0,2,3,55" ten="90,446,198,266" oya="3" hai0="25,35,92,107,67,91,63,101,102,99,50,76,6" hai1="135,75,112,33,93,32,120,73,127,41,117,104,109" hai2="85,42,83,8,22,1,16,100,62,21,43,13,57" hai3="37,39,54,132,56,77,88,119,51,87,105,45,84"/><W29/><G119/><T27/><D102/><U128/><E41/><V61/><F61/><W133/><G29/><T60/><D60/><U53/><E93/><V47/><F47/><W26/><G26/><T52/><D35/><U78/><E53/><V12/><F12/><W23/><G23/><T9/><D76/><U110/><E78/><V125/><F125/><W108/><G108/><T122/><D122/><U115/><E104/><V95/><F95/><W28/><G28/><T58/><D107/><U36/><E127/><V18/><F18/><W94/><G105/><T59/><REACH who="0" step="1"/><D101/><REACH who="0" ten="80,446,198,266" step="2"/><U74/><E120/><V113/><F113/><W130/><G77/><T7/><D7/><U10/><E115/><V124/><F124/><W123/><G123/><T96/><D96/><U66/><E112/><V4/><F4/><W98/><G130/><T114/><D114/><U0/><E128/><V65/><F65/><W48/><G98/><T126/><D126/><U38/><E33/><V121/><F121/><W134/><G87/><T72/><D72/><U30/><E73/><V2/><F2/><AGARI ba="0,1" hai="2,6,9,25,27,50,52,58,59,63,67,91,92,99" machi="2" ten="30,8000,1" yaku="1,1,7,1,52,2,54,1,53,0" doraHai="55" doraHaiUra="17" who="0" fromWho="2" sc="80,90,446,0,198,-80,266,0" /><INIT seed="4,0,0,3,3,31" ten="170,446,118,266" oya="0" hai0="69,117,103,77,1,124,87,95,16,94,70,20,60" hai1="98,78,15,125,84,27,18,121,46,68,21,61,41" hai2="63,49,7,66,67,24,101,129,3,89,12,108,91" hai3="19,4,112,51,35,9,25,50,130,76,13,29,88"/><T133/><D117/><U72/><E72/><V2/><F2/><W135/><G135/><T93/><D1/><U62/><E121/><V102/><F102/><W110/><G110/><T106/><D124/><U132/><E125/><V65/><F65/><W126/><G126/><T26/><D133/><U6/><E132/><V54/><F54/><W56/><G76/><T8/><D8/><U128/><E128/><V100/><F100/><W134/><G134/><T38/><D38/><U113/><E68/><V111/><F111/><W10/><G112/><T82/><D106/><U90/><E113/><V96/><F96/><W85/><G56/><T115/><D115/><U97/><E90/><V83/><F83/><W36/><G36/><T14/><D70/><U47/><E98/><V118/><F118/><W55/><G55/><T75/><D26/><U127/><E97/><V37/><F37/><W81/><REACH who="3" step="1"/><G130/><REACH who="3" ten="170,446,118,256" step="2"/><T11/><D11/><N who="1" m="4599" /><E127/><V57/><F57/><W109/><G109/><T79/><D77/><U53/><E53/><V30/><F30/><W99/><G99/><T32/><D32/><U120/><E120/><V122/><F122/><W123/><G123/><T42/><D42/><U119/><E119/><V45/><F45/><W52/><G52/><T48/><D48/><N who="1" m="26703" /><E47/><V23/><F23/><W104/><G104/><T44/><D44/><U5/><E5/><V73/><F73/><W74/><G74/><T0/><D0/><AGARI ba="0,1" hai="0,4,9,10,13,19,25,29,35,50,51,81,85,88" machi="0" ten="30,7700,0" yaku="1,1,7,1,52,1,54,1,53,0" doraHai="31" doraHaiUra="59" who="3" fromWho="0" sc="170,-77,446,0,118,0,256,87" /><INIT seed="5,0,0,4,1,9" ten="93,446,118,343" oya="1" hai0="125,78,134,117,124,76,68,52,66,89,70,87,119" hai1="130,120,127,25,65,41,58,3,43,29,77,111,14" hai2="59,108,67,73,91,83,109,92,133,114,55,1,63" hai3="45,74,112,18,105,46,21,47,121,20,10,49,39"/><U6/><E120/><V95/><F95/><W75/><G121/><T84/><D89/><U16/><E130/><V86/><F86/><W31/><G39/><T126/><D66/><U116/><E127/><N who="0" m="32513" /><T57/><DORA hai="37" /><D134/><U11/><E116/><N who="0" m="44617" /><D57/><U69/><E69/><N who="0" m="26729" /><D52/><U102/><E102/><V79/><F79/><AGARI ba="0,0" hai="76,78,79,84,87" m="26729,44617,32513" machi="79" ten="50,6400,0" yaku="28,2,18,1" doraHai="9,37" who="0" fromWho="2" sc="93,64,446,0,118,-64,343,0" /><INIT seed="6,0,0,0,4,115" ten="157,446,54,343" oya="2" hai0="89,31,133,27,63,34,121,110,75,109,13,11,71" hai1="67,61,57,39,88,15,20,131,95,103,18,25,56" hai2="106,55,86,124,76,35,97,19,104,69,68,111,135" hai3="119,30,74,92,108,96,36,48,118,59,120,47,134"/><V85/><F85/><W125/><G120/><T91/><D133/><U22/><E39/><V12/><F12/><W49/><G74/><T64/><D75/><U40/><E131/><V7/><F7/><W126/><G30/><T65/><D121/><U79/><E79/><V83/><F83/><W58/><G108/><T16/><D109/><U99/><E40/><V50/><F50/><W44/><G96/><T24/><D110/><U112/><E112/><V37/><F37/><W54/><G92/><T8/><D65/><U46/><E46/><V87/><F87/><W53/><G36/><T72/><D72/><U127/><E127/><V117/><F117/><W107/><G107/><T70/><D70/><U3/><E3/><V5/><F5/><W60/><G60/><T93/><D93/><U73/><E73/><V32/><F32/><W77/><G77/><T4/><REACH who="0" step="1"/><D27/><REACH who="0" ten="147,446,54,343" step="2"/><U45/><E25/><V43/><F43/><W130/><G130/><T116/><D116/><U129/><E67/><V113/><F113/><W114/><G114/><T82/><D82/><U62/><E129/><V17/><F17/><W0/><G0/><AGARI ba="0,1" hai="0,4,8,11,13,16,24,31,34,63,64,71,89,91" machi="0" ten="30,3900,0" yaku="1,1,7,1,54,1,53,0" doraHai="115" doraHaiUra="52" who="0" fromWho="3" sc="147,49,446,0,54,0,343,-39" /><INIT seed="7,0,0,3,4,11" ten="196,446,54,304" oya="3" hai0="82,91,8,35,15,127,59,134,103,5,96,53,73" hai1="12,32,28,46,124,23,54,97,113,20,7,88,125" hai2="51,114,57,66,132,107,10,24,41,37,36,86,83" hai3="16,29,102,129,108,72,123,56,26,131,128,68,84"/><W33/><G123/><T64/><D35/><U1/><E1/><V94/><F94/><W106/><G68/><T63/><D127/><U45/><E54/><V95/><F95/><W101/><G72/><T98/><D134/><U122/><E122/><V61/><F61/><W67/><G108/><T80/><D73/><U2/><E2/><V110/><F110/><W89/><G106/><T60/><D96/><U21/><E113/><V47/><F47/><W93/><G16/><T6/><D6/><U100/><E88/><V39/><F39/><W130/><N who="3" m="32768" /><DORA hai="78" /><W126/><G126/><N who="1" m="48746" /><E100/><V31/><F31/><W3/><G3/><T22/><D91/><U50/><E97/><V109/><F109/><W69/><G69/><T55/><D55/><U49/><E46/><V9/><F9/><W90/><G90/><T120/><D120/><U40/><E40/><V70/><F70/><W81/><G93/><T87/><D87/><U34/><E45/><V52/><F52/><W18/><G18/><T30/><D103/><U76/><E76/><V4/><F4/><W48/><G48/><T115/><D98/><U58/><E50/><V121/><F121/><W65/><G67/><T42/><D42/><U112/><E49/><V38/><F38/><W117/><G117/><T77/><D77/><U75/><E75/><V105/><F105/><W71/><G71/><T116/><D116/><U119/><E119/><V0/><F0/><W85/><G85/><T25/><D115/><U99/><E112/><V14/><F14/><W111/><G111/><T17/><D17/><U118/><E118/><RYUUKYOKU ba="0,0" sc="196,15,446,-15,54,-15,304,15" hai0="5,8,15,22,25,30,53,59,60,63,64,80,82" hai3="26,29,33,56,65,81,84,89,101,102" /><INIT seed="7,1,0,4,0,105" ten="211,431,39,319" oya="3" hai0="43,32,30,1,86,2,70,53,71,121,99,21,108" hai1="90,101,4,79,77,36,92,62,118,116,11,37,19" hai2="111,69,123,22,8,44,38,106,107,125,5,59,117" hai3="81,88,75,98,113,112,52,55,57,131,15,20,100"/><W56/><G131/><T73/><D108/><U85/><E101/><V97/><F97/><W58/><G15/><T31/><D121/><U40/><E62/><V91/><F91/><W23/><G75/><T119/><D119/><N who="1" m="45611" /><E19/><V110/><F110/><W80/><G23/><T60/><D73/><U48/><E48/><V28/><F28/><W128/><G20/><T68/><D43/><U95/><E40/><V49/><F49/><W84/><G81/><T66/><D53/><U115/><E95/><V50/><F50/><W89/><G89/><T135/><D135/><U29/><E29/><V67/><F67/><W17/><G17/><T76/><D30/><U94/><E94/><V114/><F114/><N who="3" m="44139" /><G128/><T33/><D33/><U54/><E115/><V61/><F61/><W134/><G134/><T132/><D132/><U42/><E54/><V129/><F129/><W78/><G78/><N who="1" m="29706" /><E42/><V96/><F96/><W47/><G47/><T41/><D41/><U0/><AGARI ba="1,0" hai="0,4,11,36,37,85,90,92" m="29706,45611" machi="0" ten="30,1100,0" yaku="12,1" doraHai="105" who="1" fromWho="1" sc="211,-4,431,14,39,-4,319,-6" owari="207,-19.3,445,54.5,35,-46.5,313,11.3" /></mjloggm>