<mjloggm ver="2.3"><GO type="9" lobby="0"/><UN n0="%E2%93%9D%4C%75%63%6B%79%4A" n1="%E5%A4%9C%E3%81%AE%E3%83%94%E3%82%A8%E3%83%AD" n2="%E6%9D%8E%E7%A7%80%E6%98%8E%E6%98%8E" n3="%4E%6F%4E%61%6D%65" dan="6,10,11,0" rate="1657.60,1540.42,1544.79,1500.00" sx="M,M,M,M"/><TAIKYOKU oya="0"/><INIT seed="0,0,0,4,2,104" ten="250,250,250,250" oya="0" hai0="77,70,99,114,133,134,93,108,49,125,110,112,103" hai1="75,61,5,88,43,68,91,46,54,109,102,2,41" hai2="71,18,12,50,40,101,117,7,95,58,59,86,42" hai3="31,118,89,122,44,73,38,120,35,127,19,64,62"/><T121/><D70/><U27/><E109/><N who="0" m="42089" /><D121/><U115/><E115/><N who="0" m="44073" /><D49/><U83/><E102/><V106/><F117/><W85/><G118/><T123/><D123/><N who="3" m="47145" /><G19/><T124/><D77/><U78/><E27/><V51/><F71/><N who="3" m="42391" /><G31/><T29/><D29/><U57/><E43/><N who="2" m="16427" /><F106/><W3/><G35/><T21/><D21/><U96/><E96/><N who="2" m="59551" /><F86/><W11/><G44/><T130/><D130/><U13/><E13/><V0/><F0/><W79/><G38/><T36/><D36/><U60/><E61/><V1/><F1/><W66/><G66/><T107/><D107/><U131/><E131/><V82/><F82/><N who="3" m="45423" /><G85/><T15/><D15/><U53/><E53/><V37/><F7/><N who="3" m="1535" /><G89/><T8/><D8/><U69/><E69/><V9/><F37/><W67/><G67/><T23/><D23/><U111/><E111/><V4/><F4/><W126/><AGARI ba="0,0" hai="126,127" m="1535,45423,42391,47145" machi="126" ten="30,4000,0" yaku="13,1,23,1,52,1" doraHai="104" who="3" fromWho="3" sc="250,-20,250,-10,250,-10,250,40" /><INIT seed="1,0,0,0,2,131" ten="230,240,240,290" oya="1" hai0="17,1,48,84,112,88,47,127,123,40,92,38,67" hai1="41,134,104,118,10,62,16,97,58,66,105,115,9" hai2="54,53,86,103,90,79,34,132,36,29,26,110,73" hai3="108,75,93,126,68,13,42,81,71,51,121,52,56"/><U87/><E118/><V76/><F36/><W49/><G121/><T55/><D123/><U19/><E115/><V109/><F103/><W35/><G35/><T18/><D112/><U69/><E41/><V98/><F98/><W14/><G126/><T80/><D1/><U124/><E124/><V65/><F65/><W37/><G108/><N who="2" m="41577" /><F132/><W82/><G37/><T95/><D127/><U5/><E134/><V101/><F101/><W77/><G82/><T46/><D67/><U24/><E24/><V100/><F100/><W111/><G111/><T72/><REACH who="0" step="1"/><D95/><REACH who="0" ten="220,240,240,290" step="2"/><U119/><E119/><V12/><F12/><W4/><G93/><T63/><D63/><U106/><E69/><V120/><F120/><W23/><G14/><T39/><D39/><U85/><E97/><V31/><F31/><W6/><G71/><T70/><D70/><U27/><E27/><V20/><F34/><W59/><G68/><T91/><D91/><U15/><REACH who="1" step="1"/><E9/><REACH who="1" ten="220,230,240,290" step="2"/><V125/><F125/><W28/><G28/><T135/><D135/><U130/><E130/><V114/><F114/><W83/><G75/><T30/><D30/><U122/><E122/><V74/><F74/><W2/><G77/><AGARI ba="0,2" hai="17,18,38,40,46,47,48,55,72,77,80,84,88,92" machi="77" ten="40,2600,0" yaku="1,1,54,1,53,0" doraHai="131" doraHaiUra="60" who="0" fromWho="3" sc="220,46,230,0,240,0,290,-26" /><INIT seed="2,0,0,1,2,26" ten="266,230,240,264" oya="2" hai0="100,69,34,116,134,62,54,103,1,76,17,32,114" hai1="65,71,94,131,106,89,110,63,92,57,99,84,15" hai2="74,45,109,85,58,44,47,122,59,8,64,13,105" hai3="70,130,68,60,123,35,73,43,22,10,80,102,112"/><V91/><F122/><W36/><G123/><T50/><D1/><U52/><E131/><V3/><F3/><W6/><G130/><T66/><D114/><U111/><E106/><V81/><F105/><W21/><G112/><T107/><D76/><U29/><E29/><V33/><F33/><W7/><G102/><T5/><D5/><U72/><E72/><V133/><F74/><W93/><G93/><T12/><D134/><U39/><E39/><V82/><F133/><W53/><G6/><T2/><D2/><U4/><E4/><V119/><F119/><W120/><G120/><T78/><D78/><U115/><E115/><V51/><F64/><W27/><G21/><T67/><D67/><U30/><E30/><V108/><F82/><W97/><G97/><T121/><D116/><U31/><E31/><V49/><F58/><W16/><G35/><T61/><D62/><U23/><E23/><V118/><F118/><W90/><G53/><T25/><D34/><U95/><E15/><V9/><F59/><W77/><G90/><T104/><D107/><U14/><E14/><V38/><F38/><W79/><G60/><T18/><D104/><U40/><E40/><V88/><F91/><W126/><G77/><T129/><D129/><U46/><E46/><V132/><F132/><W101/><G101/><N who="0" m="38987" /><D121/><U125/><E125/><V96/><F96/><W20/><G126/><T56/><D12/><U135/><E135/><V83/><F83/><W124/><G124/><T113/><D113/><U75/><E75/><V55/><F13/><N who="3" m="5343" /><G20/><N who="0" m="13463" /><D32/><U42/><E42/><N who="2" m="24727" /><F45/><N who="3" m="23783" /><G68/><T24/><D24/><RYUUKYOKU ba="0,0" sc="266,10,230,-30,240,10,264,10" hai0="17,50,54,56,61,66,69" hai2="8,9,47,51,55,81,85,88,108,109" hai3="16,22,27,70,73,79,80" /><INIT seed="2,1,0,3,1,124" ten="276,200,250,274" oya="2" hai0="31,93,25,26,59,129,1,111,64,9,96,104,121" hai1="122,108,33,18,49,4,29,110,38,92,90,100,80" hai2="24,76,54,40,67,131,6,75,27,97,126,105,35" hai3="133,8,132,82,39,44,14,68,58,11,56,109,5"/><V37/><F126/><W62/><G109/><N who="1" m="42090" /><E38/><V85/><F67/><W46/><G68/><T114/><D104/><U55/><E4/><V13/><F35/><W10/><G82/><T70/><D26/><N who="1" m="18615" /><E80/><V23/><F75/><W53/><G56/><T77/><D114/><U7/><E7/><V83/><F54/><W42/><G46/><T78/><D121/><U95/><E122/><V30/><F24/><W52/><G53/><T101/><D70/><U48/><E100/><V79/><F37/><W47/><G47/><T12/><D1/><U16/><E49/><V119/><F119/><W60/><G60/><T106/><D106/><U15/><E15/><V21/><F40/><W71/><G71/><T99/><D111/><U34/><E34/><V102/><F23/><W17/><REACH who="3" step="1"/><G5/><REACH who="3" ten="276,200,250,264" step="2"/><T130/><D59/><N who="1" m="33255" /><E95/><V20/><F20/><AGARI ba="1,1" hai="8,10,11,14,17,20,39,42,44,52,58,62,132,133" machi="20" ten="40,2600,0" yaku="1,1,54,1,53,0" doraHai="124" doraHaiUra="88" who="3" fromWho="2" sc="276,0,200,0,250,-29,264,39" /><INIT seed="3,0,0,4,1,51" ten="276,200,221,303" oya="3" hai0="39,124,112,7,69,76,35,70,57,50,103,6,23" hai1="79,27,107,40,102,3,104,80,97,85,54,92,101" hai2="126,109,38,33,135,106,36,32,26,116,5,58,134" hai3="22,95,68,110,119,122,47,53,78,94,20,14,34"/><W111/><G34/><T113/><D76/><U2/><E3/><V128/><F58/><W105/><G105/><T11/><D35/><U67/><E40/><V48/><F48/><N who="3" m="28831" /><G68/><T130/><D130/><U66/><E2/><V29/><F5/><W61/><G119/><T100/><D23/><U131/><E131/><V133/><F106/><W44/><G122/><T98/><D124/><U59/><E27/><V42/><F116/><W88/><G78/><T10/><D57/><U17/><E17/><V9/><F126/><W93/><G61/><T90/><D50/><U71/><E71/><V83/><F83/><W73/><G73/><T0/><D0/><U30/><E30/><V15/><F128/><W56/><G56/><T89/><REACH who="0" step="1"/><D98/><REACH who="0" ten="266,200,221,303" step="2"/><U91/><E102/><V45/><F32/><W127/><G20/><T4/><D4/><U52/><E54/><V114/><F114/><W18/><G127/><T132/><D132/><U121/><E121/><V12/><F109/><N who="3" m="41483" /><G44/><T43/><D43/><U77/><E77/><V19/><REACH who="2" step="1"/><F15/><REACH who="2" ten="266,200,211,303" step="2"/><W75/><G75/><T108/><D108/><U62/><E107/><V46/><F46/><W13/><G13/><T125/><D125/><U16/><E16/><V21/><F21/><W72/><G72/><AGARI ba="0,2" hai="52,59,62,66,67,72,79,80,85,91,92,97,101,104" machi="72" ten="30,8000,1" yaku="7,1,24,2,52,1,54,1" doraHai="51" who="1" fromWho="3" sc="266,0,200,100,211,0,303,-80" /><INIT seed="4,0,0,4,4,114" ten="266,300,211,223" oya="0" hai0="91,42,22,89,28,62,85,25,11,105,115,123,68" hai1="9,69,117,75,107,95,108,90,30,79,37,12,131" hai2="76,46,113,70,116,120,45,36,71,127,1,65,84" hai3="19,104,100,27,94,80,121,110,83,58,60,82,33"/><T119/><D123/><U16/><E108/><V135/><F1/><W111/><G121/><T6/><D105/><U49/><E37/><V40/><F120/><W23/><G33/><T132/><D115/><U53/><E69/><V96/><F113/><W86/><G104/><T43/><D132/><U106/><E117/><V14/><F14/><W125/><G125/><T81/><D119/><U0/><E0/><V17/><F135/><W133/><G133/><T92/><D68/><U47/><E131/><V78/><F127/><W26/><G111/><T72/><D62/><U41/><E41/><V10/><F96/><W13/><G110/><T63/><D63/><U77/><E75/><V2/><F45/><W29/><G26/><T24/><D25/><U122/><E122/><V38/><F116/><W67/><G19/><T118/><D118/><U129/><E129/><V93/><F36/><W128/><G13/><N who="0" m="5367" /><D72/><U15/><E30/><V102/><F65/><W97/><REACH who="3" step="1"/><G128/><REACH who="3" ten="266,300,211,213" step="2"/><T18/><D28/><U112/><E112/><V8/><F8/><W109/><G109/><T87/><AGARI ba="0,1" hai="18,22,24,42,43,81,85,87,89,91,92" m="5367" machi="87" ten="30,1500,0" yaku="8,1" doraHai="114" who="0" fromWho="0" sc="266,25,300,-5,211,-5,213,-5" /><BYE who="3" /><INIT seed="4,1,0,5,5,22" ten="291,295,206,208" oya="0" hai0="72,30,75,122,60,129,15,2,89,24,87,49,78" hai1="9,115,80,12,90,71,92,130,68,57,77,126,116" hai2="66,106,128,38,97,86,110,133,76,64,123,107,31" hai3="23,102,103,73,113,40,51,135,55,111,1,7,10"/><T127/><D122/><U29/><E116/><V93/><F38/><W18/><G18/><T124/><D2/><U33/><E130/><V56/><F123/><W67/><G67/><T112/><D78/><U82/><E126/><N who="0" m="48169" /><D112/><U117/><E117/><V32/><F110/><W134/><G134/><T101/><D101/><U109/><E109/><V61/><F128/><W48/><G48/><T114/><D114/><U0/><E0/><V88/><F133/><W26/><G26/><T28/><D30/><U62/><E115/><V131/><F131/><W54/><G54/><T11/><D60/><U84/><E82/><V36/><F36/><W132/><G132/><T41/><D41/><U14/><E14/><V99/><F64/><W27/><G27/><T65/><D49/><U37/><E37/><V83/><REACH who="2" step="1"/><F99/><REACH who="2" ten="291,295,196,208" step="2"/><W85/><G85/><T105/><D65/><U53/><E33/><V34/><F34/><W81/><G81/><N who="0" m="49391" /><D129/><U20/><E29/><V6/><F6/><W58/><G58/><T96/><D96/><U98/><E20/><V118/><F118/><W13/><G13/><T3/><D15/><U50/><E50/><V47/><F47/><W91/><G91/><T63/><D3/><U39/><E39/><V125/><F125/><W108/><G108/><T74/><D63/><U35/><E35/><V21/><F21/><W17/><G17/><AGARI ba="1,1" hai="9,12,17,53,57,62,68,71,77,80,84,90,92,98" machi="17" ten="30,1000,0" yaku="7,1" doraHai="22" who="1" fromWho="3" sc="291,0,295,23,196,0,208,-13" /><INIT seed="5,0,0,5,5,120" ten="291,318,196,195" oya="1" hai0="91,65,108,27,75,41,18,57,37,44,76,97,40" hai1="84,99,101,33,87,71,47,1,130,5,82,88,31" hai2="34,64,30,32,125,42,102,56,100,78,109,19,59" hai3="15,23,22,93,123,92,39,131,4,51,72,90,74"/><U77/><E130/><V89/><F109/><W122/><G122/><T62/><D75/><U0/><E71/><V70/><F125/><W12/><G12/><T17/><D76/><U135/><E135/><V60/><F42/><W43/><G43/><T48/><D108/><U113/><E113/><V103/><F103/><W53/><G53/><T13/><D27/><U63/><E63/><V118/><F118/><W126/><G126/><T38/><D18/><U98/><E98/><V127/><F127/><W115/><G115/><T116/><D116/><U121/><E121/><V67/><F78/><W61/><G61/><T11/><D41/><U66/><E66/><V45/><F64/><W95/><G95/><T36/><D91/><U129/><E129/><V6/><F6/><W83/><G83/><T68/><REACH who="0" step="1"/><D97/><REACH who="0" ten="281,318,196,195" step="2"/><U46/><E5/><V119/><F119/><W8/><G8/><T25/><D25/><U128/><E128/><V24/><F89/><W117/><G117/><T16/><D16/><U20/><E33/><V86/><F32/><W107/><G107/><T2/><D2/><N who="1" m="1131" /><E20/><V85/><F19/><W50/><G50/><T14/><D14/><U112/><E112/><V35/><F35/><W28/><G28/><T80/><D80/><N who="1" m="47119" /><E31/><V21/><F34/><W54/><G54/><AGARI ba="0,1" hai="11,13,17,36,37,38,40,44,48,54,57,62,65,68" machi="54" ten="40,12000,2" yaku="1,1,24,2,53,3" doraHai="120" doraHaiUra="69" who="0" fromWho="3" sc="281,130,318,0,196,0,195,-120" /><INIT seed="6,0,0,3,4,113" ten="411,318,196,75" oya="2" hai0="21,125,121,54,94,50,75,46,3,40,41,79,23" hai1="18,74,93,110,35,116,133,5,4,114,39,92,87" hai2="44,72,82,65,19,47,6,106,73,55,25,64,71" hai3="134,17,126,120,115,51,97,70,100,20,58,45,85"/><V107/><F6/><W49/><G49/><T66/><D121/><U118/><E110/><V56/><F71/><W26/><G26/><T10/><D125/><U104/><E104/><V11/><F73/><W63/><G63/><T131/><D131/><U124/><E124/><V22/><F72/><W117/><G117/><T42/><D66/><U24/><E39/><V129/><F129/><W62/><G62/><T31/><D31/><U9/><E133/><V109/><F109/><W53/><G53/><T88/><D79/><U69/><E69/><V36/><F36/><W89/><G89/><T119/><BYE who="2" /><D119/><U27/><E74/><V43/><F43/><W128/><G128/><T102/><D102/><U16/><E9/><V127/><F127/><W101/><G101/><T91/><D91/><U59/><E59/><V52/><F52/><W103/><G103/><T8/><D75/><U99/><E114/><V12/><F12/><W33/><G33/><T2/><D3/><U123/><E123/><V90/><F90/><W122/><G122/><T86/><D2/><U29/><E87/><V95/><F95/><UN n2="%E6%9D%8E%E7%A7%80%E6%98%8E%E6%98%8E" /><W130/><G130/><T14/><REACH who="0" step="1"/><D10/><REACH who="0" ten="401,318,196,75" step="2"/><U48/><E48/><V81/><F106/><W34/><G34/><T132/><D132/><U111/><E111/><V112/><F11/><W13/><G13/><T135/><D135/><U38/><E38/><V83/><F112/><W37/><G37/><T28/><D28/><U84/><E84/><V108/><F108/><W1/><G1/><T30/><D30/><U105/><E105/><V78/><F107/><W98/><G98/><RYUUKYOKU ba="0,1" sc="401,30,318,-10,196,-10,75,-10" hai0="8,14,21,23,40,41,42,46,50,54,86,88,94" /><INIT seed="7,1,1,1,5,110" ten="431,308,186,65" oya="3" hai0="17,128,13,59,92,104,2,43,124,15,81,103,44" hai1="7,114,105,42,115,0,83,53,6,31,1,117,126" hai2="20,111,116,65,109,48,120,50,27,77,72,82,28" hai3="57,38,79,76,49,19,47,55,35,85,36,90,4"/><W18/><G18/><T51/><D104/><U24/><E42/><V8/><F116/><W94/><G94/><T122/><D2/><U52/><E83/><V58/><F120/><W88/><G88/><T133/><D128/><U75/><E75/><V91/><F8/><W45/><G45/><T67/><D124/><U89/><E89/><V99/><F109/><W69/><G69/><T10/><D133/><U97/><E126/><V107/><F111/><W33/><G33/><T39/><D122/><U71/><E71/><V127/><F127/><W32/><G32/><T22/><D81/><U125/><E125/><V106/><F106/><W134/><G134/><T61/><D39/><U56/><E105/><V63/><F107/><W118/><G118/><T74/><D74/><U131/><E131/><V84/><REACH who="2" step="1"/><F99/><REACH who="2" ten="431,308,176,65" step="2"/><W5/><G5/><N who="0" m="3535" /><D92/><AGARI ba="1,2" hai="20,27,28,48,50,58,63,65,72,77,82,84,91,92" machi="92" ten="30,3900,0" yaku="1,1,7,1,53,1" doraHai="110" doraHaiUra="73" who="2" fromWho="0" sc="431,-42,308,0,176,62,65,0" owari="389,48.9,308,10.8,238,-16.2,65,-43.5" /></mjloggm>