<mjloggm ver="2.3"><GO type="41" lobby="0"/><UN n0="%E3%82%A2%E3%83%A9%E3%82%B5%E3%83%BC%E3%81%A0%E3%82%88%21%21" n1="%E2%93%9D%4C%75%63%6B%79%4A" n2="%E3%81%A6%E3%82%93%E3%81%8F%E3%81%86" n3="%E6%A5%93%E7%9C%9F" dan="14,18,15,16" rate="1955.16,2215.80,2090.46,2019.35" sx="M,M,M,F"/><TAIKYOKU oya="0"/><INIT seed="0,0,0,2,3,15" ten="250,250,250,250" oya="0" hai0="51,75,53,60,41,68,122,40,135,42,70,115,113" hai1="107,76,23,134,102,128,114,124,35,9,131,116,67" hai2="71,87,96,69,46,56,112,118,16,89,95,84,120" hai3="30,80,20,50,22,94,27,5,83,13,39,17,55"/><T12/><D75/><U33/><E67/><V47/><F120/><W0/><G39/><T82/><D122/><U105/><E102/><V78/><F112/><W8/><REACH who="3" step="1"/><G94/><REACH who="3" ten="250,250,250,240" step="2"/><T24/><D135/><U100/><E134/><V117/><F95/><W49/><G49/><T28/><D82/><U25/><E107/><V127/><F118/><W45/><AGARI ba="0,1" hai="0,5,8,13,17,20,22,27,30,45,50,55,80,83" machi="45" ten="20,12000,2" yaku="1,1,0,1,7,1,52,1,53,2" doraHai="15" doraHaiUra="19" who="3" fromWho="3" sc="250,-60,250,-30,250,-30,240,130" /><INIT seed="1,0,0,2,1,80" ten="190,220,220,370" oya="1" hai0="93,90,85,117,32,48,53,20,111,104,70,109,8" hai1="43,62,17,47,82,103,84,55,95,101,129,15,42" hai2="3,88,40,89,131,26,106,79,28,133,24,59,35" hai3="77,37,52,114,68,92,45,25,108,99,128,125,14"/><U69/><E129/><V0/><F106/><W119/><G114/><T50/><D104/><U51/><E69/><V105/><F105/><W21/><G128/><T64/><D32/><U135/><E135/><V44/><F131/><W118/><G108/><N who="0" m="41547" /><D117/><U49/><E62/><V97/><F79/><W87/><G68/><T113/><D113/><U13/><E15/><V78/><F78/><W76/><G14/><T81/><D8/><U132/><E132/><V16/><F59/><W134/><G125/><T91/><D20/><U73/><E73/><V74/><F74/><W36/><G134/><T100/><D100/><U22/><E95/><V65/><F65/><W29/><G37/><T5/><D5/><U27/><E13/><V66/><F66/><W120/><G36/><T54/><D64/><U71/><E71/><V126/><F126/><W19/><G29/><T102/><D102/><N who="1" m="38923" /><E51/><N who="0" m="19497" /><D70/><U31/><E31/><V130/><F130/><W98/><G119/><T41/><D41/><U30/><E30/><V23/><F133/><W127/><G127/><T57/><D57/><U86/><E82/><V58/><F58/><W2/><G118/><T1/><D1/><U122/><E122/><V33/><F33/><W123/><G2/><T12/><D12/><U4/><E4/><V6/><F6/><W11/><G123/><T38/><D38/><U60/><E60/><V124/><F124/><W7/><G120/><T34/><D34/><U10/><E10/><V75/><F0/><W63/><G63/><T67/><D67/><U83/><E83/><V121/><F3/><W72/><G7/><RYUUKYOKU ba="0,0" sc="190,15,220,15,220,-15,370,-15" hai0="53,54,81,85,90,91,93" hai1="17,22,27,42,43,47,49,55,84,86" /><INIT seed="1,1,0,5,1,62" ten="205,235,205,355" oya="1" hai0="80,0,104,53,67,11,33,15,129,22,124,31,135" hai1="8,108,87,113,91,125,116,60,109,46,25,14,96" hai2="56,92,7,20,133,34,58,50,103,70,2,23,4" hai3="32,40,57,115,111,66,81,49,74,59,45,30,123"/><U89/><E113/><V68/><F34/><W12/><G115/><T132/><D104/><U110/><E116/><V71/><F133/><N who="0" m="51274" /><D53/><U88/><E125/><V128/><F128/><W9/><G123/><T77/><D0/><U39/><E25/><V100/><F2/><W126/><G126/><T61/><D33/><U29/><E29/><V121/><F92/><W134/><G134/><T13/><D124/><U1/><E1/><V16/><F50/><W21/><G111/><T17/><D31/><U86/><E96/><V36/><F36/><W99/><G32/><T130/><D80/><U63/><E46/><V76/><F76/><W26/><G99/><T98/><D98/><U69/><E39/><V41/><F41/><W64/><G81/><T37/><D77/><U19/><E69/><V38/><F38/><W24/><G24/><T90/><D90/><U48/><E48/><V102/><F16/><N who="3" m="8207" /><G74/><T73/><D73/><U18/><E19/><V82/><F82/><W75/><G75/><T28/><D37/><U10/><E10/><V27/><F121/><W117/><G117/><T93/><D28/><U122/><E122/><V65/><F27/><W94/><G94/><T44/><D93/><U83/><E87/><V112/><F112/><W106/><G106/><T97/><D97/><U6/><E18/><V84/><F84/><W3/><G3/><T51/><D51/><U127/><E127/><V72/><F72/><W118/><G118/><T131/><D44/><U120/><E120/><V5/><F56/><AGARI ba="1,0" hai="21,26,30,40,45,49,56,57,59,64,66" m="8207" machi="56" ten="30,7700,0" yaku="8,1,52,2,54,1" doraHai="62" who="3" fromWho="2" sc="205,0,235,0,205,-80,355,80" /><INIT seed="2,0,0,0,5,15" ten="205,235,125,435" oya="2" hai0="44,36,126,114,81,78,16,27,89,74,37,53,75" hai1="95,67,129,90,7,58,91,57,106,69,97,119,33" hai2="51,88,87,18,105,113,52,9,50,104,72,107,123" hai3="23,28,82,13,32,101,86,92,66,79,11,4,38"/><V94/><F113/><W115/><G38/><T127/><D114/><U45/><E33/><V122/><F72/><W49/><G115/><T0/><D0/><U85/><E119/><V76/><F76/><W111/><G111/><T22/><D75/><U110/><E129/><V24/><F50/><W120/><G120/><T61/><D89/><U83/><E106/><V64/><F64/><W116/><G116/><T46/><D46/><U98/><E7/><V84/><F84/><W130/><G130/><T108/><D108/><U55/><E69/><V71/><F71/><W96/><G32/><T80/><D80/><U48/><E110/><V39/><F39/><W60/><G49/><T40/><REACH who="0" step="1"/><D37/><REACH who="0" ten="195,235,125,435" step="2"/><U26/><E45/><V135/><F135/><W134/><G134/><T12/><D12/><U29/><E83/><V93/><F93/><W77/><G77/><T100/><D100/><U103/><E103/><V102/><F102/><W5/><G92/><T20/><D20/><N who="1" m="15559" /><E91/><V54/><F9/><W133/><G133/><T56/><AGARI ba="0,1" hai="16,22,27,36,40,44,53,56,61,74,78,81,126,127" machi="56" ten="30,7900,0" yaku="1,1,0,1,52,1,54,1,53,0" doraHai="15" doraHaiUra="3" who="0" fromWho="0" sc="195,89,235,-20,125,-39,435,-20" /><INIT seed="3,0,0,0,0,117" ten="284,215,86,415" oya="3" hai0="14,79,22,7,127,135,129,41,108,99,58,125,9" hai1="68,56,118,101,48,71,103,110,52,114,131,55,86" hai2="17,38,64,73,33,80,126,85,130,45,32,31,67" hai3="128,13,57,91,10,40,93,94,82,44,3,107,5"/><W88/><G107/><T109/><D79/><U119/><E114/><V39/><F73/><W92/><G128/><T96/><D41/><U122/><E131/><V70/><F70/><N who="1" m="26665" /><E86/><V6/><F130/><W42/><G3/><T29/><D129/><U81/><E81/><V34/><F126/><N who="0" m="48138" /><D58/><N who="1" m="33127" /><E103/><V72/><F72/><W100/><G100/><T123/><D99/><U75/><E75/><V62/><F6/><W11/><G11/><T124/><D96/><U0/><E0/><V95/><F95/><W18/><G5/><T90/><D90/><U59/><E110/><N who="0" m="42601" /><D124/><U102/><E102/><V106/><F106/><W2/><G91/><T53/><D53/><U115/><E115/><V20/><F80/><W132/><G82/><T27/><D135/><U98/><E98/><V25/><F85/><W61/><G132/><T116/><D116/><N who="1" m="44587" /><E101/><V112/><F112/><W8/><G88/><T120/><AGARI ba="0,0" hai="7,9,14,22,27,29,120,123" m="42601,48138" machi="120" ten="40,12000,2" yaku="18,1,14,1,34,2,52,2" doraHai="117" who="0" fromWho="0" sc="284,120,215,-30,86,-30,415,-60" /><INIT seed="4,0,0,2,2,80" ten="404,185,56,355" oya="0" hai0="6,65,108,98,52,133,117,42,86,79,87,109,14" hai1="35,67,113,89,77,104,43,135,127,70,64,83,40" hai2="94,39,93,47,49,59,72,112,90,128,54,103,31" hai3="123,99,46,92,4,84,74,34,32,129,126,63,56"/><T85/><D117/><U68/><E35/><V11/><F128/><W1/><G74/><T23/><D65/><U41/><E104/><V10/><F112/><W25/><G129/><T37/><D37/><U51/><E89/><V76/><F31/><W16/><G126/><T95/><D42/><U69/><E127/><V78/><F72/><W116/><G116/><T119/><D119/><U132/><E113/><V20/><F20/><W24/><G123/><T33/><D33/><U71/><N who="1" m="17408" /><DORA hai="44" /><U36/><E36/><V97/><F78/><W101/><G46/><T5/><D52/><U21/><E21/><V38/><F76/><W110/><G110/><N who="0" m="42603" /><D79/><U102/><E102/><V73/><F73/><W106/><G32/><T61/><D61/><U100/><E100/><V75/><F75/><W50/><G63/><T26/><D14/><U15/><E15/><V124/><F124/><W60/><G60/><T62/><D133/><N who="1" m="51275" /><E77/><V2/><F2/><W82/><G34/><T57/><D62/><U134/><N who="1" m="51283" /><U7/><DORA hai="22" /><E83/><V17/><F38/><W12/><G82/><T91/><D57/><U0/><E0/><V3/><F3/><W18/><G56/><T120/><D120/><U8/><E51/><N who="2" m="31199" /><F39/><W118/><G50/><T58/><D58/><U131/><E131/><V30/><F49/><W81/><G118/><T107/><D107/><U105/><E105/><V29/><F47/><W121/><G106/><T19/><AGARI ba="0,0" hai="5,6,19,23,26,85,86,87,91,95,98" m="42603" machi="19" ten="30,12000,1" yaku="10,1,52,4" doraHai="80,44,22" who="0" fromWho="0" sc="404,120,185,-40,56,-40,355,-40" /><INIT seed="4,1,0,3,3,66" ten="524,145,16,315" oya="0" hai0="30,100,35,135,61,114,127,112,37,77,0,63,54" hai1="122,91,98,97,130,85,83,60,40,45,58,108,69" hai2="92,31,65,62,19,9,95,123,81,27,133,16,6" hai3="43,29,75,86,134,5,20,124,111,18,106,103,33"/><T89/><D37/><U49/><E108/><V84/><F133/><W24/><G111/><T11/><D77/><U7/><E122/><V73/><F73/><W110/><G110/><T25/><D100/><U4/><E130/><V78/><F123/><W72/><G134/><T128/><D128/><U47/><E47/><V15/><F95/><W38/><G124/><T67/><D135/><U120/><E69/><V118/><F92/><W104/><G86/><T105/><D105/><U53/><REACH who="1" step="1"/><E120/><REACH who="1" ten="524,135,16,315" step="2"/><V74/><F118/><W57/><G57/><T126/><D127/><U82/><E82/><V107/><F74/><W99/><G75/><T129/><D126/><U34/><E34/><V76/><F76/><W1/><G72/><T125/><D35/><U88/><E88/><V36/><F36/><W3/><G38/><T96/><D89/><U119/><E119/><V132/><F132/><W8/><G43/><T10/><D125/><U46/><E46/><V87/><F87/><W41/><G41/><T26/><D129/><U115/><E115/><V71/><REACH who="2" step="1"/><F107/><REACH who="2" ten="524,135,6,315" step="2"/><W52/><G106/><T22/><D114/><U12/><E12/><V109/><F109/><W113/><G113/><T68/><D112/><U102/><E102/><V14/><F14/><N who="3" m="9303" /><G1/><T59/><D0/><U64/><E64/><V50/><F50/><W55/><AGARI ba="1,2" hai="3,5,8,24,29,33,52,55,99,103,104" m="9303" machi="55" ten="30,2000,0" yaku="24,1,54,1" doraHai="66" who="3" fromWho="3" sc="524,-11,135,-6,6,-6,315,43" /><INIT seed="5,0,0,4,0,50" ten="513,129,0,358" oya="1" hai0="66,13,70,53,51,106,107,125,22,8,100,25,6" hai1="23,130,28,129,71,73,86,35,42,63,109,132,99" hai2="18,85,26,115,17,2,16,59,40,4,97,61,89" hai3="87,96,92,55,57,118,43,30,62,93,103,123,135"/><U127/><E73/><V91/><F2/><W117/><G123/><T15/><D125/><U39/><E23/><N who="2" m="13679" /><F115/><W65/><G135/><T21/><D66/><U81/><E127/><V46/><F4/><W121/><G121/><T67/><D70/><U49/><E39/><V52/><F97/><W120/><G120/><T45/><D67/><U79/><E132/><V78/><F78/><W72/><G72/><T77/><D77/><U116/><E116/><N who="3" m="44650" /><G43/><T98/><D107/><U101/><E109/><V112/><F112/><W114/><G114/><T90/><D90/><N who="2" m="34314" /><F85/><W104/><G87/><T11/><D25/><U14/><E35/><V122/><F122/><W37/><G37/><T124/><D124/><U58/><E71/><V38/><F38/><W126/><G126/><T27/><D27/><U69/><E69/><V33/><F33/><W88/><G30/><T82/><D82/><U75/><E28/><V60/><F40/><W111/><G111/><T54/><D54/><N who="1" m="32079" /><E42/><V119/><F119/><W83/><G83/><T102/><D102/><U19/><E75/><V84/><F84/><N who="3" m="52231" /><G104/><T41/><D41/><U80/><E81/><V5/><F5/><AGARI ba="0,0" hai="5,6,8,11,13,15,21,22,45,51,53,98,100,106" machi="5" ten="30,3900,0" yaku="7,1,9,1,52,1" doraHai="50" who="0" fromWho="2" sc="513,39,129,0,0,-39,358,0" owari="552,65.2,129,-27.1,-39,-53.9,358,15.8" /></mjloggm>