<mjloggm ver="2.3"><GO type="41" lobby="0"/><UN n0="%4B%45%4E%5A%4F%37%37%37" n1="%69%6E%76%61%6C%69%73%6D" n2="%E2%93%9D%4C%75%63%6B%79%4A" n3="%E3%82%B3%E3%83%A9%E3%83%83%E3%82%BF%6C%76%38%30" dan="14,15,16,16" rate="1929.71,1998.45,2159.97,2099.54" sx="M,M,M,F"/><TAIKYOKU oya="0"/><INIT seed="0,0,0,2,4,89" ten="250,250,250,250" oya="0" hai0="32,113,106,31,132,4,6,121,83,129,13,120,53" hai1="122,76,109,118,47,125,9,14,86,16,10,104,59" hai2="33,101,44,17,80,94,135,36,29,93,43,84,99" hai3="42,119,3,39,38,62,63,115,51,55,82,19,79"/><T34/><D106/><U81/><E118/><V133/><F17/><W37/><G3/><T103/><D103/><U25/><E122/><V124/><F124/><W56/><G19/><T57/><D113/><U87/><E109/><V102/><F29/><W22/><G22/><T71/><D71/><U92/><E125/><V35/><F80/><W111/><G119/><T77/><D132/><N who="2" m="50762" /><F102/><W18/><G18/><T49/><D129/><U73/><E104/><N who="2" m="63551" /><F84/><W114/><G82/><T15/><D34/><AGARI ba="0,0" hai="33,34,35,36,43,44,93,94" m="63551,50762" machi="34" ten="30,3900,0" yaku="20,1,52,2" doraHai="89" who="2" fromWho="0" sc="250,-39,250,0,250,39,250,0" /><INIT seed="1,0,0,5,5,55" ten="211,250,289,250" oya="1" hai0="47,94,131,118,68,87,20,129,2,108,53,34,24" hai1="13,88,103,66,12,26,99,15,45,30,64,75,121" hai2="10,60,40,79,8,133,51,4,32,31,42,3,96" hai3="92,135,114,0,49,106,74,9,90,132,16,25,39"/><U107/><E121/><V33/><F79/><W35/><G106/><T109/><D68/><U105/><E75/><V104/><F133/><N who="3" m="51275" /><G39/><T126/><D2/><U85/><E45/><V1/><F31/><N who="3" m="19951" /><G74/><T73/><D73/><U72/><E107/><V134/><F134/><W52/><G114/><T119/><D34/><U111/><E111/><N who="0" m="42569" /><D94/><U65/><E72/><V127/><F127/><W89/><G0/><T61/><D126/><U117/><E117/><N who="0" m="44553" /><D87/><U116/><E116/><V38/><F38/><W11/><G16/><N who="0" m="12295" /><D47/><U128/><E128/><V21/><F3/><W36/><G36/><T122/><D122/><U71/><E71/><V44/><F1/><W76/><G76/><T56/><AGARI ba="0,0" hai="53,56,61,129,131" m="12295,44553,42569" machi="56" ten="40,5200,0" yaku="14,1,52,1,54,1" doraHai="55" who="0" fromWho="0" sc="211,52,250,-26,289,-13,250,-13" /><INIT seed="2,0,0,2,1,7" ten="263,224,276,237" oya="2" hai0="86,100,9,101,133,117,35,11,5,33,1,71,107" hai1="51,50,23,36,82,20,38,88,131,63,96,85,52" hai2="104,34,41,97,73,91,43,3,46,89,94,53,48" hai3="61,127,37,22,112,18,59,49,121,123,108,119,56"/><V90/><F104/><W68/><G119/><T15/><D71/><U79/><E131/><V14/><F3/><W44/><G22/><N who="1" m="8234" /><E36/><V120/><F73/><W128/><G18/><T26/><D117/><U58/><E38/><V83/><F34/><W45/><G128/><T105/><D86/><N who="1" m="48479" /><E96/><V115/><F115/><W122/><G127/><T134/><D1/><U60/><E60/><V114/><F120/><W16/><G112/><T135/><D26/><U126/><E126/><V32/><F32/><W67/><G16/><N who="0" m="8303" /><D107/><U110/><E110/><V47/><F114/><W66/><G108/><T98/><D101/><U102/><E102/><V129/><F129/><W31/><G31/><T75/><D75/><U125/><E125/><V57/><F14/><W65/><G68/><T84/><D84/><U28/><E28/><V19/><F19/><W27/><G27/><T72/><D72/><U4/><E4/><V17/><F17/><W2/><G2/><N who="0" m="439" /><D33/><U76/><E76/><V74/><F74/><W10/><G10/><T109/><D35/><U62/><E50/><N who="2" m="27007" /><F83/><AGARI ba="0,0" hai="51,52,58,62,63,83,85,88" m="48479,8234" machi="83" ten="30,3900,0" yaku="8,1,54,2" doraHai="7" who="1" fromWho="2" sc="263,0,224,39,276,-39,237,0" /><INIT seed="3,0,0,0,5,91" ten="263,263,237,237" oya="3" hai0="62,132,34,27,58,37,43,114,135,125,40,129,60" hai1="31,17,116,67,113,70,110,20,92,12,101,7,23" hai2="15,93,87,112,44,120,2,115,0,18,72,22,85" hai3="98,51,106,69,11,63,61,29,71,24,10,73,56"/><W95/><G106/><T16/><D125/><U122/><E70/><V117/><F72/><W88/><G73/><T94/><D114/><U66/><E113/><V84/><F117/><W54/><G69/><T100/><D129/><U4/><E122/><V131/><F131/><W105/><G105/><T68/><D68/><U82/><E110/><V79/><F120/><W118/><G118/><T90/><D100/><U75/><E75/><V134/><F79/><W102/><G102/><T76/><D76/><U8/><E82/><V96/><F134/><N who="0" m="51242" /><D37/><U26/><E116/><V45/><F115/><W121/><G121/><T77/><D77/><U39/><E39/><V78/><F78/><W47/><G71/><T81/><D81/><U109/><E109/><V52/><F112/><W35/><REACH who="3" step="1"/><G63/><REACH who="3" ten="263,263,237,227" step="2"/><T55/><D62/><U49/><E49/><V103/><REACH who="2" step="1"/><F45/><REACH who="2" ten="263,263,227,227" step="2"/><W14/><G14/><T124/><D124/><U21/><E12/><V86/><N who="2" m="21504" /><DORA hai="6" /><V38/><F38/><W65/><AGARI ba="0,2" hai="10,11,24,29,35,47,51,54,56,61,65,88,95,98" machi="65" ten="20,24000,3" yaku="1,1,0,1,7,1,52,3,54,1,53,1" doraHai="91,6" doraHaiUra="48,127" who="3" fromWho="3" sc="263,-80,263,-80,227,-80,227,260" /><INIT seed="3,1,0,5,3,41" ten="183,183,147,487" oya="3" hai0="119,18,132,9,61,89,36,114,51,69,16,118,2" hai1="121,34,84,73,45,107,135,125,25,63,101,80,75" hai2="113,26,130,66,19,31,3,43,104,117,64,133,77" hai3="42,122,110,115,6,37,39,35,134,85,60,46,58"/><W15/><G35/><T17/><D36/><U128/><E121/><V108/><F113/><W23/><G122/><T7/><D114/><U97/><E125/><V111/><F104/><W59/><G115/><T96/><D132/><U94/><E128/><V131/><F77/><W123/><G123/><T90/><D51/><U48/><E135/><V79/><F79/><W32/><G32/><T116/><REACH who="0" step="1"/><D96/><REACH who="0" ten="173,183,147,487" step="2"/><U106/><E63/><V57/><F133/><W54/><G134/><T5/><D5/><U99/><E34/><V74/><F131/><W38/><G6/><T126/><D126/><U95/><E25/><V27/><F27/><W52/><G110/><T53/><D53/><U10/><E48/><V103/><F111/><W124/><G124/><T82/><D82/><U102/><E10/><V11/><F11/><W78/><G38/><T120/><D120/><U22/><E22/><V105/><F108/><W68/><G39/><T0/><D0/><U86/><E45/><V8/><F3/><W129/><G23/><T91/><D91/><U109/><E109/><V12/><F8/><W62/><G15/><T112/><D112/><U29/><E29/><V92/><F31/><W56/><G129/><T47/><D47/><U4/><E4/><V21/><F130/><W28/><G28/><T88/><D88/><U24/><E24/><V87/><F26/><W98/><G98/><T67/><AGARI ba="1,1" hai="2,7,9,16,17,18,61,67,69,89,90,116,118,119" machi="67" ten="40,12000,2" yaku="1,1,0,1,54,1,53,3" doraHai="41" doraHaiUra="14" who="0" fromWho="0" sc="173,133,183,-31,147,-31,487,-61" /><INIT seed="4,0,0,3,4,39" ten="306,152,116,426" oya="0" hai0="59,117,92,71,66,30,2,114,44,94,96,29,63" hai1="34,70,13,115,10,120,86,81,97,22,51,127,7" hai2="82,40,46,112,43,119,38,106,58,19,27,126,84" hai3="23,35,65,67,41,104,83,61,54,108,103,0,50"/><T28/><D2/><U102/><E120/><V130/><F106/><W87/><G35/><T36/><D117/><U33/><E70/><V78/><F119/><W105/><G0/><T62/><D114/><U8/><E127/><V91/><F126/><W25/><G108/><T15/><D15/><U11/><E115/><V31/><F112/><W79/><G103/><T57/><D71/><U55/><E34/><V64/><F130/><W14/><G14/><T123/><D123/><U75/><E75/><V111/><F111/><W37/><G37/><T74/><D74/><U133/><E33/><V42/><F19/><W3/><G3/><T134/><D134/><U18/><E133/><V77/><F46/><W53/><G53/><T9/><D9/><U118/><E118/><V72/><F38/><W88/><G41/><T52/><D96/><U110/><E110/><V129/><F129/><W21/><G21/><T17/><D17/><U85/><E81/><V45/><F45/><W24/><G24/><T122/><D122/><U48/><E48/><V1/><F1/><W47/><G79/><T20/><D20/><U73/><E73/><V32/><REACH who="2" step="1"/><F72/><REACH who="2" ten="306,152,106,426" step="2"/><W5/><G105/><T93/><D36/><U131/><E131/><V107/><F107/><W113/><G104/><T6/><D44/><N who="1" m="28135" /><E7/><AGARI ba="0,1" hai="6,7,28,29,30,52,57,59,62,63,66,92,93,94" machi="7" ten="40,3900,0" yaku="8,1,54,1" doraHai="39" who="0" fromWho="1" sc="306,49,152,-39,106,0,426,0" /><INIT seed="4,1,0,3,4,18" ten="355,113,106,426" oya="0" hai0="70,44,107,108,126,87,25,103,29,57,65,106,69" hai1="66,86,10,116,48,3,27,101,21,0,71,105,39" hai2="76,68,83,7,104,51,41,1,73,121,113,67,15" hai3="81,47,62,52,114,102,17,88,40,120,109,124,125"/><T85/><D126/><N who="3" m="48745" /><G114/><T36/><D108/><U75/><E116/><V30/><F104/><W9/><G109/><T96/><D107/><U110/><E75/><V95/><F30/><W2/><G102/><T20/><D69/><U117/><E39/><V14/><F121/><W127/><G127/><T6/><D70/><U115/><E117/><V59/><F68/><W4/><G17/><T130/><D130/><U33/><E33/><V129/><F113/><W91/><G120/><T16/><D6/><U93/><E10/><V100/><F1/><W123/><G123/><T132/><D132/><U58/><E115/><V133/><F7/><W111/><G111/><T89/><D36/><U118/><E110/><V8/><F8/><W128/><G128/><T74/><D44/><U22/><E105/><V49/><F133/><W23/><G23/><T43/><D43/><U84/><E71/><V54/><F41/><W98/><G98/><T11/><D74/><U34/><E0/><V60/><F129/><W64/><G81/><T94/><D106/><U55/><E3/><V28/><F28/><W35/><G35/><T79/><D79/><U63/><E27/><V112/><F112/><W53/><G53/><T122/><D122/><U46/><E34/><V99/><F54/><W38/><G52/><T12/><D103/><U31/><E118/><V135/><F135/><W78/><G78/><T82/><D82/><U32/><E32/><V61/><F61/><AGARI ba="1,0" hai="11,12,16,20,25,29,57,61,65,85,87,89,94,96" machi="61" ten="40,7700,0" yaku="8,1,52,1,54,1" doraHai="18" who="0" fromWho="2" sc="355,80,113,0,106,-80,426,0" /><INIT seed="4,2,0,1,0,33" ten="435,113,26,426" oya="0" hai0="7,27,79,50,89,126,80,13,9,112,46,40,108" hai1="72,92,53,47,133,109,28,60,61,114,125,19,84" hai2="26,98,81,58,107,30,22,100,117,69,48,102,123" hai3="1,71,106,111,74,93,24,4,116,94,91,16,8"/><T32/><D108/><U73/><E109/><V132/><F123/><W10/><G106/><T5/><D112/><U115/><E28/><V135/><F69/><W38/><G38/><T86/><D126/><U18/><E92/><V41/><F102/><W83/><G111/><T44/><D46/><U35/><E35/><V127/><F127/><W3/><G71/><T65/><D65/><U105/><E105/><V6/><F6/><W55/><G116/><T42/><D7/><U95/><E95/><V129/><F129/><W85/><G55/><T122/><D122/><U97/><E84/><V51/><F117/><W57/><G57/><T68/><D68/><U21/><E97/><V39/><F81/><W101/><G74/><T11/><D11/><U128/><E128/><V31/><F31/><W49/><G49/><T75/><D42/><U99/><E99/><V121/><F121/><W23/><G101/><T17/><D32/><U104/><E104/><V103/><F103/><W59/><G59/><T88/><D75/><U66/><E125/><V34/><F34/><W90/><G90/><T131/><D131/><U124/><E124/><V29/><F30/><W78/><G91/><T54/><D54/><U36/><E36/><V76/><F76/><W134/><G134/><N who="2" m="51241" /><F58/><W45/><G45/><AGARI ba="2,0" hai="22,26,29,39,41,45,48,51,98,100,107" m="51241" machi="45" ten="30,1000,0" yaku="20,1" doraHai="33" who="2" fromWho="3" sc="435,0,113,0,26,16,426,-16" /><INIT seed="5,0,0,0,0,124" ten="435,113,42,410" oya="1" hai0="33,132,104,129,111,65,42,106,57,101,16,83,23" hai1="47,107,53,0,86,13,81,8,19,44,4,32,123" hai2="45,21,74,89,134,28,68,30,130,64,133,108,15" hai3="48,95,26,10,97,50,29,12,94,135,103,92,96"/><U59/><E123/><V109/><F74/><W79/><G79/><T76/><D111/><N who="2" m="42570" /><F45/><W85/><G135/><N who="2" m="51721" /><F64/><W35/><G85/><T24/><D33/><U131/><E131/><V2/><F68/><W114/><G114/><T122/><D122/><U49/><E107/><V52/><F89/><W34/><G34/><T1/><D1/><U77/><REACH who="1" step="1"/><E32/><REACH who="1" ten="435,103,42,410" step="2"/><V80/><F130/><W115/><G115/><T66/><D129/><U112/><E112/><V14/><F2/><W54/><G96/><T128/><D128/><U118/><E118/><V43/><F43/><W82/><G97/><T117/><D104/><U60/><E60/><V88/><F30/><W38/><G29/><T56/><D106/><U7/><E7/><V93/><F28/><W99/><G35/><T70/><D117/><U127/><E127/><V11/><F11/><AGARI ba="0,1" hai="0,4,8,11,13,19,44,47,49,53,59,77,81,86" machi="11" ten="30,2900,0" yaku="1,1,7,1,53,0" doraHai="124" doraHaiUra="22" who="1" fromWho="2" sc="435,0,103,39,42,-29,410,0" /><INIT seed="5,1,0,5,0,17" ten="435,142,13,410" oya="1" hai0="126,4,0,38,85,60,10,14,76,23,51,134,52" hai1="129,119,123,125,102,90,36,75,121,74,87,20,61" hai2="3,41,54,98,124,26,39,94,97,101,105,43,16" hai3="110,11,64,116,2,111,77,103,33,31,72,131,7"/><U37/><E119/><V89/><F3/><W40/><G116/><T96/><D38/><N who="1" m="14955" /><E102/><V108/><F108/><W32/><G40/><T82/><D134/><U22/><E61/><V122/><F122/><N who="1" m="46601" /><E87/><V135/><F124/><W30/><G131/><T35/><D35/><N who="3" m="13385" /><G31/><T93/><D0/><U57/><E57/><V112/><F112/><W115/><G30/><T132/><D60/><U21/><E90/><V120/><F135/><W106/><G64/><T127/><D132/><U47/><E129/><V53/><F120/><W65/><G115/><T80/><D127/><U78/><E78/><V62/><F39/><W24/><G24/><T117/><D126/><U92/><E125/><V59/><F54/><W66/><G65/><T107/><D117/><U1/><E92/><V81/><F81/><N who="3" m="45223" /><G66/><T71/><D82/><U6/><E47/><V9/><REACH who="2" step="1"/><F26/><REACH who="2" ten="435,142,3,410" step="2"/><W58/><G111/><T5/><D52/><U45/><E45/><V13/><AGARI ba="1,1" hai="9,13,16,41,43,53,59,62,89,94,97,98,101,105" machi="13" ten="30,8000,1" yaku="1,1,2,1,0,1,54,1,53,1" doraHai="17" doraHaiUra="91" who="2" fromWho="2" sc="435,-21,142,-41,3,93,410,-21" /><INIT seed="6,0,0,1,4,64" ten="414,101,96,389" oya="2" hai0="31,66,110,4,120,132,41,10,6,12,121,108,63" hai1="77,106,17,127,131,14,70,5,9,2,15,18,37" hai2="49,103,94,76,45,95,35,114,129,88,87,11,56" hai3="34,60,62,112,105,75,61,30,78,40,123,86,54"/><V93/><F35/><W48/><G75/><T57/><D132/><U33/><E106/><V104/><F129/><W65/><G123/><T90/><D41/><U98/><E37/><V19/><F114/><W111/><G105/><T42/><D42/><U115/><E77/><V69/><F69/><W52/><G112/><T117/><D117/><U91/><E91/><V21/><F11/><W27/><G111/><T73/><D73/><U134/><E98/><V51/><F76/><W8/><G65/><T99/><D31/><U68/><E115/><V126/><F126/><W116/><G116/><T58/><D4/><U107/><E107/><V44/><F104/><W100/><G100/><T128/><D128/><U46/><E131/><V47/><F103/><W102/><G102/><T71/><D120/><U26/><E127/><V20/><F21/><N who="3" m="15727" /><G8/><T50/><D121/><U0/><E134/><V79/><F79/><W39/><G39/><T89/><D99/><U43/><E33/><V122/><F122/><W7/><G7/><T125/><D125/><U81/><E81/><V83/><REACH who="2" step="1"/><F56/><REACH who="2" ten="414,101,86,389" step="2"/><W133/><G34/><T38/><D58/><U85/><E9/><V118/><F118/><W59/><G133/><T101/><D101/><U80/><E46/><V96/><F96/><W74/><G59/><T113/><D113/><U16/><E5/><V72/><F72/><W135/><G74/><T1/><D108/><U3/><E26/><AGARI ba="0,1" hai="19,20,26,44,45,47,49,51,83,87,88,93,94,95" machi="26" ten="40,7700,0" yaku="1,1,8,1,54,1,53,0" doraHai="64" doraHaiUra="29" who="2" fromWho="1" sc="414,0,101,-77,86,87,389,0" /><INIT seed="6,1,0,1,0,118" ten="414,24,173,389" oya="2" hai0="90,60,91,131,134,120,19,105,22,68,115,103,12" hai1="49,35,3,100,83,37,21,54,26,69,74,23,70" hai2="24,33,97,53,56,29,128,133,96,32,20,108,16" hai3="11,5,130,1,76,27,41,123,84,15,10,98,30"/><V94/><F108/><W81/><G130/><T129/><D120/><U99/><E37/><V46/><F128/><N who="0" m="49226" /><D115/><U28/><E3/><V2/><F2/><W77/><G41/><T82/><D134/><U14/><E14/><V107/><F133/><W44/><G98/><N who="0" m="61687" /><D82/><U6/><E54/><V109/><F109/><W65/><G65/><AGARI ba="1,0" hai="12,19,22,60,65,68,90,91" m="61687,49226" machi="65" ten="30,1000,0" yaku="19,1" doraHai="118" who="0" fromWho="3" sc="414,13,24,0,173,0,389,-13" /><INIT seed="7,0,0,4,5,53" ten="427,24,173,376" oya="3" hai0="77,24,3,33,31,123,134,86,38,121,70,122,44" hai1="4,28,52,14,93,107,29,69,12,21,90,17,62" hai2="91,100,85,113,26,88,20,57,97,61,95,41,76" hai3="60,108,111,9,120,35,8,0,65,109,40,131,32"/><W6/><G120/><T119/><D119/><U103/><E107/><V75/><F75/><W68/><G131/><T1/><D134/><U133/><E69/><V67/><F113/><W51/><G40/><T27/><D27/><U80/><E133/><V128/><F128/><W5/><G51/><T126/><D70/><U42/><E42/><V25/><F26/><W11/><G11/><T127/><D38/><U82/><E103/><V114/><F114/><W18/><G18/><T71/><D44/><U98/><E80/><N who="2" m="47239" /><F41/><W96/><G96/><T23/><D71/><U74/><E74/><V47/><F47/><W39/><G39/><T112/><D112/><U30/><E82/><V101/><F101/><W129/><G129/><T117/><D117/><U124/><E124/><N who="0" m="47657" /><D86/><U94/><E94/><V64/><F67/><W55/><G55/><T2/><D77/><U84/><E4/><V43/><F43/><W79/><G79/><T132/><D132/><U105/><E105/><V73/><F73/><W89/><G89/><T106/><D106/><U63/><E12/><AGARI ba="0,0" hai="0,5,6,8,9,12,32,35,60,65,68,108,109,111" machi="12" ten="40,2000,0" yaku="10,1" doraHai="53" who="3" fromWho="1" sc="427,0,24,-20,173,0,376,20" /><INIT seed="7,1,0,5,4,16" ten="427,4,173,396" oya="3" hai0="127,54,99,116,52,57,45,88,39,85,91,8,49" hai1="53,106,47,43,110,37,134,86,98,11,67,34,118" hai2="70,40,76,114,19,0,96,121,123,48,102,129,9" hai3="87,112,115,28,66,135,61,10,107,109,23,7,97"/><W68/><G109/><T122/><D39/><U75/><E86/><V128/><F70/><W36/><G36/><T6/><D116/><U15/><E15/><N who="2" m="7663" /><F0/><W90/><G135/><T24/><D122/><N who="2" m="46602" /><F76/><W29/><G107/><T44/><D127/><U3/><E53/><V78/><F78/><W30/><G97/><T79/><D79/><U65/><E110/><V21/><F114/><N who="3" m="43563" /><G90/><T108/><D108/><U103/><E118/><V5/><F5/><W80/><G87/><T95/><D24/><U84/><E84/><V74/><F74/><W100/><G80/><T17/><D17/><U113/><E134/><V126/><F126/><W104/><G100/><T32/><D32/><U55/><E113/><V27/><F48/><W73/><G73/><T38/><D38/><U33/><E55/><V59/><F59/><W60/><G60/><T62/><D54/><U51/><E51/><V25/><F40/><W35/><G35/><T93/><D62/><U42/><E42/><V94/><F27/><N who="3" m="16511" /><G104/><T41/><D41/><U81/><E67/><V14/><F14/><AGARI ba="1,0" hai="7,10,14,29,30,61,66,68" m="16511,43563" machi="14" ten="30,2900,0" yaku="15,1,52,1" doraHai="16" who="3" fromWho="2" sc="427,0,4,0,173,-32,396,32" /><AGARI ba="1,0" hai="6,8,14,44,45,49,52,57,85,88,91,93,95,99" machi="14" ten="30,7700,0" yaku="7,1,8,1,54,2" doraHai="16" who="0" fromWho="2" sc="427,77,4,0,141,-77,428,0" /><INIT seed="7,2,0,1,0,123" ten="504,4,64,428" oya="3" hai0="51,125,77,29,70,60,26,95,124,32,79,116,23" hai1="69,126,83,76,80,68,21,48,90,127,6,14,110" hai2="65,71,55,34,61,2,122,130,17,19,44,59,113" hai3="108,131,11,33,52,133,45,75,3,107,54,78,129"/><W81/><G33/><T73/><D116/><U135/><E6/><V43/><F34/><W31/><G31/><T117/><D117/><U86/><E135/><V67/><F2/><W39/><G133/><T82/><D77/><U72/><E48/><V99/><F113/><W8/><G107/><T0/><D0/><U42/><E42/><V22/><F130/><N who="3" m="49675" /><G11/><T120/><D51/><U16/><E68/><V66/><F122/><W105/><G105/><T25/><D120/><U24/><E69/><V91/><F71/><W64/><G64/><T112/><D112/><U92/><E127/><N who="0" m="48713" /><D95/><U121/><E121/><V58/><F59/><W36/><G108/><T63/><D70/><U12/><E126/><V28/><F67/><W9/><G9/><T46/><D46/><U101/><E110/><V18/><F66/><W56/><G45/><T57/><D57/><U132/><E132/><V4/><F65/><W15/><G3/><T27/><D27/><U10/><E10/><V50/><F4/><N who="3" m="3463" /><G54/><T104/><D104/><U30/><E30/><AGARI ba="2,0" hai="23,25,26,29,30,32,60,63,73,79,82" m="48713" machi="30" ten="30,1000,0" yaku="18,1" doraHai="123" who="0" fromWho="1" sc="504,16,4,-16,64,0,428,0" owari="520,62.0,-12,-51.2,64,-33.6,428,22.8" /></mjloggm>