<mjloggm ver="2.3"><GO type="41" lobby="0"/><UN n0="%E3%83%9E%E3%82%B8%E3%83%8F%E3%83%AD%EF%BC%95" n1="%4B%61%6E%61%6B%6F%5F" n2="%E9%9D%92%E9%B3%B3%E7%84%A1%E6%88%91" n3="%E2%93%9D%4C%75%63%6B%79%4A" dan="14,14,15,14" rate="1870.72,1953.42,1947.51,2084.20" sx="M,M,M,M"/><TAIKYOKU oya="0"/><INIT seed="0,0,0,0,1,77" ten="250,250,250,250" oya="0" hai0="120,50,58,122,17,21,4,71,5,52,12,31,39" hai1="2,109,68,72,95,129,18,24,43,41,94,69,90" hai2="126,20,85,47,88,98,133,79,104,37,49,127,45" hai3="1,128,89,28,96,54,10,66,125,55,35,97,44"/><T80/><D71/><U29/><E109/><V11/><F133/><W30/><G35/><T40/><D39/><U92/><E129/><V84/><F37/><W65/><G1/><T46/><D31/><U61/><E2/><V63/><F11/><W42/><G10/><T6/><REACH who="0" step="1"/><D80/><REACH who="0" ten="240,250,250,250" step="2"/><U13/><E68/><V134/><F134/><W59/><G30/><T119/><D119/><U70/><E69/><V131/><F131/><W105/><G28/><T87/><D87/><U33/><E72/><V135/><F135/><W113/><G128/><T91/><D91/><U3/><E90/><V99/><F84/><W34/><G89/><T57/><D57/><U0/><E70/><V67/><F79/><W56/><G59/><T83/><D83/><U15/><E29/><V73/><F73/><W112/><G56/><T36/><AGARI ba="0,1" hai="4,5,6,12,17,21,36,40,46,50,52,58,120,122" machi="36" ten="30,6000,0" yaku="1,1,0,1,54,1,53,0" doraHai="77" doraHaiUra="26" who="0" fromWho="0" sc="240,70,250,-20,250,-20,250,-20" /><INIT seed="0,1,0,4,3,102" ten="310,230,230,230" oya="0" hai0="41,6,93,24,40,87,117,57,73,50,104,19,95" hai1="96,124,129,77,37,119,54,128,85,114,22,116,20" hai2="56,81,66,84,32,53,12,120,47,83,26,68,113" hai3="88,27,7,9,86,5,51,28,76,15,16,43,49"/><T100/><D117/><U21/><E124/><V14/><F120/><W91/><G76/><T90/><D73/><U92/><E114/><V127/><F113/><W110/><G110/><T115/><D6/><U112/><E112/><V78/><F127/><W25/><G91/><T122/><D122/><U99/><E37/><V105/><F47/><N who="3" m="26111" /><G49/><T108/><D104/><U111/><E111/><V0/><F0/><W31/><G27/><T97/><D108/><U46/><E46/><V118/><F118/><W69/><G69/><T123/><D123/><U48/><E116/><V58/><F105/><W42/><G42/><T45/><D57/><N who="1" m="32967" /><E119/><V79/><F68/><W74/><G74/><T89/><D100/><U18/><E18/><V60/><F26/><W67/><G67/><T11/><D115/><U10/><E10/><V135/><F135/><W71/><G71/><T8/><D41/><U132/><E132/><V3/><F32/><W82/><G25/><T1/><D1/><U133/><E133/><V101/><F101/><W29/><AGARI ba="1,0" hai="5,7,9,15,16,28,29,31,82,86,88" m="26111" machi="29" ten="30,4000,0" yaku="8,1,54,2" doraHai="102" who="3" fromWho="3" sc="310,-21,230,-11,230,-11,230,43" /><INIT seed="1,0,0,1,0,22" ten="289,219,219,273" oya="1" hai0="54,91,84,77,9,25,117,52,115,36,127,44,33" hai1="51,50,0,39,131,28,11,56,5,47,29,104,27" hai2="30,70,4,71,73,133,134,38,20,112,135,68,96" hai3="64,62,101,78,3,119,23,15,24,21,87,102,124"/><U16/><E131/><V34/><F20/><W35/><G3/><T12/><D117/><U55/><E104/><V43/><F112/><W41/><G35/><T10/><D127/><U82/><E39/><V74/><F4/><W37/><G124/><T83/><D115/><U118/><E118/><V48/><F48/><W40/><G78/><T31/><D9/><U81/><E29/><V85/><F85/><W58/><G87/><T32/><D32/><U14/><E0/><V99/><F99/><W89/><G89/><T59/><D59/><U72/><E72/><V76/><F96/><W17/><G119/><T61/><D61/><U80/><E5/><V18/><F18/><N who="3" m="12407" /><G37/><T108/><D108/><U66/><E66/><V65/><F65/><W125/><G125/><T107/><D107/><U129/><E129/><V79/><F79/><W132/><G132/><T113/><D113/><U69/><E69/><V2/><F2/><W45/><G45/><T114/><D114/><U75/><E75/><V1/><F1/><W53/><G64/><T57/><D57/><U100/><E100/><AGARI ba="0,0" hai="15,17,21,40,41,53,58,62,100,101,102" m="12407" machi="100" ten="30,2000,0" yaku="8,1,52,1" doraHai="22" who="3" fromWho="1" sc="289,0,219,-20,219,0,273,20" /><INIT seed="2,0,0,1,2,81" ten="289,199,219,293" oya="2" hai0="39,118,56,107,50,134,82,42,68,18,33,63,94" hai1="131,91,37,90,80,9,17,86,71,105,123,133,89" hai2="125,38,92,115,16,113,13,117,88,32,74,100,72" hai3="57,114,19,73,121,99,8,5,132,43,0,116,48"/><V47/><F117/><W30/><G116/><T128/><D107/><U44/><E133/><V75/><F32/><W70/><G70/><T53/><D134/><U78/><E131/><V27/><F100/><W49/><G73/><T83/><D128/><U1/><E123/><V55/><F27/><W97/><G30/><T66/><D118/><U21/><E71/><V104/><F104/><W34/><G34/><T54/><D33/><U12/><E105/><V130/><F130/><W124/><G124/><T15/><D94/><U135/><E135/><V29/><F29/><W26/><G43/><T14/><D54/><U45/><REACH who="1" step="1"/><E37/><REACH who="1" ten="289,189,219,293" step="2"/><V28/><F125/><W110/><G121/><T96/><D96/><U46/><E46/><V98/><F38/><W103/><G132/><T36/><D36/><U2/><E2/><V59/><F47/><W62/><G0/><T111/><D111/><U85/><E85/><V87/><F87/><W24/><G110/><T102/><D39/><U65/><E65/><V7/><F115/><W41/><G114/><T20/><D68/><U35/><E35/><V109/><F113/><W23/><G99/><T129/><D129/><U108/><E108/><V31/><F109/><W60/><G97/><T119/><D119/><U120/><E120/><V101/><F101/><W67/><G103/><T93/><D66/><U69/><E69/><V61/><REACH who="2" step="1"/><F7/><AGARI ba="0,1" hai="1,7,9,12,17,21,44,45,78,80,86,89,90,91" machi="7" ten="40,5200,0" yaku="1,1,52,1,53,1" doraHai="81" doraHaiUra="6" who="1" fromWho="2" sc="289,0,189,62,219,-52,293,0" /><INIT seed="3,0,0,2,0,100" ten="289,251,167,293" oya="3" hai0="133,61,2,42,20,120,12,86,55,10,105,132,134" hai1="29,45,113,121,38,112,97,44,82,127,104,58,35" hai2="59,130,131,1,124,93,40,91,85,37,49,28,51" hai3="67,36,81,129,119,75,25,135,71,41,88,18,80"/><W33/><G119/><T13/><D120/><U26/><E121/><V60/><F1/><W123/><G123/><T87/><D42/><U24/><E127/><V21/><F124/><W19/><G129/><N who="2" m="49161" /><F37/><W72/><G67/><T122/><D122/><U117/><E117/><V64/><F40/><W109/><G71/><T22/><D2/><U30/><E58/><V0/><F0/><W66/><G66/><T9/><D61/><U11/><E11/><V98/><F85/><W63/><G63/><T77/><D55/><U76/><E38/><V32/><F32/><W31/><G135/><T5/><D77/><U107/><E76/><V108/><F108/><W89/><G41/><T96/><D96/><U56/><E97/><V4/><F4/><W47/><G36/><T101/><D101/><U57/><E82/><V111/><F111/><W23/><G109/><T46/><D134/><U53/><E35/><V110/><F110/><W78/><G47/><T116/><D116/><U126/><E126/><V128/><N who="2" m="49169" /><V114/><DORA hai="73" /><F114/><W68/><G68/><T62/><D62/><U15/><E15/><V3/><F3/><W92/><G33/><T65/><D65/><U39/><E39/><V74/><F74/><W27/><G27/><AGARI ba="0,0" hai="21,27,28,49,51,59,60,64,91,93,98" m="49169" machi="27" ten="40,1300,0" yaku="19,1" doraHai="100,73" who="2" fromWho="3" sc="289,0,251,0,167,13,293,-13" /><INIT seed="4,0,0,0,4,118" ten="289,251,180,280" oya="0" hai0="119,7,25,67,124,70,40,49,93,52,122,39,115" hai1="3,60,90,20,103,125,22,133,13,58,121,100,15" hai2="114,108,113,126,21,56,85,116,101,80,48,73,4" hai3="102,36,75,29,123,53,0,72,131,47,38,31,27"/><T11/><D122/><U96/><E133/><V1/><F108/><W135/><G102/><T76/><D119/><U5/><E125/><V66/><F126/><W34/><G53/><T92/><D124/><U63/><E3/><V37/><F37/><W112/><G135/><T43/><D115/><U41/><E41/><V8/><F73/><W107/><G47/><T105/><D105/><U79/><E79/><V50/><F116/><W57/><G57/><T109/><D109/><U81/><E121/><V82/><F101/><W88/><G0/><T51/><D25/><U9/><E60/><N who="2" m="38151" /><F21/><N who="1" m="8297" /><E13/><V98/><F98/><W59/><G112/><N who="2" m="43113" /><F82/><W134/><G134/><T19/><D19/><U84/><E96/><V26/><F26/><W111/><G27/><T71/><D71/><U10/><E10/><V129/><F129/><W64/><G131/><T128/><D128/><U24/><E24/><V6/><F6/><W62/><G111/><T78/><D39/><U89/><E89/><AGARI ba="0,0" hai="1,4,8,48,50,80,85,89" m="43113,38151" machi="89" ten="30,1000,0" yaku="15,1" doraHai="118" who="2" fromWho="1" sc="289,0,251,-10,180,10,280,0" /><INIT seed="5,0,0,1,3,133" ten="289,241,190,280" oya="1" hai0="80,20,57,56,102,35,78,51,38,18,121,127,3" hai1="12,106,29,0,112,49,97,26,34,122,95,70,16" hai2="82,100,131,39,25,64,14,61,86,15,113,10,76" hai3="69,31,45,30,92,130,81,90,101,125,42,58,83"/><U27/><E122/><V114/><F39/><W120/><G69/><T110/><D110/><U5/><E112/><N who="2" m="43115" /><F131/><W118/><G101/><T124/><D35/><U88/><E70/><N who="2" m="42255" /><F100/><W13/><G58/><T63/><D3/><U73/><E73/><V89/><F25/><W67/><G67/><T99/><D51/><U93/><E27/><V85/><F10/><W62/><G62/><T44/><D44/><U37/><E37/><V129/><F129/><W36/><G120/><T7/><D7/><U8/><E49/><V98/><F98/><W19/><G31/><T6/><D6/><U132/><E132/><V59/><F59/><W22/><G30/><T107/><D38/><U123/><E123/><V28/><F28/><W40/><G130/><T79/><D57/><U116/><E116/><V134/><F134/><W17/><G118/><T72/><D79/><U66/><E66/><V128/><F128/><W46/><G36/><T109/><D109/><U75/><E75/><V105/><F105/><W71/><G71/><T60/><D56/><U2/><E2/><V74/><F74/><W33/><G46/><T68/><D68/><U53/><E106/><V94/><AGARI ba="0,0" hai="14,15,76,82,85,86,89,94" m="42255,43115" machi="94" ten="30,2000,0" yaku="15,1,11,1" doraHai="133" who="2" fromWho="2" sc="289,-5,241,-10,190,20,280,-5" /><INIT seed="6,0,0,5,1,74" ten="284,231,210,275" oya="2" hai0="5,62,8,66,71,84,9,56,85,70,58,100,2" hai1="130,47,39,61,52,113,28,127,3,14,32,31,49" hai2="82,133,114,34,11,30,86,119,33,98,118,26,42" hai3="95,43,23,96,50,89,79,60,7,44,90,122,29"/><V81/><F114/><W99/><G122/><T110/><D110/><U21/><E3/><V126/><F126/><W15/><G60/><T101/><D62/><U129/><E113/><V18/><F133/><W104/><G104/><T94/><D94/><U121/><E127/><V25/><F42/><W53/><G29/><T24/><D24/><U88/><E121/><V68/><F68/><W1/><G1/><T112/><D112/><U128/><E32/><V93/><F119/><W108/><G108/><T16/><D2/><U55/><E39/><V109/><F109/><W106/><G106/><T135/><D135/><U87/><E14/><V116/><F82/><W97/><G90/><T69/><D69/><U13/><E13/><V105/><F105/><W102/><G102/><T64/><D16/><U91/><E21/><V22/><F11/><W131/><G131/><T48/><D48/><U40/><E91/><V38/><F38/><W17/><G7/><AGARI ba="0,0" hai="5,7,8,9,56,58,64,66,70,71,84,85,100,101" machi="7" ten="25,1600,0" yaku="22,2" doraHai="74" who="0" fromWho="3" sc="284,16,231,0,210,0,275,-16" /><INIT seed="7,0,0,5,2,92" ten="300,231,210,259" oya="3" hai0="125,29,23,124,8,13,91,69,6,1,11,83,36" hai1="59,24,50,76,78,21,45,20,114,71,80,89,81" hai2="38,44,95,70,58,98,2,126,3,119,111,129,51" hai3="90,53,133,102,73,55,101,84,99,37,5,103,32"/><W135/><G37/><T117/><D69/><U15/><E71/><V96/><F111/><W35/><G73/><T61/><D61/><U113/><E59/><V116/><F70/><W52/><G5/><T0/><D117/><U77/><E15/><V110/><F110/><W82/><G99/><T85/><D36/><U105/><E105/><V118/><F38/><W132/><AGARI ba="0,0" hai="32,35,52,53,55,82,84,90,101,102,103,132,133,135" machi="132" ten="40,12000,1" yaku="0,1,29,2,20,1,54,1" doraHai="92" who="3" fromWho="3" sc="300,-40,231,-40,210,-40,259,120" owari="260,6.0,191,-20.9,170,-33.0,379,47.9" /></mjloggm>