<mjloggm ver="2.3"><GO type="41" lobby="0"/><UN n0="%74%6F%6C%75%74%74%68%69" n1="%E3%81%8B%E3%82%82%E3%81%AA%E3%81%B9%E3%81%8B%E3%82%82" n2="%E2%93%9D%4C%75%63%6B%79%4A" n3="%E3%83%9F%E3%83%A5%E3%83%9F%E3%83%A5" dan="14,13,18,13" rate="1821.42,1842.38,2184.89,1860.03" sx="M,F,M,M"/><TAIKYOKU oya="0"/><INIT seed="0,0,0,2,2,52" ten="250,250,250,250" oya="0" hai0="14,111,95,9,28,125,69,53,5,118,46,60,72" hai1="47,21,11,58,62,92,124,93,75,115,3,54,7" hai2="32,110,90,126,65,127,49,85,78,33,29,109,87" hai3="17,20,130,96,71,61,123,44,40,100,84,132,16"/><T68/><D118/><U128/><E75/><V102/><F29/><W131/><G132/><T103/><D72/><U38/><E128/><N who="3" m="49194" /><G84/><N who="2" m="32329" /><F65/><N who="3" m="41391" /><G20/><T19/><D125/><N who="2" m="47626" /><F102/><W34/><G34/><N who="2" m="13417" /><F49/><N who="3" m="26759" /><G123/><T39/><D28/><U134/><E134/><V116/><F116/><W18/><G17/><T82/><D19/><U8/><E124/><V133/><F133/><W73/><G73/><T36/><D82/><U4/><E115/><V23/><F23/><W113/><G113/><T55/><D103/><U50/><E21/><V89/><F78/><W66/><G66/><T70/><D70/><U88/><E93/><AGARI ba="0,0" hai="16,18,93,96,100" m="26759,41391,49194" machi="93" ten="30,2000,0" yaku="19,1,54,1" doraHai="52" who="3" fromWho="1" sc="250,0,250,-20,250,0,250,20" /><INIT seed="1,0,0,0,1,133" ten="250,230,250,270" oya="1" hai0="116,105,51,86,127,67,32,31,94,102,34,108,124" hai1="82,131,74,50,61,47,113,12,78,87,49,56,88" hai2="128,107,20,112,8,92,109,99,89,26,66,48,79" hai3="63,115,80,46,11,33,57,15,110,38,9,58,68"/><U13/><E113/><V121/><F112/><W77/><G33/><T117/><D67/><U17/><E131/><V37/><F37/><W103/><G110/><T7/><D105/><U2/><E2/><V70/><F121/><W14/><G68/><T60/><D108/><U71/><E71/><V95/><F107/><W25/><G25/><N who="0" m="18543" /><D34/><U59/><E59/><V16/><F128/><W19/><G103/><T52/><D7/><U53/><E17/><V111/><F79/><W69/><G69/><T54/><D60/><U5/><E5/><V132/><F132/><W106/><G106/><T90/><D102/><U118/><E49/><V65/><F111/><W96/><G96/><T81/><D81/><U135/><E135/><V55/><F70/><W83/><G83/><T101/><D101/><U23/><E23/><V93/><F8/><W84/><G63/><T98/><D86/><U1/><E1/><V126/><F109/><W114/><G115/><T40/><D40/><U10/><E10/><V28/><F28/><W125/><G114/><T0/><D0/><U36/><E36/><V24/><F26/><W100/><G100/><T76/><D76/><U6/><E6/><V27/><F27/><W104/><G104/><T119/><D51/><U91/><E118/><V122/><F122/><W3/><G3/><T134/><D134/><U18/><E18/><V43/><F43/><N who="3" m="22903" /><G58/><T73/><D73/><U30/><E30/><V62/><F62/><W130/><G57/><T21/><D21/><U75/><E75/><V4/><F20/><W120/><G130/><T22/><D22/><RYUUKYOKU ba="0,0" sc="250,30,230,-10,250,-10,270,-10" hai0="52,54,90,94,98,116,117,119,124,127" /><INIT seed="2,1,0,0,0,39" ten="280,220,240,260" oya="2" hai0="125,45,47,14,24,129,95,59,127,81,36,101,89" hai1="114,104,72,86,130,74,93,124,57,84,27,69,4" hai2="103,48,123,67,35,21,105,118,70,64,75,96,97" hai3="79,131,3,10,100,111,15,65,20,62,71,32,63"/><V28/><F123/><W0/><G32/><T12/><D129/><U44/><E69/><V122/><F122/><W41/><G111/><T106/><D106/><U58/><E104/><V51/><F118/><W110/><G110/><T23/><D101/><U34/><E114/><V83/><F21/><W76/><G100/><T11/><D81/><U78/><E130/><V91/><F67/><W50/><G131/><T55/><D14/><U46/><E4/><V43/><F97/><W132/><G20/><T30/><D36/><U90/><E124/><V7/><F7/><W121/><G132/><T18/><D125/><U17/><E74/><V2/><F2/><W119/><G119/><T54/><D54/><U19/><E72/><V40/><F51/><W68/><G121/><T26/><D26/><U22/><E34/><V102/><F48/><W56/><G0/><T92/><D92/><U52/><E58/><V117/><F103/><W115/><G3/><T113/><D113/><U133/><E17/><V66/><F66/><W134/><G134/><T128/><D128/><U49/><E133/><V73/><F75/><W82/><G82/><AGARI ba="1,0" hai="19,22,27,44,46,49,52,57,78,82,84,86,90,93" machi="82" ten="40,2600,0" yaku="8,1,54,1" doraHai="39" who="1" fromWho="3" sc="280,0,220,29,240,0,260,-29" /><INIT seed="3,0,0,3,5,16" ten="280,249,240,231" oya="3" hai0="60,6,72,18,123,134,69,79,25,39,112,98,30" hai1="96,93,58,83,10,23,107,1,56,76,120,12,131" hai2="15,55,52,115,26,0,45,50,65,5,118,117,32" hai3="87,133,106,64,33,78,121,99,40,27,59,113,84"/><W100/><G121/><T8/><D123/><U47/><E120/><V2/><F115/><W70/><G113/><T128/><D39/><U36/><E1/><V88/><F65/><W17/><G133/><T97/><D128/><U53/><E107/><V86/><F2/><W94/><G40/><T21/><D79/><U135/><E131/><V7/><F0/><W41/><G78/><T124/><D72/><U89/><E135/><V122/><F122/><W125/><G125/><T127/><D134/><U71/><E71/><V74/><F74/><W38/><G59/><T108/><D108/><U9/><E9/><V3/><F3/><W14/><G41/><T68/><D68/><U49/><E36/><V101/><F101/><W31/><G38/><T80/><D80/><U46/><E58/><V63/><F15/><W82/><G94/><T126/><D112/><U114/><E114/><V95/><F63/><N who="3" m="40223" /><G82/><T34/><D60/><U11/><E11/><AGARI ba="0,0" hai="11,14,17,27,31,33,84,87,99,100,106" m="40223" machi="11" ten="30,1500,0" yaku="25,1" doraHai="16" who="3" fromWho="1" sc="280,0,249,-15,240,0,231,15" /><INIT seed="3,1,0,5,3,19" ten="280,234,240,246" oya="3" hai0="48,123,7,37,49,23,99,53,14,46,44,61,29" hai1="134,5,41,39,55,20,57,103,94,54,59,104,80" hai2="100,8,83,69,98,96,47,114,108,93,77,31,10" hai3="97,25,16,71,95,117,38,90,21,67,43,66,58"/><W130/><G117/><T26/><D123/><U32/><E32/><V62/><F114/><W42/><G71/><T84/><D37/><U129/><E104/><V76/><F108/><W120/><G120/><T28/><D61/><U51/><E129/><V13/><F31/><W6/><G6/><T85/><D29/><U133/><E5/><V82/><F47/><W73/><G73/><T52/><D99/><U33/><E33/><V122/><F69/><W75/><G75/><T115/><D115/><U101/><E80/><V4/><F122/><W3/><G3/><T109/><D109/><U112/><E112/><V81/><F10/><AGARI ba="1,0" hai="7,10,14,23,26,28,44,46,48,49,52,53,84,85" machi="10" ten="40,8000,1" yaku="9,1,8,1,52,1,54,1" doraHai="19" who="0" fromWho="2" sc="280,83,234,0,240,-83,246,0" /><INIT seed="4,0,0,1,1,103" ten="363,234,157,246" oya="0" hai0="135,127,57,110,19,12,97,121,89,40,133,124,42" hai1="65,4,63,120,77,71,94,15,7,96,134,60,37" hai2="8,13,70,52,53,92,83,85,44,48,3,126,39" hai3="99,107,14,58,72,132,45,76,32,66,56,5,87"/><T111/><D121/><U93/><E134/><N who="0" m="51209" /><D57/><U79/><E37/><V108/><F108/><N who="0" m="41514" /><D97/><U106/><E120/><V33/><F33/><W102/><G72/><T113/><D89/><U129/><E129/><V115/><F3/><W20/><G132/><T25/><D25/><U21/><E4/><V35/><F70/><W55/><G32/><T68/><D68/><U123/><E123/><V101/><F35/><W73/><G73/><T105/><D105/><U128/><E128/><V78/><F39/><W119/><G119/><T0/><D0/><U59/><E106/><V54/><F115/><W17/><G66/><T24/><D24/><U50/><E50/><V122/><F122/><W98/><G98/><T16/><D113/><U38/><E38/><V10/><F101/><W84/><G76/><T30/><D30/><U130/><E130/><V6/><F92/><W91/><G84/><T116/><D116/><U90/><E94/><V86/><F86/><W112/><G112/><T74/><D74/><U51/><E51/><V131/><F131/><W62/><G58/><T27/><D27/><U118/><E118/><V34/><F34/><W1/><G45/><T64/><D64/><U69/><E69/><V114/><F114/><W41/><G41/><N who="0" m="15979" /><D19/><N who="1" m="10495" /><E7/><V75/><F6/><W36/><G36/><T9/><AGARI ba="0,0" hai="9,12,16,124,127" m="15979,41514,51209" machi="9" ten="40,7800,0" yaku="20,1,10,1,54,1" doraHai="103" who="0" fromWho="0" sc="363,78,234,-26,157,-26,246,-26" /><INIT seed="4,1,0,2,4,20" ten="441,208,131,220" oya="0" hai0="43,4,51,12,81,63,13,96,9,92,37,108,95" hai1="86,116,121,118,113,110,128,49,99,78,93,126,18" hai2="109,1,117,25,102,68,21,120,67,16,57,94,29" hai3="87,14,127,135,2,26,22,47,91,64,132,10,8"/><T39/><D108/><U34/><E34/><V45/><F109/><W31/><G47/><T106/><D106/><U42/><E110/><V6/><F120/><W75/><G75/><T24/><D63/><U7/><E7/><V98/><F117/><W15/><G64/><T52/><D13/><U101/><E121/><V59/><F68/><W84/><G91/><T54/><D54/><U23/><E126/><V5/><F1/><W36/><G36/><T50/><D50/><U65/><E65/><V58/><F67/><W70/><G70/><T69/><D43/><U82/><E128/><V85/><F85/><W107/><G107/><T100/><D92/><U131/><E131/><V66/><F66/><W123/><G123/><T76/><D24/><U72/><E72/><V27/><REACH who="2" step="1"/><F45/><REACH who="2" ten="441,208,121,220" step="2"/><W0/><G87/><T129/><D69/><U112/><E118/><V114/><F114/><W60/><G84/><T125/><D129/><U61/><E116/><V83/><F83/><W88/><G0/><T17/><D125/><U55/><E113/><V11/><F11/><W134/><G127/><T119/><D119/><U74/><E112/><V124/><F124/><W130/><G2/><T56/><D81/><U105/><E74/><V89/><F89/><W48/><G88/><T71/><D71/><U30/><E82/><V62/><F62/><W73/><G60/><T33/><D76/><U38/><E86/><V80/><F80/><W103/><G73/><T111/><D111/><U90/><E78/><V44/><F44/><W104/><G130/><T133/><D100/><U40/><E61/><RYUUKYOKU ba="1,1" sc="441,-10,208,-10,121,30,220,-10" hai2="5,6,16,21,25,27,29,57,58,59,94,98,102" /><INIT seed="5,2,1,4,0,35" ten="431,198,151,210" oya="1" hai0="60,31,25,116,75,17,120,11,79,111,104,64,82" hai1="66,95,105,106,131,127,99,103,49,53,51,4,130" hai2="129,18,88,80,98,9,45,97,121,1,110,128,117" hai3="15,28,22,113,96,44,12,48,108,101,43,20,10"/><U135/><E135/><V24/><F117/><W90/><G108/><T115/><D111/><U55/><E127/><V39/><F110/><W122/><G113/><T30/><D116/><U34/><E34/><V58/><F58/><W125/><G122/><T68/><D104/><U87/><E66/><V81/><F45/><W52/><G15/><T29/><D115/><U94/><E4/><N who="2" m="1167" /><F39/><W70/><G70/><T19/><D120/><U40/><E40/><V123/><F81/><W41/><G125/><T62/><D62/><U21/><E55/><V69/><F69/><W56/><G90/><T71/><D71/><U42/><E42/><V91/><F91/><W77/><G77/><T76/><D76/><U119/><E49/><V38/><F38/><W37/><G28/><T107/><D107/><U92/><E119/><V16/><F98/><W50/><G43/><T59/><D68/><U85/><E106/><V78/><F24/><W133/><G133/><T47/><D47/><U57/><REACH who="1" step="1"/><E21/><REACH who="1" ten="431,188,151,210" step="2"/><V126/><F123/><W118/><G118/><T6/><D64/><U100/><E100/><V124/><F121/><W63/><G37/><T23/><D60/><U5/><E5/><V93/><F126/><W8/><G63/><T54/><D6/><U3/><E3/><V83/><F124/><W13/><G8/><T89/><D54/><U74/><E74/><N who="2" m="43479" /><F80/><W27/><G10/><T84/><D82/><U67/><E67/><V72/><F72/><W65/><G65/><T2/><D75/><U73/><E73/><V0/><F0/><W132/><G132/><T14/><D2/><RYUUKYOKU ba="2,2" sc="431,-15,188,15,151,15,210,-15" hai1="51,53,57,85,87,92,94,95,99,103,105,130,131" hai2="16,18,88,93,97,128,129" /><INIT seed="5,3,2,1,1,109" ten="416,203,166,195" oya="1" hai0="55,91,113,125,37,1,23,20,58,0,101,102,48" hai1="38,16,14,36,115,104,76,87,105,25,129,110,64" hai2="53,49,121,29,26,131,127,130,18,62,59,118,112" hai3="100,67,47,75,97,8,56,2,80,12,60,46,86"/><U15/><E129/><N who="2" m="49163" /><F121/><W10/><G75/><T66/><D37/><U61/><E110/><V114/><F118/><W68/><G68/><T5/><D125/><U84/><E25/><V132/><F127/><W65/><G67/><T54/><D66/><U34/><E34/><N who="2" m="20791" /><F132/><W27/><G2/><T41/><D0/><U44/><E115/><N who="2" m="44075" /><F18/><W40/><G27/><T13/><D113/><U69/><E16/><V78/><F78/><W128/><G128/><T4/><D102/><U94/><E76/><V103/><F103/><W9/><G40/><T73/><D101/><U74/><E69/><V45/><F62/><W120/><G120/><T63/><D63/><U42/><E61/><V33/><F33/><W70/><G70/><T96/><D41/><U122/><E122/><V6/><F6/><W107/><REACH who="3" step="1"/><G12/><REACH who="3" ten="416,203,166,185" step="2"/><T93/><D13/><U123/><E123/><V79/><F79/><AGARI ba="3,3" hai="8,9,10,46,47,56,60,65,79,80,86,97,100,107" machi="79" ten="40,2600,0" yaku="1,1,2,1,53,0" doraHai="109" doraHaiUra="116" who="3" fromWho="2" sc="416,0,203,0,166,-35,185,65" /><INIT seed="6,0,0,3,0,125" ten="416,203,131,250" oya="2" hai0="10,40,55,91,120,78,131,50,65,83,90,81,29" hai1="113,63,69,70,6,104,34,106,77,135,92,42,18" hai2="46,130,105,8,127,33,124,133,2,68,4,20,44" hai3="16,54,51,17,39,119,84,57,5,75,132,24,128"/><V19/><F68/><W58/><G75/><T102/><D120/><U85/><E113/><V134/><F105/><W103/><G39/><T62/><D40/><U21/><E34/><V7/><F33/><W9/><G119/><T3/><D29/><U38/><E6/><V126/><F7/><W23/><G132/><N who="2" m="50793" /><F46/><W12/><G103/><T36/><D102/><U86/><E106/><V15/><F44/><W43/><G43/><T98/><D10/><U61/><E104/><V123/><F123/><W118/><G118/><T114/><D83/><U49/><E38/><V27/><F130/><W109/><G109/><T110/><D131/><U59/><E70/><V73/><F73/><W99/><G99/><T66/><D98/><U72/><E72/><V115/><F115/><W25/><G128/><T35/><D114/><U0/><E69/><V117/><F117/><W101/><G101/><T67/><D81/><U111/><E111/><V76/><F76/><W87/><G57/><T129/><D78/><U48/><E77/><V71/><F71/><W96/><G96/><T74/><D74/><U82/><E0/><AGARI ba="0,0" hai="0,2,4,8,15,19,20,27,124,126,127" m="50793" machi="0" ten="40,12000,1" yaku="18,1,20,1,34,2" doraHai="125" who="2" fromWho="1" sc="416,0,203,-120,131,120,250,0" /><INIT seed="6,1,0,5,4,99" ten="416,83,251,250" oya="2" hai0="5,19,116,47,44,1,67,83,37,98,39,81,65" hai1="102,12,32,90,41,119,107,88,112,77,70,111,26" hai2="9,50,27,95,127,34,38,18,113,28,132,40,68" hai3="87,93,0,23,20,80,46,72,43,54,10,114,59"/><V105/><F105/><W118/><G72/><T103/><D19/><U124/><E111/><V58/><F68/><W109/><G109/><T94/><D5/><U66/><E112/><V53/><F113/><W117/><G114/><T6/><D6/><U110/><E110/><V61/><F127/><W21/><G0/><T84/><D1/><U57/><E41/><V120/><F120/><W71/><G71/><T16/><D81/><U92/><E77/><V3/><F132/><W52/><G10/><T76/><D116/><U8/><E119/><V4/><F95/><W29/><G93/><T74/><D16/><U30/><E57/><V14/><F38/><W35/><G35/><T82/><D47/><U49/><E49/><V60/><REACH who="2" step="1"/><F40/><REACH who="2" ten="416,83,241,250" step="2"/><W33/><G118/><T125/><D37/><U75/><E124/><V11/><AGARI ba="1,1" hai="3,4,9,11,14,18,27,28,34,50,53,58,60,61" machi="11" ten="20,12000,1" yaku="1,1,2,1,0,1,7,1,53,1" doraHai="99" doraHaiUra="2" who="2" fromWho="2" sc="416,-41,83,-41,241,133,250,-41" /><INIT seed="6,2,0,4,5,15" ten="375,42,374,209" oya="2" hai0="64,27,36,22,51,52,126,7,75,132,5,78,101" hai1="70,111,120,26,19,63,130,39,48,85,91,97,41" hai2="17,110,45,13,10,40,30,33,18,118,49,124,77" hai3="9,37,134,25,14,121,65,73,127,6,66,47,112"/><V86/><F118/><W125/><G73/><T28/><D132/><U105/><E111/><V123/><F123/><W69/><G121/><T29/><D126/><U24/><E39/><V80/><F124/><N who="3" m="47691" /><G134/><T72/><D36/><U92/><E120/><V68/><F68/><W67/><G25/><T90/><D29/><U76/><E76/><V133/><F133/><W55/><G112/><T61/><D72/><U114/><E114/><V58/><F110/><W103/><G103/><T71/><D101/><U113/><E130/><V56/><F33/><W109/><G109/><T87/><D78/><U8/><E113/><V21/><F30/><W83/><G83/><T102/><D102/><U108/><E108/><V42/><F42/><N who="3" m="22991" /><G55/><T54/><D54/><U4/><E70/><AGARI ba="2,0" hai="6,9,14,65,66,67,69,70" m="22991,47691" machi="70" ten="30,1000,0" yaku="18,1" doraHai="15" who="3" fromWho="1" sc="375,0,42,-16,374,0,209,16" /><INIT seed="7,0,0,3,1,43" ten="375,26,374,225" oya="3" hai0="40,135,24,87,70,94,84,26,126,15,20,105,97" hai1="28,47,60,55,23,110,27,116,50,5,111,98,11" hai2="112,34,51,56,0,79,128,120,14,49,86,13,41" hai3="132,72,133,90,59,45,92,119,123,9,93,37,16"/><W38/><G119/><T118/><D118/><U2/><E116/><V77/><F34/><W125/><G72/><T10/><D70/><U114/><E114/><V91/><F0/><W80/><G123/><T121/><D121/><U78/><E78/><N who="2" m="29707" /><F120/><W103/><G80/><T53/><D105/><U71/><REACH who="1" step="1"/><E98/><REACH who="1" ten="375,16,374,225" step="2"/><V25/><F112/><W48/><G125/><T102/><D126/><U95/><E95/><N who="2" m="54775" /><F128/><W115/><G115/><T117/><D117/><U6/><E6/><V7/><F7/><W1/><G103/><T106/><D102/><U76/><E76/><V64/><F25/><W68/><G93/><T35/><D26/><U99/><E99/><V19/><F14/><N who="3" m="7247" /><G1/><T107/><D24/><U30/><E30/><V39/><F13/><W22/><G68/><T21/><D15/><U31/><E31/><V74/><F19/><W130/><G130/><T17/><D97/><U85/><E85/><V82/><F82/><W131/><G131/><T104/><D84/><U65/><E65/><V54/><F64/><W18/><G59/><T44/><D87/><U108/><E108/><V61/><F74/><W57/><G57/><T124/><D17/><U58/><E58/><V42/><F39/><N who="3" m="14859" /><G92/><T127/><D124/><U8/><E8/><V129/><F129/><W12/><G90/><T62/><D127/><U122/><E122/><V109/><F109/><W3/><G3/><T46/><D10/><U101/><E101/><V88/><F88/><W134/><G48/><AGARI ba="0,1" hai="41,42,48,49,51,54,56,61" m="54775,29707" machi="48" ten="30,1000,0" yaku="8,1" doraHai="43" who="2" fromWho="3" sc="375,0,16,0,374,20,225,-10" owari="375,17.5,16,-48.4,394,49.4,215,-18.5" /></mjloggm>