<mjloggm ver="2.3"><GO type="41" lobby="0"/><UN n0="%41%52%49%53%41%37%33" n1="%6F%74%6F%6D%61%6E%61" n2="%E3%82%AA%E3%83%83%E3%83%91%E3%83%83%E3%83%94%E3%82%A4%E3%83%BC" n3="%E2%93%9D%4C%75%63%6B%79%4A" dan="13,13,13,17" rate="1897.14,1847.51,1943.55,2165.46" sx="M,M,M,M"/><TAIKYOKU oya="0"/><INIT seed="0,0,0,2,1,63" ten="250,250,250,250" oya="0" hai0="94,22,43,114,56,65,120,98,123,86,12,60,68" hai1="127,125,15,133,42,64,126,101,37,71,132,35,67" hai2="122,73,20,92,80,59,96,72,82,0,61,91,29" hai3="76,13,95,47,28,121,134,118,93,27,97,39,130"/><T106/><D114/><U50/><E35/><V103/><F122/><W10/><G118/><T14/><D43/><U52/><E101/><V105/><F0/><W6/><G130/><T57/><D120/><U74/><E74/><V85/><F72/><W70/><G70/><T23/><D123/><U4/><E71/><V3/><F3/><W75/><G134/><N who="1" m="51818" /><E4/><V124/><F124/><W46/><G95/><T88/><D68/><U51/><E15/><V107/><F73/><W115/><G115/><T24/><D23/><U31/><E31/><V36/><F36/><W40/><G47/><T66/><D106/><U104/><E104/><V49/><F49/><N who="1" m="18441" /><E52/><V84/><F107/><W81/><G121/><T55/><D98/><U62/><E62/><V9/><F9/><W21/><G93/><T113/><D113/><U19/><E19/><V89/><F105/><W116/><G116/><T131/><D131/><U87/><E87/><V8/><F8/><W111/><G97/><T77/><D77/><U41/><E37/><V32/><F32/><W69/><G69/><T102/><D102/><U34/><E34/><V99/><F99/><W78/><G78/><T117/><D117/><U48/><N who="1" m="18449" /><U7/><DORA hai="129" /><E7/><V79/><F29/><W5/><G6/><T112/><D112/><U38/><E38/><V109/><F20/><W108/><AGARI ba="0,0" hai="5,10,13,21,27,28,39,40,46,75,76,81,108,111" machi="108" ten="30,1100,0" yaku="0,1" doraHai="63,129" who="3" fromWho="3" sc="250,-5,250,-3,250,-3,250,11" /><INIT seed="1,0,0,2,3,121" ten="245,247,247,261" oya="1" hai0="109,18,81,2,35,46,111,37,100,105,102,78,97" hai1="92,61,54,62,115,113,67,117,0,22,47,73,79" hai2="38,43,127,16,75,27,68,123,13,110,96,8,24" hai3="32,11,31,114,108,66,101,125,55,116,10,42,107"/><U95/><E117/><V88/><F75/><W135/><G42/><N who="0" m="22863" /><D35/><U91/><E0/><V7/><F123/><W77/><G55/><T89/><D2/><U34/><E34/><V45/><F68/><W118/><G77/><T87/><D18/><U44/><E95/><V20/><F127/><W71/><G114/><T120/><D120/><U63/><E67/><V69/><F69/><W12/><G135/><T48/><D48/><U59/><E115/><V9/><F9/><W51/><G51/><T21/><D21/><U28/><E113/><V41/><F41/><W4/><G11/><T132/><D132/><U1/><E1/><V56/><F56/><W70/><G71/><T39/><D39/><U53/><E73/><V52/><F52/><N who="1" m="20073" /><E79/><V134/><F134/><W86/><G70/><T80/><D80/><U82/><E59/><V98/><F27/><W90/><G118/><T99/><D78/><U72/><E72/><V94/><REACH who="2" step="1"/><F98/><REACH who="2" ten="245,247,237,261" step="2"/><W104/><G116/><T128/><D128/><U60/><N who="1" m="15360" /><DORA hai="29" /><U103/><E82/><V64/><F64/><W129/><G66/><T112/><D112/><U3/><E3/><V17/><F17/><W6/><G129/><T5/><D99/><N who="1" m="57759" /><E103/><V49/><F49/><W50/><G50/><T23/><D102/><U84/><E84/><V122/><F122/><W58/><G58/><T19/><D5/><U36/><E36/><V119/><F119/><W85/><G6/><T126/><D126/><U40/><E40/><V76/><F76/><W133/><G133/><T83/><D83/><U33/><E33/><V93/><F93/><RYUUKYOKU ba="0,1" sc="245,10,247,10,237,10,261,-30" hai0="19,23,81,87,89,97,100,105,109,111" hai1="22,28,44,47" hai2="7,8,13,16,20,24,38,43,45,88,94,96,110" /><INIT seed="1,1,1,3,4,40" ten="255,257,247,231" oya="1" hai0="33,27,61,104,124,45,60,81,0,69,23,111,35" hai1="79,73,99,8,93,53,133,3,131,56,41,64,63" hai2="1,28,62,25,44,67,9,98,110,72,96,105,46" hai3="119,30,87,47,68,114,86,108,80,107,84,89,29"/><U129/><E133/><V31/><F72/><W112/><G68/><T2/><D104/><U5/><E73/><V39/><F39/><W20/><G107/><T82/><D69/><U52/><E79/><V7/><F110/><W130/><G108/><T18/><D111/><U15/><E3/><V122/><F122/><W125/><G125/><T115/><D124/><U100/><REACH who="1" step="1"/><E41/><REACH who="1" ten="255,247,247,231" step="2"/><V83/><F1/><W97/><G114/><T120/><D115/><U37/><E37/><V38/><F38/><W95/><G112/><T118/><D120/><U21/><E21/><V135/><F135/><W26/><G119/><T11/><D23/><U91/><E91/><V103/><F9/><W92/><G130/><AGARI ba="1,2" hai="5,8,15,52,53,56,63,64,93,99,100,129,130,131" machi="130" ten="40,7700,0" yaku="1,1,19,1,54,1,53,0" doraHai="40" doraHaiUra="102" who="1" fromWho="3" sc="255,0,247,100,247,0,231,-80" /><INIT seed="1,2,0,5,3,37" ten="255,347,247,151" oya="1" hai0="81,44,105,13,62,45,42,1,22,47,83,112,124" hai1="50,9,87,67,86,48,120,16,110,74,31,96,123" hai2="134,84,133,15,19,92,21,12,71,43,57,95,33" hai3="30,51,113,36,29,111,79,66,99,116,75,58,59"/><U52/><E74/><V91/><F71/><W23/><G36/><T10/><D112/><U46/><E110/><V132/><F33/><W89/><G111/><T85/><D105/><U55/><E123/><V122/><F122/><W117/><G113/><T82/><D124/><U4/><E120/><V126/><F126/><W53/><G79/><T64/><D85/><U70/><E31/><V129/><F129/><W25/><G75/><T17/><D1/><U35/><E35/><V118/><F118/><W40/><G30/><T24/><D62/><U5/><E70/><V65/><F43/><W6/><G6/><N who="1" m="2666" /><E67/><V41/><F41/><W88/><G40/><T49/><REACH who="0" step="1"/><D64/><REACH who="0" ten="245,347,247,151" step="2"/><U109/><E109/><V93/><REACH who="2" step="1"/><F12/><REACH who="2" ten="245,347,237,151" step="2"/><W128/><G117/><T39/><D39/><U76/><E76/><V34/><F34/><W101/><G116/><T20/><D20/><U11/><E9/><V8/><F8/><W18/><G128/><T28/><AGARI ba="2,2" hai="10,13,17,22,24,28,42,44,45,47,49,81,82,83" machi="28" ten="30,8000,1" yaku="1,1,0,1,8,1,52,1,53,1" doraHai="37" doraHaiUra="7" who="0" fromWho="0" sc="245,106,347,-42,237,-22,151,-22" /><INIT seed="2,0,0,3,0,53" ten="351,305,215,129" oya="2" hai0="134,65,46,115,87,120,55,131,86,44,88,108,61" hai1="50,123,60,102,17,41,3,133,126,10,113,66,67" hai2="106,84,22,112,121,109,57,31,42,116,79,101,48" hai3="37,8,47,38,62,82,110,125,27,21,51,0,96"/><V2/><F2/><W24/><G125/><T92/><D115/><U36/><E113/><V81/><F112/><W91/><G110/><T111/><D120/><U100/><E126/><V104/><F121/><W30/><G0/><T19/><D131/><U59/><E123/><V71/><F71/><W77/><G8/><T28/><D134/><U49/><E133/><V12/><F116/><W76/><G77/><T43/><D28/><U70/><E67/><V64/><F109/><N who="0" m="42058" /><D19/><U16/><E49/><V5/><F42/><W124/><G27/><T56/><D87/><U25/><E17/><V18/><F5/><W119/><G119/><T94/><D94/><U127/><E3/><V33/><F101/><W132/><G124/><T85/><D85/><U97/><E127/><V89/><F79/><W69/><G132/><T114/><D114/><U26/><E97/><V83/><F83/><W128/><G96/><T90/><D90/><U34/><E34/><V13/><F13/><W9/><G91/><T107/><D107/><U32/><E32/><V122/><F122/><W129/><G82/><T45/><D43/><U130/><E130/><N who="3" m="50282" /><G76/><T105/><D105/><U23/><E10/><V63/><REACH who="2" step="1"/><F48/><AGARI ba="0,0" hai="44,45,46,48,55,56,61,65,86,88,92" m="42058" machi="48" ten="30,3900,0" yaku="14,1,52,1,54,1" doraHai="53" who="0" fromWho="2" sc="351,39,305,0,215,-39,129,0" /><INIT seed="3,0,0,2,3,50" ten="390,305,176,129" oya="3" hai0="131,84,128,124,101,7,11,32,127,82,29,104,10" hai1="66,71,77,90,133,87,33,52,119,115,102,36,4" hai2="105,121,79,14,5,17,73,113,22,59,106,37,120" hai3="129,35,86,2,39,20,58,25,46,109,42,70,123"/><W116/><G123/><N who="2" m="47177" /><F37/><W64/><G116/><T3/><D11/><U117/><E115/><V18/><F113/><W99/><G35/><T28/><D32/><U27/><E36/><V81/><F5/><W55/><G129/><N who="0" m="49739" /><D101/><U130/><E130/><V60/><F18/><W114/><G109/><T9/><D9/><U111/><E77/><V125/><F125/><N who="0" m="48202" /><D104/><U21/><E33/><V134/><F134/><W12/><G2/><T132/><D132/><U48/><E133/><V54/><AGARI ba="0,0" hai="14,17,22,54,59,60,73,79,81,105,106" m="47177" machi="54" ten="30,2000,0" yaku="13,1,52,1" doraHai="50" who="2" fromWho="2" sc="390,-5,305,-5,176,20,129,-10" /><INIT seed="4,0,0,4,0,57" ten="385,300,196,119" oya="0" hai0="102,56,37,68,8,92,98,48,32,41,129,103,71" hai1="119,55,78,120,7,105,47,69,4,58,67,100,28" hai2="82,54,128,90,20,3,0,18,22,21,77,62,104" hai3="87,132,42,89,50,125,101,133,38,81,27,36,6"/><T2/><D32/><U25/><E119/><V83/><F104/><W61/><G6/><T75/><D103/><U52/><E120/><V93/><F128/><W51/><G27/><T118/><D118/><U96/><E78/><V34/><F34/><W106/><G125/><T1/><D1/><U95/><E47/><V64/><F54/><W72/><G72/><T111/><D75/><U5/><E105/><V49/><F49/><W76/><G76/><T33/><D33/><U46/><E46/><V45/><F45/><W117/><G42/><T19/><D41/><U107/><E69/><V39/><F39/><W11/><G11/><T65/><D8/><U15/><E15/><V108/><F108/><W123/><G123/><T131/><D2/><U23/><E107/><V97/><F18/><W44/><G117/><T66/><D19/><U31/><E31/><V14/><F14/><W109/><G109/><T110/><D37/><N who="3" m="14441" /><G101/><T59/><D48/><N who="3" m="18473" /><G106/><T134/><D110/><U53/><REACH who="1" step="1"/><E67/><REACH who="1" ten="385,290,196,119" step="2"/><N who="0" m="25609" /><D111/><U12/><E12/><V126/><F3/><W113/><G44/><T10/><D71/><U85/><E85/><V43/><F0/><W29/><G29/><T17/><D68/><U94/><E94/><V73/><F93/><W135/><G113/><T121/><D92/><U122/><E122/><V35/><F73/><W84/><G87/><T99/><D121/><U130/><E130/><V74/><F74/><W114/><G114/><T9/><D131/><U24/><E24/><V70/><F70/><W79/><G79/><T60/><D129/><U30/><E30/><V80/><F77/><RYUUKYOKU ba="0,1" sc="385,-15,290,15,196,-15,119,15" hai1="4,5,7,23,25,28,52,53,55,58,95,96,100" hai3="61,81,84,89,132,133,135" /><INIT seed="5,1,1,0,3,92" ten="370,305,181,134" oya="1" hai0="67,37,62,63,58,102,70,111,53,91,116,10,42" hai1="105,33,69,5,61,124,96,38,104,71,135,21,19" hai2="88,100,4,108,31,45,9,72,94,87,0,24,113" hai3="82,112,43,86,121,66,78,7,36,133,127,23,22"/><U106/><E33/><V29/><F108/><W35/><G121/><T57/><D91/><U46/><E135/><V90/><F72/><W98/><G35/><T8/><D102/><U11/><E124/><V125/><F125/><W119/><G127/><T74/><D74/><U126/><E126/><V55/><F113/><W14/><G112/><T84/><D84/><U12/><E38/><V101/><F90/><W39/><G66/><T134/><D8/><U32/><E32/><V122/><F122/><W47/><G39/><T107/><D10/><U123/><E123/><V17/><F17/><W49/><G36/><T50/><D107/><U64/><E46/><V41/><F55/><W95/><G119/><T6/><D6/><U103/><REACH who="1" step="1"/><E69/><REACH who="1" ten="370,295,181,134" step="2"/><V110/><F110/><W2/><G133/><T128/><D134/><U3/><AGARI ba="1,2" hai="3,5,11,12,19,21,61,64,71,96,103,104,105,106" machi="3" ten="20,12000,1" yaku="1,1,2,1,0,1,7,1,52,1,53,0" doraHai="92" doraHaiUra="20" who="1" fromWho="1" sc="370,-41,295,143,181,-41,134,-41" /><INIT seed="5,2,0,2,5,13" ten="329,438,140,93" oya="1" hai0="122,107,93,129,73,92,56,118,106,115,101,0,131" hai1="60,85,82,134,68,125,124,3,49,61,65,64,114" hai2="25,9,46,83,6,86,57,11,113,24,42,5,14" hai3="69,104,116,84,71,39,10,15,110,108,77,78,99"/><U100/><E3/><V8/><F113/><W59/><G39/><T63/><D0/><U27/><E114/><V37/><F57/><W51/><G104/><T109/><D56/><U32/><E134/><V67/><F67/><W47/><G99/><N who="0" m="61759" /><D63/><U111/><E111/><V103/><F103/><W19/><G116/><T117/><D107/><U79/><E100/><V23/><F23/><W30/><G30/><T120/><D73/><U58/><E32/><V43/><F43/><W74/><G74/><T29/><D29/><U33/><E33/><V76/><REACH who="2" step="1"/><F8/><REACH who="2" ten="329,438,130,93" step="2"/><W55/><G110/><T72/><D109/><U2/><E65/><V35/><F35/><W21/><G108/><T52/><D115/><U26/><E68/><V96/><F96/><W95/><G71/><T17/><D118/><U89/><E64/><V28/><F28/><W90/><G69/><T97/><D97/><U22/><E22/><V91/><F91/><W40/><REACH who="3" step="1"/><G10/><REACH who="3" ten="329,438,130,83" step="2"/><T130/><D117/><U80/><E2/><AGARI ba="2,2" hai="2,5,6,9,11,14,24,25,37,42,46,76,83,86" machi="2" ten="30,2000,0" yaku="1,1,7,1,53,0" doraHai="13" doraHaiUra="132" who="2" fromWho="1" sc="329,0,438,-26,130,46,83,0" /><INIT seed="6,0,0,4,2,17" ten="329,412,176,83" oya="2" hai0="19,133,124,83,75,35,131,102,67,109,116,81,126" hai1="41,128,117,6,47,14,85,39,105,89,60,5,106" hai2="92,48,42,16,98,52,0,37,27,54,58,129,125" hai3="78,21,8,45,96,108,7,12,113,71,49,95,107"/><V1/><F125/><N who="0" m="48234" /><D35/><U80/><E117/><V100/><F129/><W103/><G108/><T55/><D109/><U72/><E128/><V59/><F37/><W50/><G71/><T66/><D116/><U112/><E112/><V9/><F42/><W40/><G113/><T63/><D131/><U28/><E5/><V88/><F100/><W69/><G69/><T18/><D102/><U10/><E72/><V77/><F77/><W79/><G107/><T101/><D101/><U94/><E28/><V115/><F115/><W53/><REACH who="3" step="1"/><G21/><REACH who="3" ten="329,412,176,73" step="2"/><T127/><D127/><U134/><E106/><V30/><F9/><W34/><G34/><T90/><D133/><U31/><E134/><V38/><F1/><W29/><G29/><T33/><D33/><U57/><E31/><V65/><F0/><W32/><G32/><T120/><D120/><U44/><E105/><V84/><F30/><W76/><G76/><T51/><D67/><U119/><E119/><V46/><F65/><W93/><G93/><T13/><D66/><U70/><E70/><V118/><F118/><W135/><G135/><T114/><D114/><U25/><E94/><V2/><F2/><W86/><G86/><T130/><D130/><U74/><E85/><V91/><F84/><W64/><G64/><T61/><D75/><U87/><E74/><V4/><F92/><W68/><G68/><T82/><D83/><U26/><E80/><V11/><F98/><W20/><G20/><T110/><D81/><U73/><E87/><V111/><F111/><W23/><G23/><T22/><D110/><U3/><E73/><RYUUKYOKU ba="0,1" sc="329,-10,412,-10,176,-10,73,30" hai3="7,8,12,40,45,49,50,53,78,79,95,96,103" /><INIT seed="7,1,1,3,1,34" ten="319,402,166,103" oya="3" hai0="53,110,64,118,116,17,1,89,40,59,135,93,49" hai1="84,58,14,114,99,76,39,80,79,66,95,100,87" hai2="18,65,101,5,117,23,7,83,88,50,10,82,97" hai3="107,91,6,0,127,57,55,78,26,3,98,22,60"/><W24/><G26/><T9/><D110/><U115/><E39/><V96/><F117/><W41/><G78/><T122/><D122/><U8/><E66/><V69/><F69/><W52/><G41/><T130/><D130/><U86/><E58/><V70/><F70/><W109/><G109/><T61/><D135/><U35/><E35/><V48/><F65/><W112/><G112/><N who="1" m="43050" /><E80/><V29/><F29/><W15/><G127/><T105/><D105/><U119/><E119/><V21/><F18/><AGARI ba="1,1" hai="8,14,18,76,79,84,86,87,95,99,100" m="43050" machi="18" ten="30,1000,0" yaku="15,1" doraHai="34" who="1" fromWho="2" sc="319,0,402,23,166,-13,103,0" owari="319,11.9,425,52.5,153,-24.7,103,-39.7" /></mjloggm>