<mjloggm ver="2.3"><GO type="41" lobby="0"/><UN n0="%E6%9D%B1%E6%B5%B7%E4%B8%AD%E9%80%80" n1="%74%6F%74%6F%72%6F%30%31" n2="%E3%81%94%E3%81%8D%E3%81%92%E3%82%93%E3%82%88%E3%81%86%EF%BC%81" n3="%E2%93%9D%4C%75%63%6B%79%4A" dan="14,14,14,18" rate="1879.62,1950.45,2010.96,2211.47" sx="M,M,M,M"/><TAIKYOKU oya="0"/><INIT seed="0,0,0,0,0,15" ten="250,250,250,250" oya="0" hai0="99,70,7,26,58,48,11,63,112,71,100,9,31" hai1="109,22,51,24,80,132,40,39,77,81,111,34,102" hai2="123,98,85,37,33,4,36,92,97,27,116,119,89" hai3="87,86,101,133,23,30,79,1,93,13,94,20,131"/><T121/><D121/><U14/><E34/><V42/><F123/><W135/><G1/><T122/><D48/><U8/><E39/><V53/><F4/><W17/><G131/><T90/><D90/><U49/><E102/><V134/><F134/><N who="3" m="51211" /><G79/><T52/><D112/><U104/><E104/><V106/><F53/><W124/><G124/><T83/><D83/><U107/><E107/><V28/><F106/><W46/><G46/><T54/><D54/><U129/><E132/><V67/><F67/><W113/><G113/><T128/><D128/><U96/><E96/><N who="2" m="36971" /><F42/><W74/><G74/><T43/><D11/><U65/><E65/><V117/><AGARI ba="0,0" hai="27,28,33,36,37,85,89,92,116,117,119" m="36971" machi="117" ten="40,1500,0" yaku="12,1" doraHai="15" who="2" fromWho="2" sc="250,-7,250,-4,250,15,250,-4" /><INIT seed="1,0,0,5,3,29" ten="243,246,265,246" oya="1" hai0="113,130,56,54,36,135,48,76,77,80,114,120,3" hai1="106,51,6,115,92,8,107,27,65,59,2,96,39" hai2="99,7,42,98,30,97,95,118,52,11,26,18,37" hai3="25,129,47,100,101,13,9,134,84,19,125,15,104"/><U75/><E39/><V93/><F118/><W53/><G125/><T71/><D3/><U91/><E75/><V119/><F119/><W66/><G129/><T61/><D77/><U124/><E115/><V16/><F37/><W55/><G66/><T46/><D135/><U57/><E124/><V62/><F42/><W22/><G134/><T73/><D130/><U35/><E59/><V116/><F116/><W44/><G104/><T127/><D120/><U83/><E83/><V50/><F62/><W10/><G84/><T82/><D82/><U133/><E133/><V123/><F123/><W12/><G101/><T0/><D127/><U86/><E96/><V70/><F70/><W33/><G33/><T24/><D24/><U131/><E131/><V28/><F28/><W1/><G100/><T43/><REACH who="0" step="1"/><D0/><REACH who="0" ten="233,246,265,246" step="2"/><U34/><E27/><V78/><F78/><W5/><G1/><T105/><D105/><U79/><E107/><V117/><F117/><W40/><G15/><T31/><D31/><U103/><E103/><V20/><F95/><W126/><G126/><T89/><D89/><U121/><E106/><V81/><F93/><W32/><G32/><T108/><D108/><U67/><E121/><V45/><REACH who="2" step="1"/><F81/><REACH who="2" ten="233,246,255,246" step="2"/><W41/><G41/><T94/><D94/><U17/><E79/><V64/><F64/><AGARI ba="0,2" hai="36,43,46,48,54,56,61,64,71,73,76,80,113,114" machi="64" ten="40,8000,1" yaku="1,1,24,2,53,1" doraHai="29" doraHaiUra="49" who="0" fromWho="2" sc="233,100,246,0,255,-80,246,0" /><INIT seed="2,0,0,4,2,98" ten="333,246,175,246" oya="2" hai0="12,26,70,133,126,122,79,4,112,48,100,6,117" hai1="20,81,71,52,113,80,42,56,116,25,109,134,28" hai2="88,108,5,0,47,89,57,29,10,104,43,92,118" hai3="97,107,41,17,54,46,69,7,32,1,106,93,8"/><V99/><F118/><W66/><G32/><T21/><D70/><U49/><E116/><V13/><F104/><W51/><G17/><T61/><D112/><U64/><E113/><V77/><F108/><W74/><G74/><T23/><D122/><U124/><E109/><V120/><F120/><W132/><G132/><T38/><D38/><U78/><E124/><V34/><F77/><W105/><G66/><T85/><D133/><U63/><E134/><V91/><F0/><W127/><G69/><T30/><D126/><U67/><E67/><V96/><F57/><W53/><REACH who="3" step="1"/><G127/><REACH who="3" ten="333,246,175,236" step="2"/><T110/><D110/><U84/><E80/><V24/><REACH who="2" step="1"/><F99/><REACH who="2" ten="333,246,165,236" step="2"/><W37/><G37/><AGARI ba="0,2" hai="5,10,13,24,29,34,37,43,47,88,89,91,92,96" machi="37" ten="30,11600,0" yaku="1,1,2,1,7,1,54,1,53,0" doraHai="98" doraHaiUra="83" who="2" fromWho="3" sc="333,0,246,0,165,136,236,-116" /><INIT seed="2,1,0,4,1,74" ten="333,246,301,120" oya="2" hai0="7,53,44,5,84,63,15,51,76,86,119,16,92" hai1="97,55,79,118,80,12,38,6,58,68,27,69,4" hai2="126,82,111,52,134,95,36,112,131,50,35,133,59" hai3="110,101,0,127,132,102,37,24,129,75,2,103,1"/><V14/><F112/><W54/><G37/><T107/><D107/><U67/><E38/><V116/><F116/><W81/><G110/><T40/><D119/><U94/><E118/><V23/><F35/><W43/><G43/><T29/><D29/><U61/><E27/><V46/><F131/><W30/><G129/><T85/><D92/><U10/><E6/><V122/><F122/><W130/><G130/><T18/><D18/><U62/><E62/><V39/><F126/><W3/><N who="3" m="0" /><DORA hai="93" /><W124/><G54/><T22/><D63/><U17/><E4/><N who="0" m="1609" /><D40/><U41/><E41/><V128/><F128/><W125/><G132/><N who="2" m="50793" /><F111/><W13/><G13/><T60/><D60/><U20/><E10/><V21/><F46/><W77/><REACH who="3" step="1"/><G103/><REACH who="3" ten="333,246,301,110" step="2"/><T73/><D53/><U25/><E55/><V83/><F39/><W47/><G47/><T78/><D44/><U31/><E12/><V113/><F36/><W26/><G26/><T117/><D117/><U96/><E17/><N who="2" m="10423" /><F113/><W104/><G104/><T8/><D8/><U56/><E68/><V49/><F49/><W72/><G72/><T123/><D73/><U11/><E11/><V70/><F70/><W28/><G28/><T64/><D51/><U100/><REACH who="1" step="1"/><E96/><REACH who="1" ten="333,236,301,110" step="2"/><V121/><F121/><W19/><G19/><T65/><D123/><U9/><E9/><V42/><F42/><W115/><G115/><T114/><D114/><U71/><E71/><V105/><F52/><W109/><G109/><T89/><D15/><U135/><E135/><V87/><F50/><W45/><G45/><T98/><D98/><U88/><E88/><RYUUKYOKU ba="1,2" sc="333,-15,236,15,301,-15,110,15" hai1="20,25,31,56,58,61,67,69,79,80,94,97,100" hai3="24,30,75,77,81,101,102,124,125,127" /><INIT seed="3,2,2,5,5,12" ten="318,251,286,125" oya="3" hai0="43,65,11,86,7,71,28,6,110,73,131,117,44" hai1="60,16,87,59,46,58,88,109,116,111,5,104,17" hai2="74,98,29,127,50,130,33,118,80,34,113,112,40" hai3="128,62,41,100,124,95,13,114,23,91,76,49,42"/><W121/><G114/><T125/><D117/><U102/><E5/><V68/><F118/><W19/><G121/><T99/><D131/><U38/><E116/><V55/><F68/><W89/><G128/><T32/><D110/><N who="1" m="41995" /><E102/><V85/><F40/><W67/><G76/><T8/><D86/><U48/><E104/><V132/><F130/><W101/><G124/><T15/><D125/><U47/><E38/><V135/><F127/><W57/><G91/><T97/><D73/><U119/><E119/><V61/><F61/><W31/><G31/><T81/><D81/><N who="1" m="49263" /><E58/><N who="2" m="33143" /><F98/><W84/><REACH who="3" step="1"/><G42/><REACH who="3" ten="318,251,286,115" step="2"/><T36/><D28/><U103/><E103/><V2/><F29/><W39/><G39/><T122/><D36/><U53/><E46/><AGARI ba="2,3" hai="13,19,23,41,46,49,57,62,67,84,89,95,100,101" machi="46" ten="40,7700,0" yaku="1,1,8,1,52,1,53,0" doraHai="12" doraHaiUra="20" who="3" fromWho="1" sc="318,0,251,-83,286,0,115,113" /><INIT seed="3,3,0,4,2,92" ten="318,168,286,228" oya="3" hai0="131,16,135,39,117,15,7,23,111,33,89,43,74" hai1="79,20,70,32,109,75,25,97,56,86,73,3,85" hai2="77,0,42,68,41,1,126,71,110,57,9,54,76" hai3="127,98,130,122,62,60,107,12,6,27,10,67,34"/><W49/><G122/><T95/><D74/><U11/><E70/><V114/><F114/><W58/><G127/><T123/><D117/><U28/><E109/><V48/><F126/><W17/><G130/><T45/><D111/><U93/><E75/><V63/><F110/><W80/><G62/><T24/><D135/><U5/><E73/><V99/><F9/><W101/><G80/><T121/><D131/><U113/><E79/><V31/><F31/><W65/><G49/><T38/><D38/><U91/><E113/><V94/><F68/><W72/><G72/><T21/><D33/><U104/><E104/><V26/><F26/><W66/><REACH who="3" step="1"/><G17/><REACH who="3" ten="318,168,286,218" step="2"/><T133/><D133/><U88/><E32/><V128/><F128/><W2/><G2/><T116/><D116/><U81/><REACH who="1" step="1"/><E56/><REACH who="1" ten="318,158,286,218" step="2"/><N who="2" m="32839" /><F71/><W30/><AGARI ba="3,2" hai="6,10,12,27,30,34,58,60,65,66,67,98,101,107" machi="30" ten="30,6000,0" yaku="1,1,0,1,52,1,53,0" doraHai="92" doraHaiUra="36" who="3" fromWho="3" sc="318,-23,158,-23,286,-23,218,89" /><INIT seed="3,4,0,5,4,13" ten="295,135,263,307" oya="3" hai0="4,104,89,24,61,48,130,96,52,73,10,84,116" hai1="81,27,34,33,31,88,51,23,93,86,42,107,5" hai2="103,75,18,97,126,60,120,121,59,115,47,32,22" hai3="57,91,20,44,83,102,133,7,105,71,94,36,40"/><W41/><G71/><T11/><D73/><U55/><E107/><V68/><F115/><W54/><G133/><T123/><D130/><U76/><E42/><V95/><F32/><W43/><G7/><T64/><D123/><N who="2" m="47178" /><F126/><W127/><G127/><T108/><D108/><U8/><E8/><V9/><F75/><W125/><G83/><T49/><D49/><U131/><E131/><V28/><F47/><W39/><G102/><T82/><D24/><U74/><REACH who="1" step="1"/><E5/><REACH who="1" ten="295,125,263,307" step="2"/><V21/><F9/><W26/><G105/><T101/><D4/><U111/><E111/><V70/><F22/><W124/><G125/><T119/><D11/><U14/><E14/><N who="2" m="9431" /><F28/><W98/><G124/><T58/><REACH who="0" step="1"/><D10/><REACH who="0" ten="285,125,263,307" step="2"/><U118/><E118/><V2/><F2/><W37/><G39/><T19/><D19/><U50/><E50/><V114/><F114/><W17/><G37/><T12/><D12/><U79/><E79/><V45/><F45/><AGARI ba="4,2" hai="45,48,52,58,61,64,82,84,89,96,101,104,116,119" machi="45" ten="30,3900,0" yaku="1,1,7,1,54,1,53,0" doraHai="13" doraHaiUra="109" who="0" fromWho="2" sc="285,71,125,0,263,-51,307,0" /><AGARI ba="4,0" hai="23,27,31,33,34,45,51,55,74,76,81,86,88,93" machi="45" ten="30,3900,0" yaku="1,1,7,1,54,1,53,0" doraHai="13" doraHaiUra="109" who="1" fromWho="2" sc="356,0,125,39,212,-39,307,0" /><INIT seed="4,0,0,4,2,62" ten="356,164,173,307" oya="0" hai0="96,119,82,9,20,17,122,69,42,7,36,76,79" hai1="132,103,30,92,24,115,98,100,0,32,66,49,6" hai2="72,110,117,128,8,134,55,114,130,47,23,58,131" hai3="54,123,106,102,21,64,126,63,51,22,60,97,1"/><T29/><D119/><U38/><E38/><V133/><F72/><W80/><G1/><T85/><D29/><U57/><E132/><N who="2" m="50795" /><F23/><W13/><G126/><T26/><D122/><U77/><E77/><V113/><F8/><W78/><G63/><T44/><D69/><U56/><E0/><V40/><F117/><W25/><G123/><T73/><D96/><U108/><E108/><V91/><F91/><W95/><G106/><T65/><D65/><U118/><E118/><V14/><F14/><W109/><G13/><T41/><D41/><U50/><E6/><V111/><F55/><W88/><G102/><T2/><D79/><U99/><E115/><N who="2" m="44043" /><F58/><N who="3" m="36887" /><G109/><N who="2" m="41481" /><F47/><N who="3" m="28031" /><G25/><T127/><REACH who="0" step="1"/><D85/><AGARI ba="0,0" hai="21,22,78,80,85,88,95,97" m="28031,36887" machi="85" ten="30,3900,0" yaku="8,1,52,1,54,1" doraHai="62" who="3" fromWho="0" sc="356,-39,164,0,173,0,307,39" /><INIT seed="5,0,0,4,1,108" ten="317,164,173,346" oya="1" hai0="31,131,54,34,117,70,58,95,94,53,30,7,88" hai1="72,47,105,14,115,56,112,85,76,44,123,0,20" hai2="43,121,111,64,61,106,82,9,6,134,36,89,104" hai3="25,48,98,17,100,68,133,126,77,41,132,73,23"/><U81/><E105/><V60/><F111/><W87/><G68/><T22/><D70/><U63/><E0/><V83/><F121/><W118/><G73/><T101/><D34/><U2/><E2/><V107/><F134/><N who="3" m="51819" /><G126/><T99/><D131/><U130/><E130/><V102/><F102/><W52/><G41/><T21/><D7/><U19/><E123/><V114/><F89/><W51/><G118/><T103/><D117/><U40/><E72/><V120/><F120/><W4/><G4/><T35/><D35/><U26/><E26/><V92/><F92/><N who="3" m="58439" /><G52/><T124/><D124/><U127/><E127/><V1/><F61/><W50/><G87/><T91/><D58/><U32/><E32/><V67/><F67/><W65/><G77/><T55/><D55/><U49/><REACH who="1" step="1"/><E44/><REACH who="1" ten="317,154,173,346" step="2"/><V12/><F1/><W113/><G65/><AGARI ba="0,1" hai="14,19,20,40,47,49,56,63,65,76,81,85,112,115" machi="65" ten="40,12000,1" yaku="1,1,2,1,52,2,53,1" doraHai="108" doraHaiUra="80" who="1" fromWho="3" sc="317,0,154,130,173,0,346,-120" /><INIT seed="5,1,0,5,2,59" ten="317,284,173,226" oya="1" hai0="10,40,16,43,66,127,89,98,60,94,71,112,15" hai1="130,99,9,97,80,135,4,101,83,106,119,39,75" hai2="126,23,38,118,90,86,78,113,133,14,82,17,67" hai3="47,5,96,108,21,73,131,1,120,88,41,87,22"/><U8/><E39/><V54/><F118/><W70/><G108/><T124/><REACH who="0" step="1"/><D112/><REACH who="0" ten="307,284,173,226" step="2"/><U111/><E119/><V61/><F113/><W64/><G120/><T81/><D81/><U2/><E111/><V62/><F133/><W49/><G131/><T100/><D100/><U77/><E135/><V74/><F126/><AGARI ba="1,1" hai="10,15,16,40,43,60,66,71,89,94,98,124,126,127" machi="126" ten="40,12000,2" yaku="21,2,18,1,52,1,54,1,53,1" doraHai="59" doraHaiUra="6" who="0" fromWho="2" sc="307,133,284,0,173,-123,226,0" /><INIT seed="6,0,0,3,4,0" ten="440,284,50,226" oya="2" hai0="82,88,45,61,98,8,21,75,4,85,49,50,62" hai1="73,15,47,124,42,31,9,48,6,100,121,95,67" hai2="24,74,79,133,78,40,80,43,125,99,110,116,131" hai3="26,76,66,96,109,102,37,106,14,105,25,127,13"/><V132/><F116/><W39/><G76/><T46/><D75/><U97/><E73/><V115/><F79/><W68/><G66/><T77/><D21/><U64/><E124/><V36/><F125/><W17/><G127/><T44/><D50/><U108/><E108/><V117/><F117/><W59/><G59/><T38/><D38/><U18/><E121/><V35/><F110/><W28/><G109/><T58/><D49/><U30/><REACH who="1" step="1"/><E18/><REACH who="1" ten="440,274,50,226" step="2"/><V20/><F115/><W111/><G17/><T27/><D62/><U89/><E89/><V104/><F131/><W7/><G111/><T70/><D61/><U93/><E93/><V60/><F60/><W55/><G106/><T41/><D88/><U2/><E2/><V12/><F104/><W123/><G105/><T71/><D77/><U114/><E114/><V81/><F81/><W57/><G123/><T34/><D82/><U16/><E16/><N who="2" m="10247" /><F99/><W134/><G96/><T51/><D98/><U19/><E19/><V5/><F5/><W113/><G7/><T29/><D4/><U91/><E91/><V65/><F65/><AGARI ba="0,1" hai="6,9,15,30,31,42,47,48,64,65,67,95,97,100" machi="65" ten="40,8000,1" yaku="1,1,8,1,52,1,53,1" doraHai="0" doraHaiUra="1" who="1" fromWho="2" sc="440,0,274,90,50,-80,226,0" owari="440,54.0,364,16.4,-30,-53.0,226,-17.4" /></mjloggm>