<mjloggm ver="2.3"><GO type="41" lobby="0"/><UN n0="%53%75%62%6D%69%79%61" n1="%50%65%6E%64%72%75%6D" n2="%E6%9D%8F%37%37%37" n3="%E2%93%9D%4C%75%63%6B%79%4A" dan="14,14,13,17" rate="1827.99,1961.36,1888.84,2162.91" sx="M,M,M,M"/><TAIKYOKU oya="0"/><INIT seed="0,0,0,3,2,99" ten="250,250,250,250" oya="0" hai0="10,83,109,120,82,93,104,129,62,0,30,58,35" hai1="134,44,11,65,90,132,39,66,121,92,79,50,45" hai2="96,105,64,32,41,37,75,135,1,4,54,91,113" hai3="112,59,22,52,84,122,5,2,31,115,46,7,18"/><T12/><D104/><U57/><E121/><V100/><F113/><W25/><G122/><T71/><D71/><U55/><E79/><V125/><F75/><W3/><G46/><T36/><D0/><N who="3" m="41" /><G59/><T61/><D120/><U107/><E107/><V17/><F32/><N who="3" m="20591" /><G52/><T101/><D36/><U114/><E11/><V95/><F135/><N who="1" m="51753" /><E114/><N who="3" m="43562" /><G84/><T87/><D129/><U63/><E90/><V33/><F64/><N who="1" m="24681" /><E92/><V20/><F54/><W131/><G131/><T13/><D109/><U128/><E128/><V106/><F41/><W103/><G103/><T21/><D35/><U69/><E69/><V19/><F37/><W118/><G118/><T27/><D61/><U34/><E34/><V127/><F105/><W29/><G29/><T14/><D10/><U86/><E86/><V77/><F77/><W130/><G130/><T26/><D26/><AGARI ba="0,0" hai="5,7,18,22,26" m="43562,20591,41" machi="26" ten="30,2000,0" yaku="34,2" doraHai="99" who="3" fromWho="0" sc="250,-20,250,0,250,0,250,20" /><INIT seed="1,0,0,1,4,95" ten="230,250,250,270" oya="1" hai0="37,109,20,49,73,51,70,6,127,34,14,119,52" hai1="10,79,86,126,13,15,50,97,134,78,68,91,41" hai2="27,74,60,8,9,54,133,33,118,94,61,77,53" hai3="7,46,85,90,105,115,59,93,129,111,40,35,89"/><U75/><E68/><V82/><F118/><W102/><G115/><T5/><D37/><U36/><E36/><V128/><F128/><W99/><G35/><T55/><D73/><U123/><E123/><V80/><F133/><W103/><G129/><T69/><D34/><U67/><E67/><V63/><F94/><W71/><G71/><T64/><D64/><U58/><E134/><V81/><F77/><W24/><G7/><T17/><D127/><U1/><E1/><V84/><F74/><W130/><G111/><T132/><D109/><U39/><E39/><V31/><F84/><W32/><G130/><T11/><D119/><U56/><E126/><V106/><F106/><W108/><G108/><T110/><D110/><U23/><E75/><V65/><F65/><W135/><G59/><N who="1" m="22570" /><E97/><V0/><F0/><W122/><G122/><T38/><D38/><U43/><E23/><V47/><F54/><W101/><G135/><T88/><D132/><U124/><E124/><V29/><F31/><W87/><G32/><T28/><D69/><U19/><E13/><V4/><F4/><N who="0" m="1642" /><D70/><U22/><E22/><V131/><F131/><W12/><G12/><N who="0" m="9255" /><D28/><U16/><E19/><V25/><F25/><W120/><G24/><T66/><D66/><U48/><E48/><N who="0" m="18505" /><D88/><U117/><E117/><V121/><F121/><W112/><G120/><T26/><D26/><U107/><E107/><V76/><F76/><N who="1" m="29225" /><E50/><V62/><F47/><W113/><G46/><T116/><D116/><U92/><AGARI ba="0,0" hai="10,15,16,41,43,86,91,92" m="29225,22570" machi="92" ten="30,3000,0" yaku="8,1,54,1" doraHai="95" who="1" fromWho="1" sc="230,-10,250,30,250,-10,270,-10" /><INIT seed="1,1,0,3,3,39" ten="220,280,240,260" oya="1" hai0="59,85,15,3,42,69,66,89,88,68,13,135,133" hai1="47,127,114,1,107,36,75,14,116,91,54,120,10" hai2="61,6,112,4,111,99,27,126,125,7,18,44,50" hai3="16,76,23,2,5,105,119,129,63,0,8,77,57"/><U113/><E116/><V104/><F111/><W128/><G105/><T96/><D3/><U53/><E120/><V97/><F61/><W98/><G98/><N who="2" m="37385" /><F104/><W103/><G103/><T28/><D28/><U95/><E107/><V51/><F27/><W17/><G119/><T12/><D69/><U110/><E1/><V93/><F18/><W123/><G123/><T106/><D68/><U29/><E75/><V92/><F44/><W83/><G2/><T41/><D59/><U86/><E29/><V46/><F46/><W64/><G77/><T37/><D37/><U45/><E110/><V58/><F58/><W132/><G132/><N who="0" m="50763" /><D66/><U102/><E102/><V20/><F20/><W65/><G65/><T72/><D72/><U62/><E127/><N who="2" m="48651" /><F112/><W78/><G78/><T118/><D118/><U25/><E25/><V101/><F101/><W31/><G31/><T94/><D106/><U32/><E32/><V134/><F134/><W100/><G100/><T52/><D52/><U131/><E62/><V55/><F55/><W24/><REACH who="3" step="1"/><G17/><REACH who="3" ten="220,280,240,250" step="2"/><T71/><D71/><U34/><E114/><V87/><F87/><AGARI ba="1,1" hai="0,5,8,16,23,24,57,63,64,76,83,87,128,129" machi="87" ten="40,5200,0" yaku="1,1,2,1,54,1,53,0" doraHai="39" doraHaiUra="43" who="3" fromWho="2" sc="220,0,280,0,240,-55,250,65" /><INIT seed="2,0,0,5,1,35" ten="220,280,185,315" oya="2" hai0="34,93,97,128,44,87,15,60,43,42,113,112,29" hai1="30,108,135,33,5,56,123,96,77,65,8,28,134" hai2="52,117,58,107,71,22,95,80,26,9,72,89,82" hai3="17,61,16,70,73,23,66,36,110,3,38,39,92"/><V79/><F117/><W115/><G73/><T122/><D122/><U47/><E123/><V124/><F107/><W62/><G115/><T24/><D128/><U27/><E108/><V114/><F71/><W101/><G110/><T132/><D132/><N who="1" m="50731" /><E77/><V51/><F114/><W14/><G62/><T121/><D121/><U6/><E30/><V41/><F82/><W0/><REACH who="3" step="1"/><G17/><REACH who="3" ten="220,280,185,305" step="2"/><T120/><D60/><N who="1" m="38023" /><E6/><V83/><F124/><W76/><G76/><T109/><D120/><U37/><E96/><AGARI ba="0,1" hai="0,3,14,16,23,36,38,39,61,66,70,92,96,101" machi="96" ten="40,8000,1" yaku="1,1,52,2,54,1,53,0" doraHai="35" doraHaiUra="127" who="3" fromWho="1" sc="220,0,280,-80,185,0,305,90" /><INIT seed="3,0,0,4,0,50" ten="220,200,185,395" oya="3" hai0="123,53,126,32,76,41,63,59,28,26,37,66,95" hai1="111,115,134,112,119,36,109,107,68,33,43,65,114" hai2="20,31,13,10,46,80,8,19,11,75,129,104,74" hai3="49,48,117,106,12,121,35,105,113,7,40,0,60"/><W5/><G117/><T120/><D126/><U85/><E33/><V90/><F104/><W34/><G40/><T87/><D41/><U21/><E107/><V47/><F129/><W73/><G73/><T56/><D37/><U97/><E97/><V100/><F100/><W81/><G81/><T9/><D9/><U16/><E85/><V1/><F1/><W92/><G60/><T3/><D3/><U22/><E119/><V61/><F74/><W99/><G0/><T93/><D93/><U124/><E124/><V45/><F75/><W30/><G30/><T86/><D87/><U44/><E65/><V42/><F61/><W69/><G121/><T89/><REACH who="0" step="1"/><D76/><REACH who="0" ten="210,200,185,395" step="2"/><U6/><E6/><V91/><F42/><W18/><G7/><T23/><D23/><U62/><E134/><V25/><REACH who="2" step="1"/><F80/><REACH who="2" ten="210,200,175,395" step="2"/><W116/><G116/><T55/><D55/><U84/><E22/><AGARI ba="0,2" hai="8,10,11,13,19,20,22,25,31,45,46,47,90,91" machi="22" ten="40,5200,0" yaku="1,1,2,1,8,1,53,0" doraHai="50" doraHaiUra="52" who="2" fromWho="1" sc="210,0,200,-52,175,72,395,0" /><INIT seed="4,0,0,3,3,30" ten="210,148,247,395" oya="0" hai0="77,88,118,133,46,36,94,4,80,13,99,60,73" hai1="52,111,11,25,33,78,35,34,84,122,53,134,110" hai2="61,128,106,12,14,3,26,103,87,39,113,27,131" hai3="43,10,50,67,89,21,41,57,56,101,42,95,17"/><T90/><D118/><U74/><E122/><V82/><F39/><W31/><G101/><T69/><D133/><U81/><E134/><V1/><F113/><W83/><G83/><T48/><D36/><U71/><E71/><V23/><F61/><W91/><G31/><T127/><D127/><U120/><E120/><V18/><F103/><W72/><G72/><T24/><D24/><N who="2" m="9258" /><F106/><W58/><G10/><T5/><D13/><N who="2" m="5226" /><F87/><W104/><G104/><T107/><D90/><U75/><E25/><N who="2" m="14583" /><F82/><W125/><G125/><T6/><D107/><U115/><E11/><V44/><F44/><W96/><G91/><T2/><D2/><AGARI ba="0,0" hai="1,2,3,128,131" m="14583,5226,9258" machi="2" ten="30,2000,0" yaku="34,2" doraHai="30" who="2" fromWho="0" sc="210,-20,148,0,247,20,395,0" /><INIT seed="5,0,0,2,0,87" ten="190,148,267,395" oya="1" hai0="107,67,37,57,18,24,10,117,132,118,133,105,41" hai1="112,94,82,19,6,116,110,52,54,64,25,9,75" hai2="85,51,123,36,23,2,50,120,46,93,58,13,11" hai3="102,35,42,43,62,134,130,129,106,80,45,31,63"/><U115/><E116/><N who="0" m="44649" /><D37/><U32/><E64/><V47/><F2/><W27/><G134/><N who="0" m="51819" /><D41/><U119/><E119/><V30/><F36/><W126/><G126/><T113/><D57/><U17/><E110/><V49/><F120/><W95/><G80/><T91/><D67/><U77/><E94/><V66/><F123/><W124/><G124/><T104/><D24/><U99/><E99/><V16/><F66/><W83/><G83/><T59/><D59/><U128/><E128/><N who="3" m="49258" /><G106/><T73/><D18/><N who="1" m="6667" /><E25/><V84/><F58/><W71/><G71/><T40/><D10/><U56/><E56/><V78/><F78/><W81/><G81/><T60/><D60/><N who="3" m="23081" /><G45/><T15/><D15/><N who="1" m="5559" /><E32/><V1/><F1/><W92/><G95/><T33/><D33/><U38/><E38/><V135/><F135/><W22/><G35/><T3/><D40/><U72/><E72/><V8/><F11/><W127/><G127/><T90/><D3/><U109/><E109/><V108/><F108/><W44/><G44/><N who="2" m="16937" /><F93/><W79/><G43/><T61/><D61/><U34/><E34/><V12/><F30/><W29/><G31/><T88/><D73/><U7/><E7/><AGARI ba="0,0" hai="7,8,12,13,16,23,49,50,51,84,85" m="16937" machi="7" ten="30,2000,0" yaku="8,1,54,1" doraHai="87" who="2" fromWho="1" sc="190,0,148,-20,267,20,395,0" /><INIT seed="6,0,0,4,2,26" ten="190,128,287,395" oya="2" hai0="64,93,20,16,115,8,78,52,43,65,111,72,28" hai1="38,12,17,63,35,123,13,106,120,19,81,108,39" hai2="18,7,83,116,75,134,30,135,11,129,34,60,124" hai3="5,114,118,130,55,37,119,105,41,56,51,101,92"/><V1/><F116/><W49/><G105/><T103/><D111/><U23/><E108/><V22/><F60/><W44/><G5/><T112/><D43/><U121/><E106/><V102/><F102/><W86/><G130/><T29/><D72/><U100/><E100/><V99/><F99/><W69/><G114/><T71/><D78/><U2/><E2/><V74/><F83/><W94/><G94/><T0/><D93/><U80/><E35/><V122/><F122/><W32/><G32/><T95/><D95/><U57/><E38/><V58/><F58/><W24/><G24/><T6/><D103/><U133/><E39/><V73/><F124/><W128/><G128/><T132/><D132/><N who="2" m="50730" /><F129/><W76/><G69/><T31/><D52/><U10/><REACH who="1" step="1"/><E133/><REACH who="1" ten="190,118,287,395" step="2"/><V21/><F34/><W50/><G119/><T27/><REACH who="0" step="1"/><D71/><REACH who="0" ten="180,118,287,395" step="2"/><U40/><E40/><V125/><F125/><W104/><G118/><T67/><AGARI ba="0,2" hai="0,6,8,16,20,27,28,29,31,64,65,67,112,115" machi="67" ten="40,16000,3" yaku="1,1,2,1,0,1,52,3,54,1,53,2" doraHai="26" doraHaiUra="110" who="0" fromWho="0" sc="180,180,118,-40,287,-80,395,-40" /><INIT seed="7,0,0,0,2,123" ten="360,78,207,355" oya="3" hai0="4,96,69,105,131,40,45,50,57,78,119,19,60" hai1="99,81,109,55,79,91,117,13,118,15,80,121,2" hai2="20,28,14,103,108,42,122,67,90,75,52,63,86" hai3="10,84,39,88,31,32,58,97,71,95,114,3,25"/><W104/><G71/><T120/><D120/><U23/><E121/><V83/><F108/><W56/><G39/><T128/><D4/><U102/><E2/><V64/><F122/><W77/><G114/><T53/><D78/><U26/><E118/><V85/><F103/><W46/><G46/><T112/><D69/><U35/><E35/><V30/><F75/><W76/><G104/><T29/><D29/><U37/><E37/><V18/><F42/><W100/><G77/><T132/><D132/><U5/><E117/><V61/><F63/><W16/><G76/><T133/><D133/><U125/><E125/><V87/><F67/><W49/><G49/><T66/><D19/><U9/><E109/><V134/><F134/><W74/><G74/><T34/><D34/><U116/><E116/><V22/><F30/><W48/><G48/><T70/><D119/><U68/><E68/><V107/><F107/><W101/><G101/><N who="0" m="62631" /><D112/><U135/><E135/><V65/><F65/><W51/><G51/><T41/><D41/><U8/><E55/><V89/><F90/><W98/><G98/><T27/><D27/><U73/><E91/><V111/><F111/><W62/><G62/><T82/><D82/><U94/><E79/><V17/><F28/><W36/><G36/><AGARI ba="0,0" hai="36,40,45,50,53,57,60,66,70,128,131" m="62631" machi="36" ten="30,1000,0" yaku="24,1" doraHai="123" who="0" fromWho="3" sc="360,10,78,0,207,0,355,-10" owari="370,47.0,78,-42.2,207,-19.3,345,14.5" /></mjloggm>