<mjloggm ver="2.3"><GO type="41" lobby="0"/><UN n0="%E2%93%9D%4C%75%63%6B%79%4A" n1="%E3%81%8B%E3%81%93%E3%81%A8%E3%82%93" n2="%E3%83%AD%E3%82%A4%E3%83%87%E3%82%A3" n3="%E5%85%8E%E3%81%A8%E4%BA%80" dan="13,15,14,15" rate="1826.23,1985.26,1889.10,2003.07" sx="M,M,M,M"/><TAIKYOKU oya="0"/><INIT seed="0,0,0,3,0,76" ten="250,250,250,250" oya="0" hai0="134,116,29,48,114,107,30,79,95,35,78,44,135" hai1="93,118,86,49,33,32,80,85,92,84,106,51,56" hai2="15,69,5,57,1,24,112,47,121,82,3,73,99" hai3="101,90,10,68,91,38,12,17,42,36,46,72,110"/><T105/><D116/><U60/><E118/><V28/><F121/><W64/><G110/><T41/><D95/><U31/><E106/><N who="0" m="40457" /><D114/><U81/><E31/><N who="0" m="11785" /><D35/><U21/><E21/><V55/><F112/><W120/><G120/><T124/><D124/><U74/><E74/><V88/><F69/><W16/><G72/><T98/><D98/><U89/><E32/><V22/><F47/><W66/><G38/><T6/><D6/><U103/><E33/><V61/><F15/><W126/><G126/><T23/><D23/><U63/><E103/><V34/><F34/><W65/><G101/><T27/><D27/><U43/><E43/><V40/><F40/><W122/><G122/><T111/><D111/><U71/><E71/><V108/><F108/><W117/><G117/><T115/><D115/><U125/><E125/><V113/><F113/><W62/><REACH who="3" step="1"/><G17/><REACH who="3" ten="250,250,250,240" step="2"/><T100/><D100/><U18/><E18/><V11/><F73/><W97/><G97/><T77/><D135/><U109/><E109/><V4/><F99/><W123/><G123/><T20/><D134/><U37/><E37/><V130/><F130/><W128/><G128/><T39/><D39/><U50/><E86/><N who="2" m="50263" /><F1/><W45/><G45/><T131/><D131/><U96/><E96/><V25/><F3/><W119/><G119/><T26/><D44/><U58/><E49/><V127/><F127/><W59/><G59/><T0/><D0/><U133/><E133/><V83/><F25/><W9/><G9/><T8/><D8/><U102/><E102/><V87/><F11/><W104/><G104/><T52/><D26/><RYUUKYOKU ba="0,1" sc="250,-30,250,10,250,10,240,10" hai1="50,51,56,58,60,63,80,81,84,85,89,92,93" hai2="4,5,22,24,28,55,57,61,83,87" hai3="10,12,16,36,42,46,62,64,65,66,68,90,91" /><INIT seed="1,1,1,3,4,122" ten="220,260,260,250" oya="1" hai0="103,2,121,39,77,43,22,76,28,15,29,37,58" hai1="96,123,36,3,33,4,59,24,79,92,113,32,89" hai2="55,120,73,20,19,13,125,66,51,38,86,128,49" hai3="97,42,105,82,94,17,70,71,115,27,23,133,54"/><U5/><E123/><V100/><F73/><W72/><G105/><T119/><D2/><U93/><E36/><V99/><F38/><W60/><G115/><T85/><D121/><U74/><E113/><V11/><F120/><W25/><G42/><T104/><D104/><U69/><E69/><V106/><F125/><W124/><G124/><T57/><D103/><U52/><E3/><V84/><F128/><W61/><G133/><T64/><D64/><U34/><E24/><V83/><F66/><W67/><G27/><T112/><D85/><U21/><E21/><V41/><F20/><W109/><G72/><T98/><D98/><U7/><E93/><V62/><F84/><W53/><G82/><T75/><D75/><U45/><E45/><V1/><F1/><W26/><G61/><T90/><D22/><U30/><E30/><V8/><F8/><W111/><G26/><T101/><D101/><U31/><E31/><V108/><F41/><W78/><G78/><T46/><D43/><U63/><REACH who="1" step="1"/><E34/><REACH who="1" ten="220,250,260,250" step="2"/><V87/><F106/><W110/><REACH who="3" step="1"/><G71/><REACH who="3" ten="220,250,260,240" step="2"/><T48/><D112/><U50/><E50/><V131/><F51/><W12/><G12/><T80/><D15/><U47/><E47/><V116/><F49/><W134/><G134/><T126/><D46/><U91/><E91/><AGARI ba="1,3" hai="17,23,25,53,54,60,67,70,91,94,97,109,110,111" machi="91" ten="40,8000,1" yaku="1,1,14,1,52,3,53,0" doraHai="122" doraHaiUra="132" who="3" fromWho="1" sc="220,0,250,-83,260,0,240,113" /><INIT seed="2,0,0,2,0,135" ten="220,167,260,353" oya="2" hai0="25,130,12,31,87,133,129,128,91,73,43,96,1" hai1="106,54,107,13,113,97,110,108,50,0,92,131,115" hai2="11,23,124,120,93,7,68,8,72,64,33,109,15" hai3="117,35,48,19,74,41,118,32,63,49,20,5,16"/><V79/><F120/><W4/><G20/><T53/><D73/><U27/><E0/><N who="2" m="103" /><F93/><W56/><G56/><T119/><D133/><U18/><E27/><V89/><F89/><W126/><G63/><T88/><D1/><U14/><E131/><V99/><F99/><W60/><G60/><T42/><D119/><U121/><E121/><V81/><F23/><W2/><G2/><T52/><D12/><U36/><E36/><V55/><F55/><N who="0" m="21066" /><D96/><U132/><E132/><V30/><F15/><W38/><G41/><N who="0" m="15371" /><D87/><U82/><E82/><V114/><F11/><W69/><G74/><T10/><D10/><U17/><E50/><V46/><F114/><W65/><G65/><T58/><D58/><U26/><E54/><V37/><F109/><W62/><G62/><T21/><AGARI ba="0,0" hai="21,25,31,88,91,128,129,130" m="15371,21066" machi="21" ten="40,5200,0" yaku="19,1,54,2" doraHai="135" who="0" fromWho="0" sc="220,52,167,-13,260,-26,353,-13" /><INIT seed="3,0,0,1,0,132" ten="272,154,234,340" oya="3" hai0="73,27,6,77,95,22,99,124,38,96,108,94,15" hai1="61,111,71,18,36,106,57,44,70,78,26,131,91" hai2="41,97,122,25,23,75,133,102,62,134,3,115,129" hai3="116,100,40,54,64,81,63,17,8,127,117,98,88"/><W9/><G127/><T43/><D38/><U53/><E106/><V21/><F115/><W105/><G40/><T37/><D73/><U30/><E111/><V45/><F3/><W83/><G54/><T92/><D77/><U118/><E131/><V86/><F75/><W80/><G8/><T84/><D108/><U114/><E114/><V123/><F86/><W10/><G10/><N who="0" m="4567" /><D37/><U107/><E118/><V76/><F76/><W128/><G128/><T7/><D7/><U74/><E107/><N who="2" m="63951" /><F129/><W48/><G48/><T135/><D135/><N who="2" m="51722" /><F62/><W119/><G9/><T12/><D84/><U2/><E2/><V35/><F35/><W89/><REACH who="3" step="1"/><G17/><REACH who="3" ten="272,154,234,330" step="2"/><T50/><D50/><U42/><E18/><N who="2" m="12471" /><F23/><W24/><G24/><T46/><D27/><U113/><E113/><V13/><F13/><W31/><G31/><T87/><D12/><U39/><E26/><V69/><F123/><W66/><G66/><T67/><D67/><U60/><E30/><V90/><F122/><W109/><G109/><T49/><D49/><U120/><E120/><V4/><F4/><W55/><G55/><T47/><D43/><U68/><E36/><V104/><F41/><W33/><G33/><T51/><D51/><U103/><E61/><V34/><F34/><W11/><G11/><T16/><D16/><U85/><E60/><V72/><F45/><W110/><G110/><T5/><D5/><U93/><E53/><V112/><F112/><W29/><G29/><T58/><D47/><U126/><E126/><V20/><F20/><W1/><G1/><T121/><D121/><U14/><E44/><RYUUKYOKU ba="0,1" sc="272,-10,154,-10,234,-10,330,30" hai3="63,64,80,81,83,88,89,98,100,105,116,117,119" /><INIT seed="3,1,1,3,4,6" ten="262,144,224,360" oya="3" hai0="85,78,111,67,132,14,100,118,73,106,0,133,113" hai1="123,83,54,56,128,120,57,81,101,96,46,93,45" hai2="43,23,92,40,32,103,39,29,122,34,51,72,21" hai3="36,90,26,28,86,47,82,5,24,79,110,20,91"/><W80/><G110/><T125/><D67/><U35/><E35/><V64/><F72/><W121/><G121/><T107/><D0/><U104/><E128/><V87/><F39/><W108/><G108/><T97/><D111/><U74/><E104/><N who="0" m="39977" /><D14/><U126/><E126/><V19/><F64/><W41/><G5/><T84/><D118/><U17/><E123/><V70/><F70/><W59/><G59/><T16/><D16/><U22/><E120/><V69/><F69/><W112/><G112/><T60/><D60/><U135/><E57/><V48/><F122/><W4/><G4/><T3/><D3/><U42/><E74/><V50/><F19/><W134/><G134/><N who="0" m="51819" /><D125/><U63/><E135/><V99/><F87/><W131/><G131/><T9/><D9/><U52/><E54/><V94/><F29/><W1/><G1/><T89/><D89/><U2/><E2/><V37/><F37/><W44/><G44/><N who="1" m="17002" /><E42/><V49/><F49/><W25/><REACH who="3" step="1"/><G91/><REACH who="3" ten="262,144,224,350" step="2"/><T13/><D113/><U18/><E18/><V8/><F43/><W129/><G129/><T55/><D55/><U10/><E10/><V124/><F40/><W119/><G119/><T98/><D100/><U65/><E65/><V58/><F103/><W53/><G53/><T38/><D38/><U7/><E7/><V11/><F124/><W88/><G88/><T62/><D62/><U75/><E75/><AGARI ba="1,2" hai="20,24,25,26,28,36,41,47,75,79,80,82,86,90" machi="75" ten="30,2900,0" yaku="1,1,7,1,53,0" doraHai="6" doraHaiUra="116" who="3" fromWho="1" sc="262,0,144,-32,224,0,350,52" /><INIT seed="3,2,0,0,0,133" ten="262,112,224,402" oya="3" hai0="95,26,105,2,56,32,108,23,88,5,89,46,60" hai1="110,123,129,67,57,59,9,14,53,61,8,80,38" hai2="111,87,65,15,93,40,29,97,54,106,99,131,48" hai3="70,76,81,126,102,22,41,130,77,58,114,78,7"/><W124/><G70/><T62/><D32/><U24/><E123/><V125/><F65/><W20/><G114/><T50/><D105/><U52/><E38/><V16/><F29/><W120/><G120/><T128/><D128/><U98/><E110/><V79/><F111/><W68/><G68/><T55/><D108/><U134/><E129/><V122/><F131/><W101/><G130/><T64/><D2/><U74/><E134/><V92/><F106/><W121/><G121/><T119/><D119/><U10/><E24/><V30/><F30/><W21/><G7/><T49/><D5/><U43/><E43/><V35/><F40/><W66/><G41/><T112/><D112/><U118/><E118/><V115/><F115/><W27/><G81/><T28/><D62/><U135/><E135/><V42/><F42/><W36/><G27/><T69/><D95/><U104/><E14/><V82/><F35/><W17/><G17/><T45/><D69/><U39/><E39/><V31/><F31/><W12/><G12/><T84/><D84/><U103/><REACH who="1" step="1"/><E59/><REACH who="1" ten="262,102,224,402" step="2"/><N who="2" m="33223" /><F122/><W71/><G36/><T47/><D47/><U75/><E75/><V18/><F15/><W94/><G71/><T109/><D109/><U86/><E86/><V1/><F87/><W37/><G37/><T117/><D117/><U73/><E73/><V113/><F113/><W72/><G72/><T11/><D11/><U91/><E91/><V90/><F90/><W34/><G58/><T6/><D6/><U96/><E96/><V132/><F97/><W85/><G85/><T83/><D83/><U127/><E127/><RYUUKYOKU ba="2,1" sc="262,15,102,15,224,-15,402,-15" hai0="23,26,28,45,46,49,50,55,56,60,64,88,89" hai1="8,9,10,52,53,57,61,67,74,80,98,103,104" /><INIT seed="4,3,1,4,4,48" ten="277,117,209,387" oya="0" hai0="105,121,89,84,18,4,30,33,114,77,71,7,127" hai1="56,9,43,120,104,90,58,94,37,110,31,11,130" hai2="72,57,96,74,119,80,116,23,118,35,25,108,62" hai3="103,67,29,109,102,63,41,40,26,93,8,0,66"/><T54/><D121/><U75/><E120/><V64/><F35/><W44/><G109/><T128/><D71/><U124/><E110/><V92/><F108/><W15/><G0/><T22/><D105/><U27/><E104/><V53/><F80/><W111/><G111/><T82/><D127/><U38/><E75/><V107/><F107/><W69/><G67/><T117/><D117/><U2/><E124/><V68/><F68/><W21/><G93/><T45/><D114/><U133/><E133/><V32/><F32/><W100/><REACH who="3" step="1"/><G44/><REACH who="3" ten="277,117,209,377" step="2"/><T34/><D45/><U99/><E130/><V65/><F65/><W12/><G12/><T85/><D128/><U16/><E2/><V47/><F47/><W131/><G131/><T135/><D135/><U122/><E122/><V95/><F64/><W3/><G3/><T101/><D34/><U97/><E43/><V49/><F95/><W59/><G59/><T42/><D33/><U60/><E58/><V61/><F61/><W20/><G20/><T88/><D22/><N who="1" m="13767" /><E99/><V19/><REACH who="2" step="1"/><F62/><REACH who="2" ten="277,117,199,377" step="2"/><W112/><G112/><T55/><D42/><U98/><E98/><V6/><F6/><AGARI ba="3,3" hai="6,8,15,21,26,29,40,41,63,66,69,100,102,103" machi="6" ten="40,1300,0" yaku="1,1,53,0" doraHai="48" doraHaiUra="81" who="3" fromWho="2" sc="277,0,117,0,199,-22,377,52" /><INIT seed="5,0,0,2,2,21" ten="277,117,177,429" oya="1" hai0="128,42,88,125,64,129,67,61,85,65,11,66,109" hai1="46,1,130,45,4,43,62,31,32,116,100,44,10" hai2="18,60,56,119,110,13,8,39,38,72,111,48,35" hai3="49,29,84,7,117,17,132,33,122,12,34,50,27"/><U70/><E116/><V36/><F119/><W9/><G122/><T79/><D79/><U77/><E130/><N who="0" m="50281" /><D109/><U102/><E77/><V69/><F72/><W120/><G120/><T108/><D108/><U25/><REACH who="1" step="1"/><E43/><REACH who="1" ten="277,107,177,429" step="2"/><V59/><F111/><W24/><G117/><T26/><D42/><U107/><E107/><V104/><F104/><W106/><G106/><T83/><D125/><U51/><E51/><V121/><F48/><W22/><G50/><T99/><D99/><U81/><E81/><V80/><F110/><W93/><G49/><T40/><D40/><U54/><E54/><V20/><F80/><W71/><G93/><T53/><D53/><U58/><E58/><V68/><F59/><W124/><G124/><T41/><D41/><U86/><E86/><V101/><F121/><W105/><G84/><T57/><D11/><U115/><E115/><V87/><F87/><W15/><G105/><T131/><D131/><U82/><E82/><V76/><F76/><W3/><G9/><T16/><D67/><AGARI ba="0,1" hai="1,4,10,25,31,32,44,45,46,62,67,70,100,102" machi="67" ten="40,3900,0" yaku="1,1,52,1,53,0" doraHai="21" doraHaiUra="95" who="1" fromWho="0" sc="277,-39,107,49,177,0,429,0" /><INIT seed="5,1,0,4,2,43" ten="238,156,177,429" oya="1" hai0="40,76,6,55,52,83,27,15,94,113,115,105,54" hai1="132,95,120,8,2,71,53,88,49,64,84,119,87" hai2="93,96,97,101,74,47,23,72,89,129,24,126,134" hai3="130,42,67,121,36,65,46,28,118,61,68,133,63"/><U32/><E120/><V33/><F33/><W131/><G121/><T1/><D105/><U11/><E119/><V18/><F134/><W111/><G111/><T45/><D94/><U37/><E37/><V20/><F126/><W35/><G133/><T58/><D15/><U10/><E132/><V14/><F129/><W57/><REACH who="3" step="1"/><G118/><REACH who="3" ten="238,156,177,419" step="2"/><T38/><D27/><AGARI ba="1,1" hai="27,28,35,36,42,46,57,61,63,65,67,68,130,131" machi="27" ten="40,5200,0" yaku="1,1,2,1,52,1,53,0" doraHai="43" doraHaiUra="103" who="3" fromWho="0" sc="238,-55,156,0,177,0,419,65" /><INIT seed="6,0,0,2,2,81" ten="183,156,177,484" oya="2" hai0="40,93,50,111,9,107,48,6,131,79,96,69,67" hai1="126,59,100,124,35,117,37,16,47,120,62,20,21" hai2="98,134,122,130,46,55,34,121,109,80,3,123,57" hai3="2,105,128,114,97,8,13,115,118,23,92,66,52"/><V74/><F34/><W125/><G118/><T7/><D111/><U12/><E117/><V72/><F3/><W70/><G105/><T88/><D131/><U108/><E108/><V14/><F109/><W63/><G2/><T51/><D107/><U90/><E35/><V77/><F130/><W73/><G128/><T106/><D106/><U11/><E120/><V56/><F134/><W68/><G73/><T85/><D69/><U89/><E100/><V132/><F132/><W53/><G70/><T102/><D67/><U32/><E32/><V110/><F110/><W0/><G0/><T45/><D79/><U104/><E104/><V95/><F72/><W135/><G135/><T38/><REACH who="0" step="1"/><D9/><REACH who="0" ten="173,156,177,484" step="2"/><U24/><E11/><V36/><F123/><W64/><G64/><T78/><D78/><U82/><E126/><V27/><F122/><W75/><G66/><T127/><D127/><U42/><E124/><V39/><F121/><W18/><G68/><T101/><D101/><U87/><E59/><V113/><F57/><W33/><G8/><T61/><D61/><U129/><E62/><V94/><F56/><W25/><G63/><T44/><D44/><U103/><E129/><V26/><F46/><W31/><G125/><T22/><D22/><U133/><E103/><V58/><F58/><W43/><G23/><T76/><D76/><N who="1" m="46535" /><E133/><V119/><F77/><W71/><G33/><T91/><D91/><N who="1" m="34827" /><E21/><V65/><F65/><W28/><G71/><T30/><D30/><U84/><E24/><V112/><F27/><W116/><G25/><T49/><N who="0" m="12288" /><DORA hai="5" /><T86/><D86/><AGARI ba="0,1" hai="12,16,20,37,42,47,84,86" m="34827,46535" machi="86" ten="30,8000,1" yaku="6,1,52,3,54,1" doraHai="81,5" who="1" fromWho="0" sc="173,-80,156,90,177,0,484,0" /><INIT seed="7,0,0,3,4,82" ten="93,246,177,484" oya="3" hai0="33,35,114,49,48,72,68,106,124,98,110,71,109" hai1="42,100,75,28,96,1,64,24,55,66,129,131,119" hai2="86,130,77,73,34,87,15,19,134,85,20,63,107" hai3="67,116,81,30,95,13,117,121,70,79,40,0,94"/><W74/><G0/><T37/><D72/><U128/><E75/><V62/><F34/><W125/><G121/><T12/><D12/><U25/><E119/><V102/><F134/><W2/><G2/><T112/><D98/><U23/><E1/><V59/><F130/><W50/><G30/><T18/><D18/><N who="1" m="12407" /><E55/><V101/><F107/><W103/><G125/><T122/><D122/><U126/><E42/><V135/><F135/><W93/><G103/><N who="2" m="39433" /><F73/><W47/><G13/><T113/><D106/><N who="1" m="63751" /><E126/><V5/><F5/><W9/><G9/><T92/><D124/><U123/><E123/><V118/><F118/><W14/><G14/><T57/><D92/><U132/><E132/><V76/><F63/><W120/><G120/><T108/><D37/><U46/><E46/><V105/><F105/><W54/><G40/><T84/><D84/><N who="2" m="21506" /><V56/><DORA hai="115" /><F56/><W78/><G117/><T21/><D21/><AGARI ba="0,0" hai="21,25,28,64,66,128,129,131" m="63751,12407" machi="21" ten="30,1000,0" yaku="19,1" doraHai="82,115" who="1" fromWho="0" sc="93,-10,246,10,177,0,484,0" owari="83,-41.7,256,5.6,177,-22.3,484,58.4" /></mjloggm>