<mjloggm ver="2.3"><GO type="41" lobby="0"/><UN n0="%E3%83%9D%E3%83%B3%E3%83%81%E2%80%95%E3%82%AB%E3%83%B3" n1="%E5%8C%97%E7%A0%82%E4%B8%89%E9%83%8E" n2="%65%6B%75%6E%35%30" n3="%E2%93%9D%4C%75%63%6B%79%4A" dan="13,13,13,18" rate="1844.78,1872.31,1903.96,2183.16" sx="M,M,M,M"/><TAIKYOKU oya="0"/><INIT seed="0,0,0,0,3,75" ten="250,250,250,250" oya="0" hai0="28,135,118,133,101,82,100,17,3,46,67,105,94" hai1="11,1,55,102,132,130,122,48,131,13,61,93,97" hai2="129,49,42,8,60,89,15,5,120,4,106,71,35" hai3="57,87,108,69,92,45,119,52,117,76,91,125,113"/><T50/><D118/><U25/><E122/><V22/><F120/><W77/><G69/><T53/><D3/><U123/><E123/><V99/><F35/><W109/><G45/><T54/><D28/><U88/><E1/><V72/><F72/><W127/><G113/><T86/><D105/><U124/><E25/><V68/><F129/><N who="1" m="49161" /><E61/><V84/><F5/><W80/><G119/><T7/><D7/><N who="1" m="3327" /><E124/><N who="3" m="47690" /><G117/><T38/><D38/><U65/><E65/><V95/><F22/><W0/><G0/><T59/><D67/><U37/><E37/><V44/><F60/><N who="3" m="35879" /><G80/><T30/><D30/><U43/><E43/><V70/><F106/><W56/><G56/><T103/><D17/><U107/><E132/><V110/><F110/><AGARI ba="0,0" hai="76,77,87,91,92,108,109,110" m="35879,47690" machi="110" ten="30,8000,1" yaku="14,1,18,1,52,2,54,1" doraHai="75" who="3" fromWho="2" sc="250,0,250,0,250,-80,250,80" /><INIT seed="1,0,0,3,4,3" ten="250,250,170,330" oya="1" hai0="51,102,71,117,59,128,95,121,108,5,45,76,81" hai1="14,100,126,93,92,122,30,88,41,101,10,68,86" hai2="77,94,55,106,124,19,130,31,64,114,42,120,52" hai3="118,12,60,17,109,26,98,65,82,83,4,6,23"/><U70/><E122/><V129/><F120/><W21/><G118/><T107/><D71/><U119/><E119/><V96/><F106/><W54/><G109/><T33/><D33/><U38/><E126/><V125/><F31/><W36/><G36/><T16/><D128/><N who="2" m="49258" /><F77/><W85/><G54/><N who="2" m="20521" /><F19/><W67/><G98/><T47/><D59/><U84/><E30/><V73/><F73/><W2/><G2/><T132/><D16/><U20/><E20/><V112/><F64/><N who="3" m="24651" /><G60/><T131/><D107/><U56/><E56/><V123/><F123/><W13/><G83/><T28/><D28/><U8/><E38/><V72/><F72/><W37/><G37/><T134/><D47/><U111/><E111/><V32/><F32/><W22/><G26/><T7/><D81/><U58/><E58/><V80/><F80/><W1/><G1/><T104/><D76/><U27/><E27/><V91/><F42/><W44/><G44/><T49/><D104/><U61/><E41/><V75/><F75/><W34/><G34/><T133/><D45/><U29/><E29/><V113/><AGARI ba="0,0" hai="91,94,96,112,113,114,124,125" m="20521,49258" machi="113" ten="40,5200,0" yaku="11,1,19,1,54,1" doraHai="3" who="2" fromWho="2" sc="250,-13,250,-26,170,52,330,-13" /><INIT seed="2,0,0,1,0,30" ten="237,224,222,317" oya="2" hai0="111,134,0,2,33,106,60,119,68,31,131,110,121" hai1="65,130,56,62,75,71,25,7,79,28,66,80,77" hai2="99,97,63,88,58,29,98,44,76,105,67,85,50" hai3="92,107,64,128,133,38,100,86,108,70,127,19,69"/><V13/><F76/><W82/><G38/><T21/><RYUUKYOKU type="yao9" ba="0,0" sc="237,0,224,0,222,0,317,0" hai0="0,2,21,31,33,60,68,106,110,111,119,121,131,134" /><INIT seed="2,1,0,5,2,114" ten="237,224,222,317" oya="2" hai0="5,57,88,53,106,27,132,134,40,30,55,129,117" hai1="49,98,29,34,125,8,83,122,46,99,72,39,21" hai2="116,68,97,100,17,48,93,113,65,84,32,25,3" hai3="69,80,24,12,7,81,123,115,45,22,64,38,20"/><V4/><F113/><W124/><G115/><T119/><D106/><U133/><E34/><V47/><F84/><W89/><G123/><T104/><D104/><U62/><E122/><V9/><F32/><W10/><G124/><T77/><D77/><U79/><E125/><V71/><F25/><W63/><G22/><N who="0" m="15735" /><D40/><U110/><E62/><V13/><F65/><W127/><G127/><T107/><D5/><U52/><E39/><V0/><F0/><W2/><G89/><T70/><D70/><U42/><E42/><V118/><F71/><W14/><G45/><T105/><D105/><U11/><E21/><V130/><F130/><W33/><G38/><T131/><D107/><U58/><E29/><V15/><F68/><W103/><G103/><T66/><D88/><U96/><E46/><V91/><F91/><W86/><G33/><T85/><D85/><U18/><E18/><V111/><F111/><W23/><G23/><T135/><D66/><U102/><E110/><V101/><F101/><W108/><G108/><T31/><D31/><U60/><E102/><V94/><F94/><W120/><G120/><T1/><D1/><U43/><E43/><V16/><F3/><W76/><REACH who="3" step="1"/><G81/><REACH who="3" ten="237,224,222,307" step="2"/><T109/><D109/><U54/><E83/><V50/><F47/><W92/><G92/><T78/><D78/><U56/><E79/><V26/><F93/><W90/><G90/><T19/><D131/><U6/><E11/><V59/><F9/><W44/><G44/><T121/><D129/><U67/><E8/><V36/><F100/><W73/><G73/><T82/><D121/><RYUUKYOKU ba="1,1" sc="237,-10,224,-10,222,-10,307,30" hai3="2,7,10,12,14,20,24,63,64,69,76,80,86" /><INIT seed="3,2,1,1,5,114" ten="227,214,212,337" oya="3" hai0="124,19,98,83,73,62,87,42,81,79,93,121,27" hai1="9,16,103,122,23,61,55,109,118,38,105,1,37" hai2="69,29,90,11,80,57,112,59,107,70,54,108,46" hai3="126,0,129,133,68,7,63,84,12,20,53,39,102"/><W120/><G120/><T76/><D121/><U117/><E122/><V128/><F112/><W72/><G72/><T14/><D124/><U111/><E103/><V43/><F107/><W88/><G39/><T100/><D42/><U77/><E105/><V13/><F29/><W78/><G0/><T74/><D62/><U30/><E77/><V47/><F128/><W130/><G78/><T123/><D123/><U17/><E30/><V49/><F108/><N who="1" m="41545" /><E9/><V99/><F47/><W115/><G115/><T64/><D64/><U110/><E1/><V97/><F69/><W116/><G102/><T131/><D131/><N who="3" m="50185" /><G133/><T35/><D87/><U92/><E92/><V60/><F70/><W24/><G126/><T3/><D3/><U4/><E4/><V2/><F2/><W67/><G53/><T75/><D75/><U135/><E135/><V50/><F80/><N who="3" m="49159" /><G12/><T28/><D14/><N who="1" m="9623" /><E17/><AGARI ba="2,1" hai="17,19,27,28,35,73,74,76,79,81,83,93,98,100" machi="17" ten="40,1300,0" yaku="9,1" doraHai="114" who="0" fromWho="1" sc="227,29,214,-19,212,0,337,0" /><INIT seed="4,0,0,0,0,132" ten="256,195,212,337" oya="0" hai0="79,47,9,14,94,21,129,29,76,62,100,32,133" hai1="15,122,46,56,113,108,34,107,128,119,38,97,61" hai2="104,87,59,50,124,83,112,64,17,110,78,106,88" hai3="25,93,49,134,90,92,135,73,60,4,5,20,65"/><T3/><D129/><U1/><RYUUKYOKU type="yao9" ba="0,0" sc="256,0,195,0,212,0,337,0" hai1="1,15,34,38,46,56,61,97,107,108,113,119,122,128" /><INIT seed="4,1,0,1,4,77" ten="256,195,212,337" oya="0" hai0="23,12,33,135,9,38,126,90,7,21,41,109,36" hai1="112,88,51,62,69,20,124,114,11,52,75,57,86" hai2="87,125,116,0,40,67,24,2,19,104,49,131,71" hai3="79,101,108,17,110,48,103,44,92,127,45,96,59"/><T83/><D109/><U28/><E75/><V35/><F104/><W22/><G127/><T121/><D33/><U4/><E124/><V81/><F125/><W111/><G79/><T63/><D121/><U6/><E28/><V82/><F40/><W85/><G103/><T78/><D135/><U97/><E97/><V115/><F49/><W10/><G10/><T3/><D41/><U14/><E20/><V117/><F131/><W102/><G102/><T16/><D63/><U8/><E69/><V119/><F115/><N who="1" m="44073" /><E62/><N who="2" m="40439" /><F87/><W13/><G85/><T113/><D113/><U43/><E43/><V91/><F91/><W47/><REACH who="3" step="1"/><G59/><REACH who="3" ten="256,195,212,327" step="2"/><T27/><D126/><U74/><E74/><V58/><F58/><W66/><G66/><T118/><D90/><U98/><E98/><V39/><F39/><W32/><G32/><T5/><D118/><U64/><E64/><V53/><F35/><W122/><G122/><T134/><D134/><U93/><E11/><V61/><F61/><W42/><AGARI ba="1,1" hai="13,17,22,42,44,45,47,48,92,96,101,108,110,111" machi="42" ten="30,2000,0" yaku="1,1,0,1,53,0" doraHai="77" doraHaiUra="70" who="3" fromWho="3" sc="256,-11,195,-6,212,-6,327,33" /><INIT seed="5,0,0,0,2,116" ten="245,189,206,360" oya="1" hai0="56,128,123,89,51,110,121,92,59,91,37,49,73" hai1="58,90,34,106,29,21,85,127,45,53,26,28,115" hai2="76,60,70,44,118,41,107,5,13,111,129,120,55" hai3="78,6,134,27,1,122,72,30,12,54,99,130,135"/><U81/><E106/><V80/><F118/><W86/><G86/><T132/><D37/><U117/><E117/><V74/><F111/><W112/><G54/><T4/><D110/><U43/><E127/><V8/><F107/><W100/><G12/><T93/><D132/><N who="3" m="50729" /><G112/><T105/><D4/><U82/><E115/><V22/><F129/><W57/><G57/><T68/><D105/><U109/><E109/><V131/><F131/><W50/><G50/><T133/><D133/><U88/><E34/><V20/><F120/><W77/><G72/><T61/><D73/><U42/><E29/><V38/><F70/><W16/><G122/><T14/><D14/><U11/><E11/><V94/><F94/><N who="3" m="58487" /><G16/><T7/><D7/><U10/><E10/><V15/><F15/><W47/><G47/><T19/><D19/><U102/><E102/><V65/><F55/><W46/><G46/><T33/><D128/><U18/><E18/><V96/><F96/><W103/><G103/><T17/><D17/><U9/><E9/><V98/><F98/><W67/><G67/><T113/><D113/><U101/><E101/><V75/><F74/><W63/><G63/><T108/><D108/><U97/><E45/><V52/><F52/><W40/><G40/><T66/><D61/><N who="1" m="36047" /><E81/><V3/><F13/><W62/><G62/><T95/><D68/><U25/><E25/><V31/><F31/><W125/><G130/><T124/><D123/><U119/><E119/><V24/><F24/><W126/><G27/><T32/><D121/><U48/><E48/><V2/><F2/><W35/><G1/><RYUUKYOKU ba="0,0" sc="245,-15,189,15,206,15,360,-15" hai1="21,26,28,42,43,82,85,88,90,97" hai2="3,5,8,20,22,38,41,44,60,65,75,76,80" /><INIT seed="5,1,0,2,0,6" ten="230,204,221,345" oya="1" hai0="122,102,18,34,107,118,103,73,0,80,16,4,97" hai1="84,23,30,63,36,3,87,88,70,71,43,123,42" hai2="35,20,119,132,2,83,67,133,40,49,68,31,82" hai3="86,77,61,46,58,64,33,100,44,106,79,129,26"/><U59/><E123/><V130/><F119/><W108/><G108/><T15/><D118/><U101/><E101/><V81/><F35/><W51/><G46/><T47/><D103/><U21/><E3/><V124/><F124/><W114/><G114/><T62/><D34/><U10/><E36/><V53/><F40/><W25/><G129/><T135/><D135/><N who="2" m="51786" /><F130/><W66/><G66/><T41/><D62/><U32/><E32/><V109/><F109/><W72/><G72/><T75/><D122/><U50/><E71/><V60/><F2/><W22/><G26/><T45/><D45/><U121/><E121/><V116/><F116/><W85/><G106/><T52/><D75/><U105/><E105/><V115/><F115/><W111/><G100/><T9/><D52/><N who="1" m="34279" /><E70/><V126/><F126/><W12/><G33/><T89/><D15/><U113/><E113/><V29/><F20/><N who="1" m="7753" /><E30/><V90/><F90/><W57/><G111/><T127/><D127/><U131/><E131/><V39/><F39/><W5/><G25/><T110/><D110/><U48/><E43/><V96/><F96/><W37/><G37/><N who="0" m="21935" /><D89/><U74/><E74/><V27/><F27/><W91/><G91/><T11/><D11/><U112/><E112/><V128/><F128/><W125/><G125/><T13/><D13/><U14/><E42/><V55/><F55/><N who="3" m="30183" /><G22/><T98/><D98/><U54/><E54/><V65/><F65/><W93/><G64/><T99/><D99/><U24/><E24/><V120/><F120/><W38/><G38/><T7/><D7/><N who="1" m="3423" /><E88/><V19/><F19/><W69/><G5/><RYUUKYOKU ba="1,0" sc="230,10,204,10,221,10,345,-30" hai0="0,4,9,16,18,73,80,97,102,107" hai1="48,50,84,87" hai2="29,31,49,53,60,67,68,81,82,83" /><INIT seed="5,2,0,3,0,102" ten="240,214,231,315" oya="1" hai0="27,43,116,65,61,120,104,32,62,80,35,100,79" hai1="22,108,14,94,107,77,105,118,0,47,21,109,53" hai2="8,15,101,134,88,133,17,86,122,42,58,52,11" hai3="70,84,5,36,33,91,56,26,57,99,45,28,114"/><U113/><E118/><V132/><F122/><W68/><G5/><T89/><D116/><U110/><E0/><V67/><F42/><W13/><G114/><T7/><D89/><U135/><E113/><V18/><F101/><W31/><G13/><T23/><D62/><U55/><E135/><V112/><F67/><W76/><G76/><T90/><D43/><U111/><N who="1" m="27648" /><DORA hai="41" /><U49/><E77/><V40/><F40/><W16/><G99/><T123/><D7/><U34/><E34/><V75/><F75/><W121/><G31/><T4/><D4/><U127/><E127/><V29/><F29/><W6/><G6/><T81/><D90/><U83/><E83/><N who="2" m="49247" /><F112/><W2/><G121/><N who="0" m="46667" /><D81/><U93/><E55/><V126/><F126/><W54/><G54/><T38/><D38/><U131/><E131/><V3/><F3/><W128/><G128/><T115/><D115/><U74/><E74/><V73/><F73/><W97/><G2/><T82/><D80/><U106/><E14/><V69/><F69/><W37/><G70/><N who="0" m="42287" /><D82/><U124/><E124/><V12/><F12/><W71/><G71/><T129/><D79/><U51/><E51/><N who="2" m="31007" /><F15/><W95/><G68/><T87/><D129/><U96/><E94/><V66/><F66/><W60/><G95/><T44/><D35/><U46/><E46/><V72/><F72/><W20/><G45/><T59/><D44/><U50/><E50/><V63/><F63/><W98/><G60/><T130/><D32/><U10/><E10/><AGARI ba="2,0" hai="8,10,11,17,18,132,133,134" m="31007,49247" machi="10" ten="30,3900,0" yaku="20,1,54,2" doraHai="102,41" who="2" fromWho="1" sc="240,0,214,-45,231,45,315,0" /><INIT seed="6,0,0,1,3,26" ten="240,169,276,315" oya="2" hai0="107,18,67,95,4,128,99,51,29,133,120,14,96" hai1="25,59,103,13,118,33,93,38,68,89,47,35,6" hai2="115,76,1,74,56,100,52,94,5,40,129,55,122" hai3="102,9,49,34,42,111,114,64,117,80,124,39,24"/><V54/><F122/><W46/><G117/><T70/><D120/><U16/><E118/><V23/><F40/><W22/><G34/><T8/><D70/><U7/><E68/><V90/><F100/><W75/><G111/><T104/><D67/><U71/><E71/><V2/><F129/><W123/><G124/><T45/><D99/><U83/><E35/><V98/><F115/><W72/><G64/><T32/><D133/><U37/><E103/><V65/><F23/><W63/><G63/><T86/><D86/><U62/><E83/><V50/><F5/><W73/><G114/><T121/><D128/><U132/><E132/><V17/><F17/><W43/><G9/><T27/><D121/><U57/><E57/><V127/><F127/><W113/><G102/><T53/><REACH who="0" step="1"/><D4/><REACH who="0" ten="230,169,276,315" step="2"/><U20/><E6/><V81/><F65/><W134/><G123/><T91/><AGARI ba="0,1" hai="8,14,18,27,29,32,45,51,53,91,95,96,104,107" machi="91" ten="20,8000,1" yaku="1,1,2,1,0,1,7,1,52,1,53,0" doraHai="26" doraHaiUra="126" who="0" fromWho="0" sc="230,90,169,-20,276,-40,315,-20" /><INIT seed="7,0,0,0,0,32" ten="320,149,236,295" oya="3" hai0="104,125,20,107,37,69,50,73,97,119,130,81,90" hai1="106,82,103,64,46,79,116,67,22,60,31,16,132" hai2="83,91,61,7,118,18,39,13,51,77,15,42,52" hai3="99,48,88,26,33,29,126,71,43,5,17,109,10"/><W127/><G71/><T75/><D37/><U110/><E110/><V53/><F118/><W96/><G17/><T2/><D69/><U92/><E106/><V115/><F115/><W68/><G68/><T19/><D119/><U56/><E116/><V54/><F91/><W14/><G109/><T74/><D2/><U72/><E132/><V105/><F105/><W123/><G123/><T85/><D125/><N who="3" m="47625" /><G88/><T102/><D130/><U76/><E76/><V4/><F39/><W129/><G129/><T35/><D50/><U87/><E46/><AGARI ba="0,0" hai="5,10,14,26,29,33,43,46,48,96,99" m="47625" machi="46" ten="30,1500,0" yaku="18,1" doraHai="32" who="3" fromWho="1" sc="320,0,149,-15,236,0,295,15" /><INIT seed="7,1,0,5,4,77" ten="320,134,236,310" oya="3" hai0="107,58,117,51,121,28,24,11,125,26,52,66,39" hai1="3,91,89,44,90,86,15,119,131,101,74,29,17" hai2="70,116,68,99,122,69,45,120,112,114,128,123,92" hai3="132,2,59,16,36,103,13,40,41,49,129,84,106"/><W73/><G73/><T83/><D121/><U1/><E74/><V71/><N who="2" m="17408" /><DORA hai="96" /><V38/><F116/><W5/><G36/><T94/><D107/><U0/><E29/><V21/><F21/><W95/><G2/><T88/><D39/><U102/><E44/><V134/><F92/><W133/><G5/><T76/><D11/><U63/><E63/><V37/><F99/><N who="3" m="61823" /><G129/><T110/><D110/><U43/><E43/><N who="2" m="22767" /><F38/><W6/><G6/><T115/><D115/><N who="2" m="44074" /><F134/><N who="3" m="51819" /><G95/><T93/><D93/><U42/><E42/><V127/><F127/><W64/><G84/><N who="0" m="48231" /><D66/><U111/><E111/><V22/><F22/><N who="3" m="11535" /><G49/><T23/><D125/><U79/><E131/><AGARI ba="1,0" hai="120,122,123,128,131" m="44074,22767,17408" machi="131" ten="70,8000,1" yaku="13,1,15,1,23,1,34,2" doraHai="77,96" who="2" fromWho="1" sc="320,0,134,-83,236,83,310,0" owari="320,42.0,51,-44.9,319,11.9,310,-9.0" /></mjloggm>