<mjloggm ver="2.3"><GO type="41" lobby="0"/><UN n0="%7A%61%77%61%63%6F" n1="%E3%83%99%E3%83%AA%E3%83%B3%E3%83%80" n2="%E3%81%9B%E3%83%BC%E3%81%8F%E3%82%93" n3="%E2%93%9D%4C%75%63%6B%79%4A" dan="15,14,15,18" rate="1977.58,1943.90,2012.39,2214.24" sx="M,M,M,M"/><TAIKYOKU oya="0"/><INIT seed="0,0,0,0,5,67" ten="250,250,250,250" oya="0" hai0="82,66,124,132,109,42,47,17,39,16,6,21,9" hai1="51,26,81,40,112,92,11,38,89,122,12,52,58" hai2="8,96,88,72,127,106,111,48,107,4,56,91,69" hai3="35,76,135,68,108,2,84,5,13,129,37,34,116"/><T77/><D109/><U87/><E122/><V85/><F72/><W23/><G37/><T54/><D132/><U14/><E112/><V125/><F111/><W31/><G76/><T120/><D120/><U130/><E130/><V64/><F96/><W93/><G84/><T20/><D124/><N who="2" m="47690" /><F48/><W133/><G93/><T131/><D131/><U43/><E38/><V119/><F56/><W74/><G74/><T63/><D54/><U27/><E14/><N who="2" m="5383" /><F119/><W25/><G116/><T134/><D134/><N who="3" m="51209" /><G129/><T90/><D90/><N who="2" m="34346" /><F85/><W49/><G49/><T15/><D21/><U99/><E40/><V3/><F3/><W36/><G36/><T7/><D20/><U103/><REACH who="1" step="1"/><E43/><REACH who="1" ten="250,240,250,250" step="2"/><V110/><F110/><W22/><G108/><T0/><D0/><U79/><E79/><V65/><F65/><W53/><G2/><T75/><REACH who="0" step="1"/><D6/><AGARI ba="0,1" hai="6,11,12,26,27,51,52,58,81,87,89,92,99,103" machi="6" ten="30,7700,0" yaku="1,1,7,1,8,1,54,1,53,0" doraHai="67" doraHaiUra="123" who="1" fromWho="0" sc="250,-77,240,87,250,0,250,0" /><INIT seed="1,0,0,2,5,95" ten="173,327,250,250" oya="1" hai0="48,54,77,1,71,73,110,61,25,117,19,27,119" hai1="0,125,78,114,111,134,112,33,124,31,36,28,83" hai2="26,74,66,49,135,87,91,120,2,18,8,132,3" hai3="116,115,109,16,23,96,70,58,60,69,29,10,63"/><U42/><E36/><V43/><F74/><W102/><G115/><N who="1" m="44074" /><E42/><V94/><F120/><W50/><G109/><T57/><D110/><U107/><E107/><V30/><F66/><W131/><G29/><N who="1" m="11338" /><E111/><V105/><F105/><W52/><G131/><T64/><D1/><U47/><E47/><V20/><F43/><W89/><G116/><T38/><D77/><U62/><E62/><V39/><F39/><W88/><G10/><T4/><D4/><U44/><E44/><V79/><F79/><W53/><G70/><T104/><D104/><U93/><E33/><V17/><F49/><W128/><G128/><T51/><D51/><U113/><N who="1" m="44082" /><U11/><DORA hai="86" /><E93/><V32/><F2/><W85/><G85/><T97/><D38/><U24/><E24/><V99/><F87/><W41/><G41/><T92/><D73/><U122/><E122/><V5/><REACH who="2" step="1"/><F32/><REACH who="2" ten="173,327,240,250" step="2"/><W126/><G50/><T34/><D34/><U80/><E78/><V106/><F106/><W59/><G69/><T67/><D67/><U35/><E35/><V127/><F127/><N who="1" m="48713" /><E134/><AGARI ba="0,1" hai="3,5,8,17,18,20,26,30,91,94,99,132,134,135" machi="134" ten="40,8000,1" yaku="1,1,20,1,52,2,53,0" doraHai="95,86" doraHaiUra="37,75" who="2" fromWho="1" sc="173,0,327,-80,240,90,250,0" /><INIT seed="2,0,0,5,4,104" ten="173,247,330,250" oya="2" hai0="23,39,75,91,117,135,27,30,130,56,78,16,114" hai1="115,41,92,52,21,105,61,125,126,33,14,35,19" hai2="72,34,118,2,7,49,84,96,121,116,124,6,22" hai3="44,87,50,90,80,25,94,132,107,134,86,29,70"/><V48/><F121/><W73/><G70/><T69/><D114/><U53/><E105/><V77/><F34/><W37/><G37/><T98/><D69/><U17/><E115/><V59/><F124/><N who="1" m="47721" /><E41/><V63/><F2/><W60/><G60/><T74/><D130/><U8/><E92/><V79/><F96/><W45/><G107/><T127/><D127/><U89/><E89/><V3/><F3/><W54/><G45/><T36/><D135/><N who="3" m="51753" /><G25/><T133/><D133/><U43/><E43/><V40/><F84/><N who="3" m="52551" /><G29/><T85/><D117/><U12/><E61/><V82/><F79/><AGARI ba="0,0" hai="44,50,54,73,79,80,86,87" m="52551,51753" machi="79" ten="30,2000,0" yaku="20,1,52,1" doraHai="104" who="3" fromWho="2" sc="173,0,247,0,330,-20,250,20" /><INIT seed="3,0,0,0,2,99" ten="173,247,310,270" oya="3" hai0="124,78,8,55,57,68,88,59,116,135,92,13,115" hai1="47,38,39,54,24,27,74,42,17,133,31,104,75" hai2="52,84,126,50,65,118,70,45,129,30,119,53,2" hai3="73,11,101,80,37,83,123,93,121,29,22,127,71"/><W48/><G37/><T58/><D116/><U105/><E133/><V15/><F2/><W63/><G71/><T96/><D135/><U89/><E54/><V109/><F109/><W12/><G73/><T16/><D124/><U106/><E89/><V18/><F126/><W6/><G127/><T36/><D115/><U20/><REACH who="1" step="1"/><E39/><REACH who="1" ten="173,237,310,270" step="2"/><V94/><F119/><W102/><G123/><T4/><D36/><U97/><E97/><V100/><F118/><W35/><G121/><T9/><D78/><U114/><E114/><V34/><F53/><W77/><G77/><T41/><D41/><U40/><E40/><V108/><F108/><W51/><G51/><T62/><REACH who="0" step="1"/><D68/><REACH who="0" ten="163,237,310,270" step="2"/><U28/><E28/><V3/><F70/><W7/><G29/><T132/><D132/><U117/><E117/><V14/><F30/><W122/><G122/><T82/><D82/><U44/><E44/><V69/><F69/><W43/><G43/><T86/><D86/><U72/><E72/><V49/><F84/><W98/><G83/><T112/><D112/><U1/><E1/><AGARI ba="0,2" hai="1,4,8,9,13,16,55,57,58,59,62,88,92,96" machi="1" ten="30,7700,0" yaku="1,1,7,1,54,2,53,0" doraHai="99" doraHaiUra="64" who="0" fromWho="1" sc="163,97,237,-77,310,0,270,0" /><INIT seed="4,0,0,2,0,44" ten="260,160,310,270" oya="0" hai0="96,7,105,113,23,12,102,64,135,53,71,76,15" hai1="86,69,32,119,18,89,45,127,116,111,118,124,134" hai2="133,30,48,65,34,46,83,79,85,99,78,56,106" hai3="120,77,88,61,59,19,101,51,5,104,36,100,107"/><T68/><D113/><U74/><E69/><V6/><F133/><W8/><G36/><T16/><D135/><U14/><E134/><V97/><F106/><W40/><G77/><T17/><D7/><U37/><E74/><V35/><F79/><W9/><G120/><T91/><D76/><U125/><E32/><V62/><F35/><W33/><G33/><T131/><D131/><U87/><E111/><V92/><F34/><W0/><G107/><T80/><D64/><U20/><REACH who="1" step="1"/><E89/><REACH who="1" ten="260,150,310,270" step="2"/><V109/><F109/><W57/><G88/><T128/><D128/><U70/><E70/><V121/><F121/><W94/><G104/><T73/><D73/><U98/><E98/><V11/><F99/><W114/><G101/><T93/><D105/><U117/><N who="1" m="29696" /><DORA hai="82" /><U28/><E28/><V54/><F97/><W84/><G100/><T47/><D71/><U115/><E115/><V38/><F30/><W43/><G114/><T27/><D68/><U132/><E132/><V90/><F78/><W29/><G29/><T123/><D123/><U50/><E50/><V13/><REACH who="2" step="1"/><F38/><REACH who="2" ten="260,150,300,270" step="2"/><W21/><G51/><T39/><D39/><U49/><E49/><V41/><F41/><AGARI ba="0,2" hai="14,18,20,37,41,45,86,87,124,125,127" m="29696" machi="41" ten="80,8000,1" yaku="1,1,18,1,52,2,53,0" doraHai="44,82" doraHaiUra="58,110" who="1" fromWho="2" sc="260,0,150,100,300,-80,270,0" /><INIT seed="5,0,0,2,3,59" ten="260,250,220,270" oya="1" hai0="99,124,12,30,19,33,22,47,63,20,125,77,34" hai1="112,16,6,72,9,68,76,5,54,51,73,108,134" hai2="102,111,14,18,80,42,0,53,87,67,133,83,105" hai3="101,123,26,70,2,58,97,36,117,106,4,100,130"/><U44/><E112/><V35/><F0/><W122/><G70/><T98/><D77/><U49/><E68/><V84/><F111/><W119/><G36/><T93/><D47/><U45/><E108/><V82/><F35/><W38/><G38/><T120/><D120/><N who="3" m="46121" /><G26/><N who="0" m="16711" /><D63/><U110/><E110/><V121/><F133/><W78/><G58/><T115/><D115/><U85/><E134/><V39/><F121/><W129/><G78/><T86/><D86/><U37/><E37/><V8/><F67/><W96/><G4/><T1/><D1/><U131/><E131/><N who="3" m="50186" /><G2/><T71/><D71/><U40/><E73/><V27/><F53/><W32/><G32/><N who="0" m="12395" /><D93/><AGARI ba="0,0" hai="93,96,97,100,101,106,117,119" m="50186,46121" machi="93" ten="30,3900,0" yaku="19,1,34,2" doraHai="59" who="3" fromWho="0" sc="260,-39,250,0,220,0,270,39" /><INIT seed="6,0,0,5,1,88" ten="221,250,220,309" oya="2" hai0="17,29,19,100,97,118,96,0,63,52,14,95,132" hai1="78,115,26,41,94,21,81,27,20,129,36,37,73" hai2="111,16,83,119,3,13,125,5,102,60,42,67,114" hai3="69,38,74,49,127,32,53,7,25,110,58,8,104"/><V56/><F119/><W82/><G69/><T45/><D132/><U85/><E115/><V9/><F114/><W134/><G104/><T28/><D118/><U84/><E129/><V4/><F125/><W135/><G38/><T39/><D0/><U103/><E73/><V126/><F126/><W80/><G110/><T101/><D39/><U86/><E37/><V48/><F111/><W33/><G25/><T89/><D19/><N who="1" m="12575" /><E41/><V121/><F121/><W117/><G117/><T72/><D72/><U51/><E51/><V120/><F120/><W116/><G116/><T113/><D113/><U87/><E36/><V64/><F102/><N who="0" m="39530" /><D97/><N who="1" m="59831" /><E84/><V76/><F67/><W10/><G74/><T30/><D63/><U18/><AGARI ba="0,0" hai="18,21,27,78,81,85,86,87" m="59831,12575" machi="18" ten="30,2000,0" yaku="8,1,52,1" doraHai="88" who="1" fromWho="1" sc="221,-5,250,20,220,-10,309,-5" /><INIT seed="7,0,0,1,3,82" ten="216,270,210,304" oya="3" hai0="110,34,132,122,57,97,19,68,81,20,18,114,50" hai1="113,121,33,1,14,13,124,105,128,117,39,75,17" hai2="123,104,87,59,43,70,36,133,42,130,62,6,89" hai3="77,7,86,66,93,111,29,103,16,63,4,119,54"/><W55/><G29/><T58/><D110/><U112/><E17/><V25/><F104/><W64/><G119/><T131/><D122/><U67/><E14/><V76/><F130/><W71/><G111/><T99/><D68/><U48/><E13/><V115/><F115/><W10/><G66/><T47/><D131/><U9/><E48/><V69/><F133/><W84/><G77/><T72/><D132/><U94/><E94/><V8/><F123/><W46/><G16/><T108/><D108/><U61/><E61/><V44/><F43/><W78/><G78/><T95/><D34/><U83/><E83/><V27/><F76/><W23/><G23/><T24/><D81/><U52/><E52/><N who="3" m="20010" /><G46/><T80/><D72/><U0/><E9/><V126/><F126/><W90/><G103/><T21/><D114/><U60/><E113/><V125/><F125/><W98/><G10/><T32/><D32/><U96/><E112/><V2/><F27/><W15/><G15/><N who="0" m="9311" /><D80/><U65/><E121/><V79/><F79/><W12/><G12/><T49/><D99/><U129/><E96/><V73/><F73/><W5/><G71/><T40/><D49/><U107/><E124/><V101/><F101/><AGARI ba="0,0" hai="19,21,24,40,47,50,57,58,95,97,101" m="9311" machi="101" ten="30,1000,0" yaku="8,1" doraHai="82" who="0" fromWho="2" sc="216,10,270,0,210,-10,304,0" owari="226,-17.4,270,7.0,200,-30.0,304,40.4" /></mjloggm>